4936 6658
645 717 707 784 426
1320 717 1557 782 thenasmus,

697 929 1038 1015 Mazoweckl,
1069 952 1243 1014 mrcnsnn,
1275 933 1440 1026 acceptus
1470 929 1507 1001 in
1535 929 1748 1004 Societatem
1776 951 1870 1002 anno
1907 929 2015 1006 1636.
2046 928 2194 1025 Scripsit
2224 927 2271 1002 de

647 1041 752 1118 officii
770 1041 892 1116 Divini
908 1065 1019 1139 penso
1035 1043 1102 1117 rite
1119 1041 1348 1116 absolvendo.

697 1190 981 1279 Milewski,
1001 1214 1201 1277 suasanus,
1229 1190 1422 1277 Masovita,
1451 1199 1616 1288 acceptus
1641 1191 1678 1265 in
1695 1191 1907 1266 Societatem
1924 1214 2018 1264 anno
2035 1189 2142 1276 1636,
2157 1191 2279 1263 100011

648 1301 875 1391 rhetoricam,
890 1303 1162 1399 philosophiam,
1179 1311 1215 1378 et
1226 1303 1711 1398 theologiamscholasticam.
1729 1305 1879 1400 Scripsit
1886 1305 1931 1378 de
1939 1303 2104 1376 laudibus
2119 1301 2279 1376 Ladislai

648 1417 798 1501 Komar,
826 1416 957 1512 judicis
977 1416 1231 1490 Osmianensis.
1252 1416 1330 1488 Lib.
1353 1416 1390 1488 in
1412 1424 1551 1511 quarto,
1571 1417 1665 1513 typis
1700 1415 1884 1490 Vilnens.:
1911 1415 2006 1488 Obiit
2025 1414 2157 1498 Vilnae,
2181 1437 2276 1488 anno

648 1527 809 1610 Lituanis
828 1525 1016 1624 pestilenti.
1042 1527 1148 1601 1657.

699 1688 1159 1775 Mlodzianowski,
1194 1669 1377 1774 annanas,
1414 1690 1589 1764 Lituanus
1622 1711 1665 1763 ex
1698 1687 1916 1784 provinciola
1950 1687 2139 1774 caunensi,
2171 1695 2279 1761 natus

506 1857 507 1862 ,
649 1823 744 1875 anno
773 1801 881 1888 1626,
897 1801 1081 1896 ingressus
1099 1800 1311 1875 Societatem
1330 1799 1438 1886 1641,
1458 1800 1568 1874 edidit
1582 1799 1693 1874 libros
1714 1825 1722 1873 :

646 1933 803 2019 Suppetiae
816 1935 971 2002 militares
985 1953 1021 2001 ex
1036 1934 1117 2002 divis
1131 1933 1255 2001 Polonae
1268 1935 1469 2019 hituanaeqne
1482 1934 1586 2020 gentis
1599 1933 1801 2002 tutelaribus.

645 2029 825 2097 Domestica
843 2030 985 2097 Ducatus
999 2029 1178 2116 Samogitiae
1193 2021 1386 2104 ornamenta,
1402 2030 1467 2114 typ.
1481 2029 1745 2096 Mittariensibus.

693 2174 1107 2264 Modzielewskl,
1131 2199 1341 2265 zaonsams,
1362 2176 1555 2263 Masonita,
1570 2183 1677 2252 natus
1698 2176 1805 2262 1648,
1824 2183 1984 2251 mortuus
2001 2177 2106 2252 1710.
2126 2176 2280 2275 Scripsit

644 2289 769 2385 lingua
781 2287 944 2386 polonica

647 2425 738 2492 Vitas
749 2424 881 2491 Patrnm
894 2422 1150 2492 venerabilium:
1165 2421 1308 2489 Marcelli
1323 2421 1636 2504 Mastrilli,(}onsalvi
1650 2423 1804 2509 sylveriae,
1814 2426 1938 2494 1110111
1951 2427 2283 2514 0160011611,Μο1011

685 2519 731 2587 Ia
749 2519 849 2600 Nune,
865 2518 953 2586 Petri
966 2519 1095 2596 Oanisii,
1119 2518 1249 2585 Roberti
1273 2517 1477 2597 Bellarmini,
1491 2518 1620 2604 Josephi
1633 2521 1805 2601 Anchieta,
1822 2525 1881 2590 010.

693 2637 1110 2742 Murzynowski,
1139 2659 1340 2725 10000100,
1362 2639 1556 2723 Μ6001116,
1573 2641 1611 2712 10
1624 2641 1836 2716 Societatem
1870 2645 2280 2742 ann01635aggrega-

646 2754 865 2838 tuscalluit,
885 2759 1015 2848 praeter
1026 2752 1175 2848 patriam
1187 2759 1222 2824 et
1234 2750 1396 2835 latinam,
1416 2751 1578 2847 linguas:
1595 2752 1811 2840 hebraicam,
1833 2777 2002 2850 graecam,
2022 2756 2279 2852 germanicam,

647 2865 877 2942 slavonicam.
902 2864 1084 2947 Vitebsco,
1105 2863 1192 2936 urbe
1210 2863 1355 2938 Russiae
1378 2865 1573 2949 Polonicae,
1594 2889 1687 2939 anno
1722 2867 1816 2942 1654
1842 2891 1862 2940 a
1882 2869 2041 2943 Moschis
2060 2879 2281 2968 expugnato,

646 2977 839 3053 salutarem
855 2975 991 3049 civibus
1009 2974 1083 3048 suis
1109 2975 1257 3048 daturus
1274 2979 1431 3072 operam,
1458 3001 1537 3051 cum
1562 2978 1665 3052 Socio
1690 2979 1732 3051 P.
1763 2980 1955 3054 Laurentio
1974 2982 2081 3055 Ceres
2106 2983 2200 3056 intra
2216 2983 2285 3056 do-

647 3093 768 3167 micilii
785 3092 839 3167 sui
857 3097 958 3186 septe
976 3111 1014 3164 se
1032 3091 1220 3174 continuit,
1235 3089 1317 3163 aliis
1334 3097 1431 3162 metu
1448 3089 1605 3172 hostium
1623 3089 1782 3185 dilapsis.
1805 3090 1935 3186 Captus
1952 3093 2075 3188 itaque
2090 3093 2285 3168 abductus·

646 3230 715 3304 que
743 3207 781 3279 in
810 3203 1041 3288 Moscoviam,
1074 3211 1180 3300 atque
1209 3203 1246 3275 in
1279 3209 1472 3276 extremam
1504 3202 1672 3298 abreptus
1707 3203 1936 3297 provinciam,
1969 3204 2082 3278 multa
2111 3207 2289 3280 sustinuit

646 3319 804 3406 sortitam
826 3314 1058 3389 schismaticis
1078 3316 1230 3387 maxime
1246 3315 1293 3387 ad
1311 3314 1580 3387 defectionema
1601 3313 1774 3412 religione
1800 3314 1976 3389 catholica
1992 3318 2216 3412 urgentibus.
2241 3319 2289 3391 In

648 3453 692 3506 ea
708 3427 938 3511 cercitudine,
957 3427 1112 3500 hostium
1130 3411 1238 3499 etiam
1255 3448 1399 3499 suorum
1412 3425 1564 3499 salutem
1582 3428 1740 3500 curabat.
1763 3429 1840 3508 Quo
1862 3429 1982 3524 plures
2000 3429 2044 3501 ad
2071 3430 2287 3524 religionem

647 3539 856 3619 catholicam
880 3538 1143 3634 agnoscendam
1161 3537 1344 3620 excitaret,
1360 3559 1470 3632 opera
1483 3537 1688 3612 Graecorum
1706 3539 1853 3612 Patrum
1867 3540 1906 3612 in
1931 3538 2148 3614 slavonicum
2165 3550 2286 3616 trans·

646 3652 740 3727 tulit.
762 3649 859 3725 Obiit
883 3649 1050 3722 aerumnis
1067 3648 1246 3724 confectus
1263 3654 1343 3744 post
1366 3670 1497 3720 annum
1520 3649 1625 3723 1657.
1647 3648 1806 3745 Reliquit
1822 3657 1998 3746 praeterea
2016 3651 2286 3748 Panegyricum

647 3786 739 3838 ase
773 3761 1009 3856 conscriptum
1038 3761 1199 3833 oratione
1228 3763 1357 3858 partim
1392 3763 1509 3836 soluta
1538 3763 1666 3859 partim
1704 3764 1816 3859 ligata
1851 3765 1895 3838 de
1930 3765 2096 3839 laudibus
2130 3767 2285 3863 Georgii

646 3874 849 3950 Hlebowicz
879 3871 1041 3969 praesidis
1068 3869 1388 3946 Smolenscensium
1419 3873 1585 3947 Palatini.
1617 3875 1801 3970 Inscripsit
1833 3874 2068 3971 opusculum:
2097 3877 2284 3974 Optimum

647 3987 803 4063 Severiae
829 3991 865 4058 et
888 3983 1012 4080 patriae
1033 3983 1235 4079 augurium.
1254 3984 1351 4058 Edit.
1371 3985 1464 4082 typis
1483 3985 1692 4060 academicis
1705 3985 1838 4082 Vilnae‚
1858 4010 1952 4060 anno
1969 3989 2076 4063 1643.

697 4145 1002 4232 Olszewski,
1021 4168 1185 4230 baconus,
1207 4147 1400 4232 Masonita
1421 4145 1532 4220 edidit
1549 4147 1735 4221 conciones
1750 4148 1793 4222 de
1810 4148 1917 4222 variis
1934 4149 2165 4245 argumentis.
2189 4151 2288 4227 Post

645 4272 795 4341 mortem
819 4260 959 4347 Jacobi,
980 4261 1108 4336 deinde
1127 4261 1298 4348 collectae,
1320 4283 1455 4335 recusae
1481 4267 1557 4357 typ.
1581 4258 1712 4346 Vilnae,
1738 4282 1798 4333 an.
1822 4259 1929 4334 1645.

692 4421 972 4526 Paprocki‚
993 4445 1118 4507 00000,
1139 4421 1331 4507 Masovita,
1348 4446 1392 4496 ex
1404 4421 1586 4518 provincia
1604 4421 1831 4508 Debrinensi,
1859 4421 2076 4518 theologiam
2104 4425 2283 4500 moralem

644 4539 851 4615 decennium
868 4532 1037 4631 explicuit
1058 4559 1065 4606 :
1092 4533 1368 4630 quinquennium
1387 4531 1574 4628 praelectus
1592 4529 1806 4607 scholarum.
1826 4533 1893 4606 Vir
1910 4533 2032 4608 multae
2049 4533 2279 4624 eruditionis,

641 4647 837 4748 praesertim
862 4646 898 4718 in
916 4644 1022 4720 rebus
1036 4645 1171 4742 patriis.
1188 4644 1298 4718 Rexit
1316 4644 1463 4727 Plociae,
1483 4642 1600 4738 ibique
1615 4654 1774 4720 mortuus
1792 4646 1837 4721 17
1854 4645 1970 4720 octob.
1994 4645 2101 4721 1657.
2122 4647 2282 4746 Scripsit

642 4765 804 4864 polonice
829 4761 954 4845 multa,
984 4783 1029 4836 ex
1055 4760 1184 4856 quibus
1209 4758 1371 4855 vulgavit
1394 4755 1488 4853 typis
1513 4779 1520 4828 :

642 4930 671 4994 1.
685 4926 731 4993 De
743 4920 934 4990 admirandis
961 4919 1073 5005 gratiis
1104 4919 1142 4985 B.
1166 4919 1205 4986 V.
1219 4918 1252 4984 in
1280 4915 1398 5001 templo
1549 4914 1671 5000 paratos
1685 4913 1725 5005 ad
1738 4915 1847 5000 typum
1874 4914 1971 4982 libros
1986 4916 2024 4983 de
2048 4918 2276 4988 stemmatibus

669 5016 869 5086 Ι(1601110001.
885 5015 976 5081 1652.
987 5017 1018 5081 2.
1036 5013 1081 5082 De
1091 5014 1209 5098 origine
1219 5012 1397 5079 stemmatis
1549 5012 1582 5078 et
1602 5011 1732 5078 familiis
1761 5015 1958 5098 equestribus
1973 5015 2135 5099 0101100106
2150 5017 2273 5086 Debri-

681 5110 855 5198 Grzymala,
876 5108 955 5176 ibid.
982 5109 1017 5176 in
1046 5107 1113 5176 001.
1128 5107 1186 5174 111.
1201 5109 1232 5174 3.
1255 5105 1399 5190 Reliquit
1548 5111 1668 5178 nensis.
