4930 6634
682 861 794 921 LIBER
819 859 987 922 OCTAVUS
1009 858 1227 940 (toto-roto).
1551 933 1560 952 ἢ
1731 857 1792 922 327

171 1046 247 1119 divo
266 1045 467 1120 scholarum
480 1046 619 1142 parenti
632 1068 696 1120 suo
710 1067 774 1142 pro
788 1045 972 1119 minervali
989 1047 1027 1118 ln
1044 1069 1108 1119 arc
1131 1045 1306 1141 deposuit.
1326 1045 1410 1118 Alia
1428 1047 1599 1142 ejusmodi
1624 1046 1665 1120 in·
1679 1046 1790 1120 dorni·
1819 1053 1885 1110 1⁶⁴⁰

170 1171 256 1244 ciliis
275 1171 365 1256 aliis,
385 1194 430 1244 ne
447 1168 617 1244 alteratur
630 1171 791 1252 satietas,
807 1178 992 1264 praetereo.
1242 1243 1248 1254 ,
1782 1211 1784 1218 <
1882 1227 1925 1286 w

217 1297 387 1369 Instituta
420 1316 533 1391 nuper
558 1293 714 1368 Polociae
738 1295 831 1370 1585
846 1295 1014 1368 Mariana
1039 1318 1059 1368 e
1088 1293 1302 1368 scholastica
1324 1295 1511 1391 juventute
1528 1293 1696 1366 sodalitas
1713 1316 1791 1388 pre-
1817 1298 1932 1365 Pilosa·

169 1423 258 1496 tioso
273 1422 405 1496 donata
423 1443 581 1506 munere,
601 1422 693 1494 divae
709 1421 867 1516 parentis
886 1419 1043 1514 Virginis
1069 1419 1237 1513 imagine,
1258 1418 1386 1491 divinis
1411 1419 1448 1492 in
1473 1419 1640 1491 mortales
1663 1418 1793 1493 celebri
1819 1390 1907 1516 {¹⁸3¹
1917 1387 1966 1514 ᾖ

168 1545 367 1630 beneficiis;
388 1568 492 1639 quam
506 1545 635 1617 nobilis
657 1537 832 1639 religione
848 1544 953 1615 etiam
979 1543 1123 1616 foemina
1140 1543 1175 1612 in
1194 1541 1343 1614 aedicula
1360 1565 1474 1625 sacra,
1504 1542 1646 1615 deserta
1664 1549 1699 1616 et
1715 1541 1794 1615 lati·
1818 1538 1883 1672 54:¹1¹?
1906 1537 1951 1594 Se

169 1678 299 1756 scente,
316 1669 535 1764 reparandas
548 1669 833 1765 circumspiciens
853 1667 1056 1762 parietinas,
1078 1667 1249 1762 objectam
1263 1667 1407 1759 reperit.
1429 1666 1523 1740 Luce
1542 1665 1690 1759 quadem
1703 1665 1794 1737 mira
1873 1633 1927 1672 um.

169 1793 289 1866 oculos
305 1793 441 1890 pariter
457 1801 493 1868 et
515 1793 668 1864 animum
696 1814 753 1864 res
779 1797 968 1887 conspecta
990 1790 1206 1888 perstrinxit.
1241 1790 1359 1863 Sensit
1384 1791 1538 1886 prudens
1556 1813 1594 1864 se
1624 1791 1793 1864 monitam

169 1917 212 1990 de
230 1916 435 1990 collocanda
448 1915 667 1994 reverentius
681 1915 849 2008 imagine,
871 1913 961 1988 banc
980 1916 1043 1987 illa
1068 1916 1105 1987 in
1117 1919 1223 1986 'suurn
1240 1917 1377 2011 accepit
1394 1917 1573 1991 conclave.
1593 1917 1684 1990 Aliis
1710 1919 1792 1992 inde
1912 1905 1914 1912 ⁴

169 2043 287 2118 statim
301 2042 450 2138 aliisque
463 2041 541 2137 ipsa
553 2063 632 2114 oum
645 2039 847 2114 domesticis
861 2039 986 2122 terreri
1000 2037 1173 2136 prodigiis
1186 2070 1194 2129 ;
1211 2045 1392 2139 exquibus
1408 2046 1547 2120 demum
1561 2045 1790 2129 intellectum,

169 2167 346 2240 nobiliore¹
356 2167 497 2266 signum
510 2166 576 2238 hoo
591 2166 737 2260 dignum
751 2187 830 2238 esse
843 2162 934 2235 loco.
956 2163 1080 2257 ltaque
1095 2166 1271 2239 translata
1285 2168 1477 2242 Polociam.
1883 2192 1915 2246 st

216 2290 372 2364 Arabus
388 2289 482 2362 laetis
507 2290 717 2362 revertimur
735 2287 780 2360 ad
797 2287 927 2370 tristia,
956 2285 1152 2382 iterumque
1177 2290 1398 2365 funeramus:
1425 2300 1508 2365 ante
1538 2292 1640 2378 alios,
1667 2293 1793 2388 palad
1818 2272 1966 2408 ffi’ssoffi

168 2439 251 2488 num
281 2411 524 2498 Smolensoiae,
558 2412 798 2485 Alexandrum
817 2412 1006 2484 Corvinum
1024 2413 1285 2502 Gosievslrium,
1308 2418 1418 2490 civem
1436 2419 1563 2515 patriae
1577 2427 1613 2492 et
1630 2420 1791 2493 omnibus
1816 2431 1966 2500 artemone

168 2541 270 2614 bonis
288 2563 417 2613 carum.
440 2537 515 2612 Res
533 2560 555 2610 a
572 2556 612 2611 se
629 2539 724 2610 domi
740 2538 912 2634 praeclare
929 2539 1134 2634 militiaeque
1150 2547 1264 2635 gestae
1279 2540 1407 2614 litteris
1425 2542 1531 2614 etiam
1544 2541 1791 2615 historicorum
1816 2516 1905 2642 ffi*

167 2665 213 2738 ad
240 2662 540 2736 immortalitatem
558 2669 775 2734 consecratae
793 2671 896 2749 sunt;
916 2663 1096 2757 inquibus
1114 2663 1234 2748 suain
1251 2665 1460 2738 Societatem
1478 2687 1617 2760 quoqne
1633 2672 1792 2739 nostram

168 2789 280 2884 digna
298 2787 513 2882 sempiterne
529 2787 700 2859 memoria
716 2787 814 2882 legas
829 2787 1019 2873 benefidae
1039 2788 1132 2860 inter
1148 2788 1227 2862 haec
1252 2796 1335 2861 sunt
1353 2789 1421 2862 duo
1448 2789 1648 2885 praecipua:
1679 2790 1791 2864 Colle·

168 2913 266 3006 ginrn
297 2911 506 2996 Smolensci,
527 2911 667 3004 magnis
698 2911 771 2982 suis
797 2911 975 2984 conditum
1001 2911 1138 3007 opibus,
1168 2920 1203 2985 et
1228 2920 1313 2985 nata
1343 2913 1426 2987 hinc
1453 2913 1612 2986 Vitebsci
1641 2913 1787 2988 colonia.

168 3036 309 3132 Dignus
334 3035 419 3109 item
444 3042 664 3131 posterorum
682 3037 864 3120 memoria,
896 3036 1050 3134 inclytus
1079 3037 1180 3110 factis
1209 3036 1418 3133 scriptisque
1446 3037 1608 3122 antistes,
1629 3037 1791 3112 Plocien-

167 3163 260 3235 sium
277 3161 475 3256 episcopus,
499 3159 699 3232 Stanislans
721 3159 967 3234 Lubienslrius.
1885 3229 1918 3283 38

216 3284 389 3380 Migravit
421 3282 479 3354 hic
509 3283 719 3355 meritorum
732 3282 870 3378 plenior
898 3305 1003 3378 quarn
1021 3284 1171 3370 dierum,
1191 3306 1284 3356 anno
1314 3281 1537 3378 pontificatus
1563 3281 1615 3355 soi
1645 3282 1793 3355 Plocen'-
1816 3264 1961 3363 nubilaret

168 3407 218 3480 sis
245 3408 350 3492 XIII,
371 3405 488 3479 estatis
507 3405 657 3479 LXVII.
689 3405 834 3479 Litteris
865 3378 959 3478 domi
989 3409 1182 3493 institutus,
1205 3409 1351 3502 jamque
1381 3406 1496 3478 civilis
1526 3407 1659 3500 peritus
1683 3405 1789 3501 juris,
1816 3401 1942 3519 {Imm

167 3531 395 3626 perficiendae
408 3530 578 3603 doctrinae
591 3529 707 3601 studio
720 3530 923 3603 academica
940 3539 1166 3604 externorum
1182 3531 1266 3604 visit
1278 3531 1477 3626 gymnasia.
1498 3527 1682 3601 Ercultior
1694 3529 1791 3616 inde,

168 3653 291 3728 oc‘ulos
308 3654 436 3726 civium
454 3633 495 3725 et
506 3653 643 3725 animos
661 3653 751 3726 inse
773 3655 959 3726 convertit.
981 3655 1149 3728 Certatim
1167 3655 1219 3726 illi
1245 3655 1462 3729 Stanislaum
1479 3653 1526 3726 ad
1545 3655 1747 3726 sacerdotia·
1759 3663 1796 3728 et

167 3778 313 3876 publica
325 3777 440 3850 officia
452 3776 613 3878 invitare.
635 3775 786 3848 Admisit
798 3777 869 3861 hic,
886 3799 994 3873 prope
1012 3777 1224 3873 compulsus,
1245 3776 1317 3849 alia
1330 3783 1410 3872 post
1426 3774 1498 3849 alia
1512 3798 1679 3848 munera:
1704 3776 1794 3871 infu-

167 3902 238 3990 las,
259 3903 507 3986 Tinccensem,
528 3899 818 3984 Irucetiriensem,
836 3900 1068 3986 Plocensem;
1089 3901 1181 3975 idem
1195 3902 1344 3974 antehac
1363 3901 1466 3996 regui
1483 3899 1792 3995 prorancellarius.

170 4026 371 4122 Episcopus
389 4023 502 4096 multa
518 4023 690 4119 praeclare
711 4023 874 4108 instituit,
895 4023 1024 4097 multos
1050 4025 1096 4096 ad
1112 4032 1266 4098 veterem
1285 4023 1455 4097 Ecclesiae
1473 4023 1693 4118 disciplinam
1710 4047 1793 4098 eru-

169 4149 264 4222 divit
273 4157 348 4222 tunt
376 4149 449 4221 suis
467 4147 648 4243 exemplis,
670 4154 745 4220 tum
763 4147 933 4220 bonorum
950 4150 1168 4245 pontificum,
1189 4147 1412 4221 Plocensium
1429 4148 1463 4218 in
1483 4145 1621 4240 primis;
1649 4167 1797 4240 quorum

168 4277 265 4356 acta,
285 4269 444 4342 imitator
461 4268 609 4365 elegans
622 4270 717 4342 idem
732 4278 768 4343 et
782 4273 943 4367 scriptor,
964 4272 1229 4347 commendavit.
1251 4271 1382 4344 Plociae
1399 4269 1568 4364 templum
1594 4269 1797 4344 cathedrale

167 4419 190 4469 e
208 4395 283 4468 suis
301 4394 415 4467 erexit
428 4394 615 4467 ruderibus
633 4403 669 4468 et
686 4397 890 4482 exornavit;
912 4398 1126 4492 chorumque
1143 4397 1286 4478 ibidem,
1309 4395 1368 4490 qui
1386 4393 1521 4466 diurnis
1537 4393 1641 4466 horis
1657 4401 1797 4467 noctur·
1859 4477 1862 4482 A
1958 4491 1963 4500 ι

167 4519 296 4614 nisque
315 4518 390 4592 Deo
407 4518 612 4612 psallerent,
635 4517 791 4591 ederem
808 4527 844 4592 et
860 4543 985 4592 novem
1003 4521 1244 4594 sacerdotibus
1262 4519 1425 4591 instituit.
1447 4516 1659 4591 Societatem
1677 4516 1800 4590 dilexit

166 4644 205 4716 in
225 4641 369 4715 modum
392 4642 497 4737 plane
526 4650 713 4738 paternum
736 4667 744 4713 :
765 4641 930 4717 laudator
943 4645 1020 4740 ejus
1038 4653 1073 4718 et
1090 4645 1168 4741 pius
1186 4643 1362 4716 defensor.
1384 4641 1548 4744 Inopiam
1560 4641 1800 4715 Pultouiensis

166 4765 321 4860 Collegii
342 4788 523 4837 nummum
548 4764 704 4837 millibus
732 4763 853 4838 decem
883 4765 1094 4842 sublevavit.
1114 4772 1154 4843 In
1172 4771 1243 4853 his,
1264 4770 1389 4864 quibus
1416 4766 1632 4841 eSocictate
1648 4766 1798 4841 familia·

164 4892 244 4964 rius
261 4889 443 4972 utebatur,
462 4889 529 4962 fuit
547 4890 705 4962 Mathias
723 4888 939 4976 Sarbievius,
969 4893 1005 4964 id
1024 4893 1114 4986 quod
1133 4868 1263 4967 litterae
1285 4894 1391 4966 etiam
1409 4914 1487 4964 suae
1520 4890 1613 4976 ultro
1640 4891 1799 4987 citropnc

162 5015 263 5088 datae
279 5013 495 5108 significant,
523 5013 627 5109 quale
656 5020 786 5107 praeter
811 5014 884 5086 alia
905 5014 993 5086 illud
1013 5016 1175 5090 Lubienii
1201 5017 1249 5090 ad
1265 5015 1438 5089 Mathiam
1467 5039 1476 5086 ε
1501 5041 1517 5074 ι
1538 5023 1708 5109 tanquam
1724 5037 1795 5088 non
1853 5035 1856 5042 ’

165 5169 183 5201 ι
208 5160 301 5209 unus
315 5159 358 5210 ex
372 5138 459 5209 meis
477 5158 586 5220 esses,
602 5137 653 5207 ita
671 5136 768 5220 siles,
790 5137 968 5225 Sarbievi;
990 5141 1119 5226 nescia,
1134 5164 1200 5214 nos
1217 5142 1361 5214 ultrices
1376 5137 1513 5212 decoris
1529 5137 1642 5211 nostri
1659 5137 1792 5212 habere

165 5291 183 5323 ι
206 5283 336 5335 manus
354 5267 390 5335 ct
407 5260 510 5335 bilem
530 5262 568 5334 in
594 5260 703 5332 nasot
721 5260 785 5334 sed
810 5284 878 5356 ego
899 5263 967 5336 hac
993 5285 1063 5336 non
1083 5271 1185 5351 utar3
1218 5288 1263 5340 ne
1292 5271 1432 5360 poetam
1455 5263 1604 5346 irritem,
1625 5263 1793 5335 namhoc
