<?xml version="1.0" encoding="UTF-8"?>
<!DOCTYPE html PUBLIC "-//W3C//DTD XHTML 1.0 Transitional//EN"
    "http://www.w3.org/TR/xhtml1/DTD/xhtml1-transitional.dtd">
<html xmlns="http://www.w3.org/1999/xhtml" xml:lang="en" lang="en">
 <head>
  <title>
</title>
<meta http-equiv="Content-Type" content="text/html;charset=utf-8" />
  <meta name='ocr-system' content='tesseract 3.04.00' />
  <meta name='ocr-capabilities' content='ocr_page ocr_carea ocr_par ocr_line ocrx_word'/>
</head>
<body>
  <div class='ocr_page' id='page_1' title='image "./lituanicarumsoc00rostgoog_0378.png"; bbox 0 0 4936 6658; ppageno 0'>
   <div class='ocr_carea' id='block_1_1' title="bbox 702 803 1786 884">
    <p class='ocr_par' dir='ltr' id='par_1_1' title="bbox 702 803 1786 884">
     <span class='ocr_line' id='line_1_1' title="bbox 702 803 1786 884; baseline 0.013 -22"><span class='ocrx_word' id='word_1_1' title='bbox 702 803 809 863; x_wconf 79' lang='lat' dir='ltr'><strong>arnan</strong></span> <span class='ocrx_word' id='word_1_2' title='bbox 832 803 991 867; x_wconf 78' lang='lat' dir='ltr'><strong>uncinus</strong></span> <span class='ocrx_word' id='word_1_3' title='bbox 1013 807 1222 884; x_wconf 74' lang='lat' dir='ltr'><strong>(roso-reor).</strong></span> <span class='ocrx_word' id='word_1_4' title='bbox 1268 869 1270 876; x_wconf 73' lang='grc'><strong>,</strong></span> <span class='ocrx_word' id='word_1_5' title='bbox 1728 811 1786 876; x_wconf 82' lang='lat'><strong>351</strong></span> 
     </span>
    </p>
   </div>
   <div class='ocr_carea' id='block_1_2' title="bbox 154 976 1990 5178">
    <p class='ocr_par' dir='ltr' id='par_1_2' title="bbox 160 976 1787 1085">
     <span class='ocr_line' id='line_1_2' title="bbox 160 976 1787 1085; baseline 0.014 -39"><span class='ocrx_word' id='word_1_6' title='bbox 160 978 267 1050; x_wconf 91' lang='lat' dir='ltr'><strong>tibus.</strong></span> <span class='ocrx_word' id='word_1_7' title='bbox 288 976 346 1049; x_wconf 87' lang='lat' dir='ltr'><strong>Ad</strong></span> <span class='ocrx_word' id='word_1_8' title='bbox 359 977 494 1051; x_wconf 82' lang='lat' dir='ltr'>cladem</span> <span class='ocrx_word' id='word_1_9' title='bbox 506 981 610 1054; x_wconf 90' lang='lat' dir='ltr'><strong>istam</strong></span> <span class='ocrx_word' id='word_1_10' title='bbox 625 983 718 1058; x_wconf 89' lang='lat' dir='ltr'><strong>adde</strong></span> <span class='ocrx_word' id='word_1_11' title='bbox 732 985 821 1058; x_wconf 93' lang='lat' dir='ltr'><strong>illud</strong></span> <span class='ocrx_word' id='word_1_12' title='bbox 834 989 941 1060; x_wconf 90' lang='lat' dir='ltr'><strong>etiam</strong></span> <span class='ocrx_word' id='word_1_13' title='bbox 954 1011 1025 1060; x_wconf 93' lang='lat' dir='ltr'><strong>non</strong></span> <span class='ocrx_word' id='word_1_14' title='bbox 1043 987 1121 1061; x_wconf 91' lang='lat' dir='ltr'><strong>leve</strong></span> <span class='ocrx_word' id='word_1_15' title='bbox 1134 987 1337 1085; x_wconf 88' lang='lat' dir='ltr'><strong>reipublicae</strong></span> <span class='ocrx_word' id='word_1_16' title='bbox 1355 989 1689 1075; x_wconf 85' lang='lat' dir='ltr'><strong>damnum,exustas</strong></span> <span class='ocrx_word' id='word_1_17' title='bbox 1702 1017 1787 1068; x_wconf 86' lang='lat' dir='ltr'><strong>casu</strong></span> 
     </span>
    </p>

    <p class='ocr_par' dir='ltr' id='par_1_3' title="bbox 157 1085 1949 1584">
     <span class='ocr_line' id='line_1_3' title="bbox 160 1085 1948 1226; baseline 0.009 -49"><span class='ocrx_word' id='word_1_18' title='bbox 160 1106 299 1177; x_wconf 84' lang='lat' dir='ltr'><strong>fodinas</strong></span> <span class='ocrx_word' id='word_1_19' title='bbox 325 1105 410 1179; x_wconf 91' lang='lat' dir='ltr'><strong>salis</strong></span> <span class='ocrx_word' id='word_1_20' title='bbox 427 1106 657 1209; x_wconf 75' lang='lat' dir='ltr'><strong>VielicenseS,</strong></span> <span class='ocrx_word' id='word_1_21' title='bbox 686 1113 901 1208; x_wconf 89' lang='lat' dir='ltr'><strong>praecipuum</strong></span> <span class='ocrx_word' id='word_1_22' title='bbox 928 1137 1030 1186; x_wconf 89' lang='lat' dir='ltr'><strong>suum</strong></span> <span class='ocrx_word' id='word_1_23' title='bbox 1062 1116 1179 1209; x_wconf 86' lang='lat' dir='ltr'><strong>gentis</strong></span> <span class='ocrx_word' id='word_1_24' title='bbox 1209 1113 1434 1201; x_wconf 90' lang='lat' dir='ltr'><strong>thesaurum;</strong></span> <span class='ocrx_word' id='word_1_25' title='bbox 1462 1122 1536 1187; x_wconf 93' lang='lat' dir='ltr'><strong>tum</strong></span> <span class='ocrx_word' id='word_1_26' title='bbox 1551 1117 1788 1225; x_wconf 18' lang='lat' dir='ltr'><strong>&#39;formidolosa</strong></span> <span class='ocrx_word' id='word_1_27' title='bbox 1810 1085 1948 1226; x_wconf 51' lang='lat' dir='ltr'><strong>fami,</strong></span> 
     </span>
     <span class='ocr_line' id='line_1_4' title="bbox 159 1229 1862 1333; baseline 0.008 -31"><span class='ocrx_word' id='word_1_28' title='bbox 159 1229 223 1302; x_wconf 89' lang='lat' dir='ltr'><strong>illa</strong></span> <span class='ocrx_word' id='word_1_29' title='bbox 236 1239 399 1327; x_wconf 87' lang='lat' dir='ltr'><strong>portenta</strong></span> <span class='ocrx_word' id='word_1_30' title='bbox 417 1257 424 1303; x_wconf 76' lang='grc' dir='ltr'><em>τ</em></span> <span class='ocrx_word' id='word_1_31' title='bbox 443 1242 628 1321; x_wconf 91' lang='lat' dir='ltr'><strong>cometam,</strong></span> <span class='ocrx_word' id='word_1_32' title='bbox 649 1237 833 1310; x_wconf 90' lang='lat' dir='ltr'><strong>rubentem</strong></span> <span class='ocrx_word' id='word_1_33' title='bbox 851 1239 952 1332; x_wconf 88' lang='lat' dir='ltr'><strong>quasi</strong></span> <span class='ocrx_word' id='word_1_34' title='bbox 966 1239 1153 1333; x_wconf 88' lang='lat' dir='ltr'><strong>sanguine,</strong></span> <span class='ocrx_word' id='word_1_35' title='bbox 1174 1245 1249 1311; x_wconf 91' lang='lat' dir='ltr'><strong>toto</strong></span> <span class='ocrx_word' id='word_1_36' title='bbox 1267 1239 1427 1311; x_wconf 80' lang='lat' dir='ltr'><strong>semestri</strong></span> <span class='ocrx_word' id='word_1_37' title='bbox 1441 1239 1609 1313; x_wconf 81' lang='lat' dir='ltr'><strong>mortales</strong></span> <span class='ocrx_word' id='word_1_38' title='bbox 1623 1243 1788 1314; x_wconf 88' lang='lat' dir='ltr'><strong>territan·</strong></span> <span class='ocrx_word' id='word_1_39' title='bbox 1813 1264 1862 1303; x_wconf 70' lang='lat' dir='ltr'><strong>na.</strong></span> 
     </span>
     <span class='ocr_line' id='line_1_5' title="bbox 157 1358 1949 1461; baseline 0.008 -33"><span class='ocrx_word' id='word_1_40' title='bbox 157 1365 253 1443; x_wconf 91' lang='lat' dir='ltr'><strong>tem;</strong></span> <span class='ocrx_word' id='word_1_41' title='bbox 269 1358 465 1450; x_wconf 78' lang='lat' dir='ltr'><strong>proluviem</strong></span> <span class='ocrx_word' id='word_1_42' title='bbox 478 1359 642 1444; x_wconf 69' lang='lat' dir='ltr'><strong>Vistula,</strong></span> <span class='ocrx_word' id='word_1_43' title='bbox 655 1362 842 1435; x_wconf 88' lang='lat' dir='ltr'><strong>Varsaviae</strong></span> <span class='ocrx_word' id='word_1_44' title='bbox 855 1361 1092 1458; x_wconf 81' lang='lat' dir='ltr'><strong>proximisque</strong></span> <span class='ocrx_word' id='word_1_45' title='bbox 1102 1363 1238 1458; x_wconf 88' lang='lat' dir='ltr'><strong>oppidis</strong></span> <span class='ocrx_word' id='word_1_46' title='bbox 1253 1362 1511 1436; x_wconf 86' lang='lat' dir='ltr'><strong>damnosiorem</strong></span> <span class='ocrx_word' id='word_1_47' title='bbox 1521 1388 1625 1458; x_wconf 92' lang='lat' dir='ltr'><strong>quam</strong></span> <span class='ocrx_word' id='word_1_48' title='bbox 1636 1390 1789 1461; x_wconf 90' lang='lat' dir='ltr'><strong>unquam</strong></span> <span class='ocrx_word' id='word_1_49' title='bbox 1814 1368 1949 1440; x_wconf 78' lang='lat' dir='ltr'><strong>Prodigia.</strong></span> 
     </span>
     <span class='ocr_line' id='line_1_6' title="bbox 160 1482 1792 1584; baseline 0.006 -30"><span class='ocrx_word' id='word_1_50' title='bbox 160 1482 264 1569; x_wconf 91' lang='lat' dir='ltr'><strong>alias;</strong></span> <span class='ocrx_word' id='word_1_51' title='bbox 294 1485 497 1579; x_wconf 88' lang='lat' dir='ltr'><strong>repentinas</strong></span> <span class='ocrx_word' id='word_1_52' title='bbox 523 1485 609 1558; x_wconf 86' lang='lat' dir='ltr'><strong>alibi</strong></span> <span class='ocrx_word' id='word_1_53' title='bbox 638 1487 766 1560; x_wconf 86' lang='lat' dir='ltr'><strong>aedium</strong></span> <span class='ocrx_word' id='word_1_54' title='bbox 795 1488 931 1572; x_wconf 91' lang='lat' dir='ltr'><strong>ruinas,</strong></span> <span class='ocrx_word' id='word_1_55' title='bbox 960 1489 1184 1584; x_wconf 88' lang='lat' dir='ltr'><strong>prodigiosas</strong></span> <span class='ocrx_word' id='word_1_56' title='bbox 1207 1488 1354 1570; x_wconf 90' lang='lat' dir='ltr'><strong>civibus,</strong></span> <span class='ocrx_word' id='word_1_57' title='bbox 1380 1490 1530 1562; x_wconf 83' lang='lat' dir='ltr'><strong>maxime</strong></span> <span class='ocrx_word' id='word_1_58' title='bbox 1549 1490 1792 1565; x_wconf 83' lang='lat' dir='ltr'><strong>Cracoviensis</strong></span> 
     </span>
    </p>

    <p class='ocr_par' dir='ltr' id='par_1_4' title="bbox 159 1607 1791 1706">
     <span class='ocr_line' id='line_1_7' title="bbox 159 1607 1791 1706; baseline 0.006 -28"><span class='ocrx_word' id='word_1_59' title='bbox 159 1607 255 1678; x_wconf 89' lang='lat' dir='ltr'><strong>illius</strong></span> <span class='ocrx_word' id='word_1_60' title='bbox 273 1607 479 1679; x_wconf 84' lang='lat' dir='ltr'><strong>decumanae</strong></span> <span class='ocrx_word' id='word_1_61' title='bbox 507 1616 632 1703; x_wconf 87' lang='lat' dir='ltr'><strong>portae,</strong></span> <span class='ocrx_word' id='word_1_62' title='bbox 660 1633 738 1704; x_wconf 87' lang='lat' dir='ltr'><strong>quae</strong></span> <span class='ocrx_word' id='word_1_63' title='bbox 757 1611 906 1706; x_wconf 86' lang='lat' dir='ltr'><strong>profana</strong></span> <span class='ocrx_word' id='word_1_64' title='bbox 924 1611 1062 1697; x_wconf 91' lang='lat' dir='ltr'><strong>dicitur,</strong></span> <span class='ocrx_word' id='word_1_65' title='bbox 1084 1621 1119 1685; x_wconf 90' lang='lat' dir='ltr'><strong>et</strong></span> <span class='ocrx_word' id='word_1_66' title='bbox 1137 1613 1246 1684; x_wconf 94' lang='lat' dir='ltr'><strong>turris</strong></span> <span class='ocrx_word' id='word_1_67' title='bbox 1263 1611 1416 1684; x_wconf 84' lang='lat' dir='ltr'><strong>Loviciae</strong></span> <span class='ocrx_word' id='word_1_68' title='bbox 1434 1612 1527 1686; x_wconf 91' lang='lat' dir='ltr'><strong>inter</strong></span> <span class='ocrx_word' id='word_1_69' title='bbox 1544 1615 1639 1686; x_wconf 89' lang='lat' dir='ltr'><strong>aedes</strong></span> <span class='ocrx_word' id='word_1_70' title='bbox 1656 1615 1791 1688; x_wconf 86' lang='lat' dir='ltr'><strong>archie-</strong></span> 
     </span>
    </p>

    <p class='ocr_par' dir='ltr' id='par_1_5' title="bbox 160 1729 1793 1830">
     <span class='ocr_line' id='line_1_8' title="bbox 160 1729 1793 1830; baseline 0.008 -30"><span class='ocrx_word' id='word_1_71' title='bbox 160 1730 295 1824; x_wconf 92' lang='lat' dir='ltr'><strong>piscopi</strong></span> <span class='ocrx_word' id='word_1_72' title='bbox 313 1729 528 1803; x_wconf 84' lang='lat' dir='ltr'><strong>Gnesnensis</strong></span> <span class='ocrx_word' id='word_1_73' title='bbox 550 1755 557 1802; x_wconf 92' lang='lat'><strong>:</strong></span> <span class='ocrx_word' id='word_1_74' title='bbox 580 1733 744 1806; x_wconf 88' lang='lat' dir='ltr'><strong>sudorem</strong></span> <span class='ocrx_word' id='word_1_75' title='bbox 770 1733 854 1826; x_wconf 83' lang='lat' dir='ltr'><strong>alibi</strong></span> <span class='ocrx_word' id='word_1_76' title='bbox 872 1735 1106 1829; x_wconf 89' lang='lat' dir='ltr'><strong>sanguineum</strong></span> <span class='ocrx_word' id='word_1_77' title='bbox 1134 1758 1153 1808; x_wconf 92' lang='lat' dir='ltr'><strong>e</strong></span> <span class='ocrx_word' id='word_1_78' title='bbox 1176 1736 1287 1829; x_wconf 84' lang='lat' dir='ltr'><strong>signis</strong></span> <span class='ocrx_word' id='word_1_79' title='bbox 1319 1735 1500 1821; x_wconf 69' lang='lat' dir='ltr'><strong>Duorum,</strong></span> <span class='ocrx_word' id='word_1_80' title='bbox 1530 1737 1668 1830; x_wconf 89' lang='lat' dir='ltr'><strong>qualem</strong></span> <span class='ocrx_word' id='word_1_81' title='bbox 1685 1739 1793 1813; x_wconf 88' lang='lat' dir='ltr'><strong>luisse</strong></span> 
     </span>
    </p>

    <p class='ocr_par' dir='ltr' id='par_1_6' title="bbox 160 1847 1793 1955">
     <span class='ocr_line' id='line_1_9' title="bbox 160 1853 1793 1955; baseline 0.008 -31"><span class='ocrx_word' id='word_1_82' title='bbox 160 1855 276 1926; x_wconf 83' lang='lat' dir='ltr'><strong>visum</strong></span> <span class='ocrx_word' id='word_1_83' title='bbox 295 1853 585 1950; x_wconf 83' lang='lat' dir='ltr'><strong>exploratumque</strong></span> <span class='ocrx_word' id='word_1_84' title='bbox 608 1857 727 1930; x_wconf 89' lang='lat' dir='ltr'><strong>multis</strong></span> <span class='ocrx_word' id='word_1_85' title='bbox 746 1859 781 1929; x_wconf 93' lang='lat' dir='ltr'><strong>in</strong></span> <span class='ocrx_word' id='word_1_86' title='bbox 799 1857 927 1953; x_wconf 93' lang='lat' dir='ltr'><strong>oppido</strong></span> <span class='ocrx_word' id='word_1_87' title='bbox 941 1859 1111 1954; x_wconf 84' lang='lat' dir='ltr'><strong>Ksionny‚</strong></span> <span class='ocrx_word' id='word_1_88' title='bbox 1134 1858 1306 1931; x_wconf 82' lang='lat' dir='ltr'><strong>Comitum</strong></span> <span class='ocrx_word' id='word_1_89' title='bbox 1324 1859 1657 1955; x_wconf 86' lang='lat' dir='ltr'><strong>Myszkovskiorum</strong></span> <span class='ocrx_word' id='word_1_90' title='bbox 1675 1865 1793 1938; x_wconf 86' lang='lat' dir='ltr'><strong>haere-</strong></span> 
     </span>
    </p>

    <p class='ocr_par' dir='ltr' id='par_1_7' title="bbox 162 1979 1793 2080">
     <span class='ocr_line' id='line_1_10' title="bbox 162 1979 1793 2080; baseline 0.006 -30"><span class='ocrx_word' id='word_1_91' title='bbox 162 1980 234 2063; x_wconf 89' lang='lat' dir='ltr'><strong>dio,</strong></span> <span class='ocrx_word' id='word_1_92' title='bbox 266 1980 368 2052; x_wconf 88' lang='lat' dir='ltr'><strong>testis</strong></span> <span class='ocrx_word' id='word_1_93' title='bbox 393 1987 448 2053; x_wconf 91' lang='lat' dir='ltr'><strong>est</strong></span> <span class='ocrx_word' id='word_1_94' title='bbox 478 1979 626 2054; x_wconf 92' lang='lat' dir='ltr'><strong>idoneus</strong></span> <span class='ocrx_word' id='word_1_95' title='bbox 656 1982 898 2077; x_wconf 85' lang='lat' dir='ltr'><strong>Vespasianus</strong></span> <span class='ocrx_word' id='word_1_96' title='bbox 928 1981 1190 2069; x_wconf 86' lang='lat' dir='ltr'><strong>Kochovskius‚</strong></span> <span class='ocrx_word' id='word_1_97' title='bbox 1221 1982 1467 2055; x_wconf 91' lang='lat' dir='ltr'><strong>Polonicorum</strong></span> <span class='ocrx_word' id='word_1_98' title='bbox 1491 1985 1640 2080; x_wconf 92' lang='lat' dir='ltr'><strong>scriptor</strong></span> <span class='ocrx_word' id='word_1_99' title='bbox 1673 1989 1793 2060; x_wconf 88' lang='lat' dir='ltr'><strong>Anna-</strong></span> 
     </span>
    </p>

    <p class='ocr_par' dir='ltr' id='par_1_8' title="bbox 162 2101 1795 2201">
     <span class='ocr_line' id='line_1_11' title="bbox 162 2101 1795 2201; baseline 0.004 -29"><span class='ocrx_word' id='word_1_100' title='bbox 162 2103 249 2174; x_wconf 88' lang='lat' dir='ltr'><strong>lium</strong></span> <span class='ocrx_word' id='word_1_101' title='bbox 266 2102 316 2198; x_wconf 78' lang='grc' dir='ltr'><strong>(ι).</strong></span> <span class='ocrx_word' id='word_1_102' title='bbox 346 2103 478 2175; x_wconf 91' lang='lat' dir='ltr'><strong>Omitto</strong></span> <span class='ocrx_word' id='word_1_103' title='bbox 504 2103 587 2189; x_wconf 91' lang='lat' dir='ltr'><strong>alia,</strong></span> <span class='ocrx_word' id='word_1_104' title='bbox 614 2105 649 2176; x_wconf 90' lang='lat' dir='ltr'><strong>in</strong></span> <span class='ocrx_word' id='word_1_105' title='bbox 677 2106 803 2198; x_wconf 92' lang='lat' dir='ltr'><strong>quibus</strong></span> <span class='ocrx_word' id='word_1_106' title='bbox 835 2105 943 2201; x_wconf 87' lang='lat' dir='ltr'><strong>vulgo</strong></span> <span class='ocrx_word' id='word_1_107' title='bbox 970 2107 1035 2178; x_wconf 84' lang='lat' dir='ltr'><strong>luit</strong></span> <span class='ocrx_word' id='word_1_108' title='bbox 1059 2111 1301 2201; x_wconf 88' lang='lat' dir='ltr'><strong>portentorum</strong></span> <span class='ocrx_word' id='word_1_109' title='bbox 1334 2101 1473 2196; x_wconf 85' lang='lat' dir='ltr'><strong>religio.</strong></span> <span class='ocrx_word' id='word_1_110' title='bbox 1507 2103 1630 2176; x_wconf 89' lang='lat' dir='ltr'><strong>Fidem</strong></span> <span class='ocrx_word' id='word_1_111' title='bbox 1653 2105 1795 2179; x_wconf 92' lang='lat' dir='ltr'><strong>interim</strong></span> 
     </span>
    </p>

    <p class='ocr_par' dir='ltr' id='par_1_9' title="bbox 163 2225 1795 2323">
     <span class='ocr_line' id='line_1_12' title="bbox 163 2225 1795 2323; baseline 0.004 -25"><span class='ocrx_word' id='word_1_112' title='bbox 163 2250 307 2300; x_wconf 90' lang='lat' dir='ltr'><strong>suarum</strong></span> <span class='ocrx_word' id='word_1_113' title='bbox 334 2229 457 2323; x_wconf 90' lang='lat' dir='ltr'><strong>cuique</strong></span> <span class='ocrx_word' id='word_1_114' title='bbox 476 2229 764 2321; x_wconf 89' lang='lat' dir='ltr'><strong>superstitionum</strong></span> <span class='ocrx_word' id='word_1_115' title='bbox 784 2235 909 2302; x_wconf 88' lang='lat' dir='ltr'><strong>eventa</strong></span> <span class='ocrx_word' id='word_1_116' title='bbox 933 2228 1136 2312; x_wconf 88' lang='lat' dir='ltr'><strong>faciebant;</strong></span> <span class='ocrx_word' id='word_1_117' title='bbox 1157 2225 1414 2300; x_wconf 85' lang='lat' dir='ltr'><strong>calamitatibus</strong></span> <span class='ocrx_word' id='word_1_118' title='bbox 1437 2225 1517 2298; x_wconf 88' lang='lat' dir='ltr'><strong>aliis</strong></span> <span class='ocrx_word' id='word_1_119' title='bbox 1544 2229 1795 2321; x_wconf 87' lang='lat' dir='ltr'><strong>pullulantibus</strong></span> 
     </span>
    </p>

    <p class='ocr_par' dir='ltr' id='par_1_10' title="bbox 164 2349 1791 2447">
     <span class='ocr_line' id='line_1_13' title="bbox 164 2349 1791 2447; baseline 0.007 -25"><span class='ocrx_word' id='word_1_120' title='bbox 164 2371 206 2422; x_wconf 84' lang='lat' dir='ltr'><strong>ex</strong></span> <span class='ocrx_word' id='word_1_121' title='bbox 219 2351 301 2424; x_wconf 90' lang='lat' dir='ltr'><strong>aliis</strong></span> <span class='ocrx_word' id='word_1_122' title='bbox 324 2376 332 2422; x_wconf 93' lang='lat'>:</span> <span class='ocrx_word' id='word_1_123' title='bbox 354 2374 374 2424; x_wconf 91' lang='lat' dir='ltr'><strong>e</strong></span> <span class='ocrx_word' id='word_1_124' title='bbox 391 2350 542 2422; x_wconf 88' lang='lat' dir='ltr'><strong>tumultu</strong></span> <span class='ocrx_word' id='word_1_125' title='bbox 556 2349 709 2422; x_wconf 91' lang='lat' dir='ltr'><strong>hostium</strong></span> <span class='ocrx_word' id='word_1_126' title='bbox 732 2351 771 2421; x_wconf 94' lang='lat' dir='ltr'><strong>in</strong></span> <span class='ocrx_word' id='word_1_127' title='bbox 785 2349 1106 2447; x_wconf 73' lang='lat' dir='ltr'><strong>pagis&#39;solitudine,</strong></span> <span class='ocrx_word' id='word_1_128' title='bbox 1127 2375 1147 2425; x_wconf 92' lang='lat' dir='ltr'><strong>e</strong></span> <span class='ocrx_word' id='word_1_129' title='bbox 1165 2352 1353 2424; x_wconf 90' lang='lat' dir='ltr'><strong>solitudine</strong></span> <span class='ocrx_word' id='word_1_130' title='bbox 1371 2353 1525 2446; x_wconf 79' lang='lat' dir='ltr'><strong>agrariae</strong></span> <span class='ocrx_word' id='word_1_131' title='bbox 1544 2356 1596 2426; x_wconf 90' lang='lat' dir='ltr'><strong>rei</strong></span> <span class='ocrx_word' id='word_1_132' title='bbox 1614 2359 1791 2446; x_wconf 86' lang='lat' dir='ltr'><strong>vastitate,</strong></span> 
     </span>
    </p>

    <p class='ocr_par' dir='ltr' id='par_1_11' title="bbox 162 2475 1796 2571">
     <span class='ocr_line' id='line_1_14' title="bbox 162 2475 1796 2571; baseline 0.004 -25"><span class='ocrx_word' id='word_1_133' title='bbox 162 2475 241 2549; x_wconf 92' lang='lat' dir='ltr'><strong>hinc</strong></span> <span class='ocrx_word' id='word_1_134' title='bbox 259 2477 353 2549; x_wconf 86' lang='lat' dir='ltr'><strong>fame</strong></span> <span class='ocrx_word' id='word_1_135' title='bbox 371 2483 407 2548; x_wconf 92' lang='lat' dir='ltr'><strong>et</strong></span> <span class='ocrx_word' id='word_1_136' title='bbox 432 2475 633 2570; x_wconf 89' lang='lat' dir='ltr'><strong>pestilentia</strong></span> <span class='ocrx_word' id='word_1_137' title='bbox 650 2498 835 2571; x_wconf 90' lang='lat' dir='ltr'><strong>rerumque</strong></span> <span class='ocrx_word' id='word_1_138' title='bbox 853 2477 1053 2551; x_wconf 87' lang='lat' dir='ltr'><strong>mortalium</strong></span> <span class='ocrx_word' id='word_1_139' title='bbox 1070 2478 1214 2550; x_wconf 89' lang='lat' dir='ltr'><strong>interitu</strong></span> <span class='ocrx_word' id='word_1_140' title='bbox 1233 2477 1454 2550; x_wconf 89' lang='lat' dir='ltr'><strong>succedente.</strong></span> <span class='ocrx_word' id='word_1_141' title='bbox 1475 2478 1597 2551; x_wconf 89' lang='lat' dir='ltr'><strong>Rebus</strong></span> <span class='ocrx_word' id='word_1_142' title='bbox 1616 2481 1665 2554; x_wconf 87' lang='lat' dir='ltr'><strong>ita</strong></span> <span class='ocrx_word' id='word_1_143' title='bbox 1693 2482 1796 2555; x_wconf 91' lang='lat' dir='ltr'><strong>Polo-</strong></span> 
     </span>
    </p>

    <p class='ocr_par' dir='ltr' id='par_1_12' title="bbox 162 2601 1796 2825">
     <span class='ocr_line' id='line_1_15' title="bbox 162 2601 1796 2698; baseline 0.004 -24"><span class='ocrx_word' id='word_1_144' title='bbox 162 2625 290 2674; x_wconf 90' lang='lat' dir='ltr'><strong>norum</strong></span> <span class='ocrx_word' id='word_1_145' title='bbox 310 2602 605 2698; x_wconf 62' lang='lat' dir='ltr'><strong>depereuntibus,</strong></span> <span class='ocrx_word' id='word_1_146' title='bbox 628 2601 713 2674; x_wconf 90' lang='lat' dir='ltr'><strong>belli</strong></span> <span class='ocrx_word' id='word_1_147' title='bbox 739 2602 878 2676; x_wconf 88' lang='lat' dir='ltr'><strong>servilis</strong></span> <span class='ocrx_word' id='word_1_148' title='bbox 897 2603 1044 2698; x_wconf 88' lang='lat' dir='ltr'><strong>reperiri</strong></span> <span class='ocrx_word' id='word_1_149' title='bbox 1074 2603 1155 2674; x_wconf 93' lang='lat' dir='ltr'><strong>finis</strong></span> <span class='ocrx_word' id='word_1_150' title='bbox 1182 2624 1253 2672; x_wconf 92' lang='lat' dir='ltr'><strong>non</strong></span> <span class='ocrx_word' id='word_1_151' title='bbox 1278 2607 1430 2697; x_wconf 88' lang='lat' dir='ltr'><strong>poterat.</strong></span> <span class='ocrx_word' id='word_1_152' title='bbox 1462 2602 1643 2676; x_wconf 85' lang='lat' dir='ltr'><strong>Gliscebat</strong></span> <span class='ocrx_word' id='word_1_153' title='bbox 1663 2604 1700 2676; x_wconf 92' lang='lat' dir='ltr'><strong>in</strong></span> <span class='ocrx_word' id='word_1_154' title='bbox 1721 2607 1796 2680; x_wconf 89' lang='lat' dir='ltr'><strong>dies</strong></span> 
     </span>
     <span class='ocr_line' id='line_1_16' title="bbox 163 2724 1796 2825; baseline 0.003 -25"><span class='ocrx_word' id='word_1_155' title='bbox 163 2728 349 2800; x_wconf 91' lang='lat' dir='ltr'><strong>multitudo</strong></span> <span class='ocrx_word' id='word_1_156' title='bbox 366 2728 518 2800; x_wconf 89' lang='lat' dir='ltr'><strong>hostium</strong></span> <span class='ocrx_word' id='word_1_157' title='bbox 547 2736 582 2800; x_wconf 94' lang='lat' dir='ltr'><strong>et</strong></span> <span class='ocrx_word' id='word_1_158' title='bbox 608 2727 746 2799; x_wconf 87' lang='lat' dir='ltr'><strong>saevitia</strong></span> <span class='ocrx_word' id='word_1_159' title='bbox 764 2729 892 2825; x_wconf 89' lang='lat' dir='ltr'><strong>major,</strong></span> <span class='ocrx_word' id='word_1_160' title='bbox 912 2729 956 2801; x_wconf 92' lang='lat' dir='ltr'><strong>ab</strong></span> <span class='ocrx_word' id='word_1_161' title='bbox 974 2729 1057 2800; x_wconf 89' lang='lat' dir='ltr'><strong>aliis</strong></span> <span class='ocrx_word' id='word_1_162' title='bbox 1076 2727 1181 2799; x_wconf 90' lang='lat' dir='ltr'><strong>etiam</strong></span> <span class='ocrx_word' id='word_1_163' title='bbox 1200 2724 1280 2797; x_wconf 92' lang='lat' dir='ltr'><strong>coeli</strong></span> <span class='ocrx_word' id='word_1_164' title='bbox 1298 2725 1501 2819; x_wconf 89' lang='lat' dir='ltr'><strong>regionibus</strong></span> <span class='ocrx_word' id='word_1_165' title='bbox 1515 2727 1665 2801; x_wconf 90' lang='lat' dir='ltr'><strong>tumultu</strong></span> <span class='ocrx_word' id='word_1_166' title='bbox 1683 2753 1796 2804; x_wconf 84' lang='lat' dir='ltr'><strong>armo·</strong></span> 
     </span>
    </p>

    <p class='ocr_par' dir='ltr' id='par_1_13' title="bbox 164 2848 1969 3318">
     <span class='ocr_line' id='line_1_17' title="bbox 164 2848 1969 2950; baseline 0.001 -26"><span class='ocrx_word' id='word_1_167' title='bbox 164 2876 241 2925; x_wconf 91' lang='lat' dir='ltr'><strong>rum</strong></span> <span class='ocrx_word' id='word_1_168' title='bbox 255 2853 414 2925; x_wconf 86' lang='lat' dir='ltr'><strong>incitata.</strong></span> <span class='ocrx_word' id='word_1_169' title='bbox 436 2855 568 2926; x_wconf 87' lang='lat' dir='ltr'><strong>Parum</strong></span> <span class='ocrx_word' id='word_1_170' title='bbox 582 2861 671 2936; x_wconf 91' lang='lat' dir='ltr'><strong>erat,</strong></span> <span class='ocrx_word' id='word_1_171' title='bbox 693 2853 853 2924; x_wconf 92' lang='lat' dir='ltr'><strong>dominos</strong></span> <span class='ocrx_word' id='word_1_172' title='bbox 873 2875 1053 2924; x_wconf 88' lang='lat' dir='ltr'><strong>servorum</strong></span> <span class='ocrx_word' id='word_1_173' title='bbox 1072 2848 1303 2946; x_wconf 91' lang='lat' dir='ltr'><strong>perduellium</strong></span> <span class='ocrx_word' id='word_1_174' title='bbox 1322 2848 1478 2920; x_wconf 84' lang='lat' dir='ltr'><strong>exscindi</strong></span> <span class='ocrx_word' id='word_1_175' title='bbox 1497 2850 1696 2934; x_wconf 89' lang='lat' dir='ltr'><strong>securibus;</strong></span> <span class='ocrx_word' id='word_1_176' title='bbox 1714 2874 1795 2924; x_wconf 88' lang='lat' dir='ltr'><strong>suas</strong></span> <span class='ocrx_word' id='word_1_177' title='bbox 1820 2893 1969 2950; x_wconf 71' lang='lat' dir='ltr'><strong>nasariu-</strong></span> 
     </span>
     <span class='ocr_line' id='line_1_18' title="bbox 164 2972 1946 3106; baseline -0.001 -58"><span class='ocrx_word' id='word_1_178' title='bbox 164 2981 308 3072; x_wconf 91' lang='lat' dir='ltr'><strong>insuper</strong></span> <span class='ocrx_word' id='word_1_179' title='bbox 326 2979 495 3072; x_wconf 91' lang='lat' dir='ltr'><strong>bipennes</strong></span> <span class='ocrx_word' id='word_1_180' title='bbox 514 2976 561 3048; x_wconf 91' lang='lat' dir='ltr'><strong>ad</strong></span> <span class='ocrx_word' id='word_1_181' title='bbox 580 2977 713 3049; x_wconf 83' lang='lat' dir='ltr'><strong>caedem</strong></span> <span class='ocrx_word' id='word_1_182' title='bbox 731 2975 878 3049; x_wconf 92' lang='lat' dir='ltr'><strong>contulit</strong></span> <span class='ocrx_word' id='word_1_183' title='bbox 891 2975 1038 3048; x_wconf 84' lang='lat' dir='ltr'><strong>Alexius</strong></span> <span class='ocrx_word' id='word_1_184' title='bbox 1057 2972 1315 3056; x_wconf 67' lang='lat' dir='ltr'><strong>Michailovicn</strong></span> <span class='ocrx_word' id='word_1_185' title='bbox 1330 2981 1505 3070; x_wconf 87' lang='lat' dir='ltr'><strong>tyrannus</strong></span> <span class='ocrx_word' id='word_1_186' title='bbox 1522 2975 1639 3069; x_wconf 88' lang='lat' dir='ltr'><strong>gentis</strong></span> <span class='ocrx_word' id='word_1_187' title='bbox 1657 2976 1795 3048; x_wconf 91' lang='lat' dir='ltr'><strong>Mosco·</strong></span> <span class='ocrx_word' id='word_1_188' title='bbox 1820 2990 1879 3106; x_wconf 41' lang='grc' dir='ltr'><strong>ᾗ]</strong></span> <span class='ocrx_word' id='word_1_189' title='bbox 1893 2973 1946 3028; x_wconf 73' lang='lat'>¹³⁰¹·</span> 
     </span>
     <span class='ocr_line' id='line_1_19' title="bbox 165 3091 1884 3195; baseline -0.001 -23"><span class='ocrx_word' id='word_1_190' title='bbox 165 3101 293 3173; x_wconf 82' lang='lat' dir='ltr'><strong>vilicae.</strong></span> <span class='ocrx_word' id='word_1_191' title='bbox 317 3100 557 3195; x_wconf 85' lang='lat' dir='ltr'><strong>Quadragena</strong></span> <span class='ocrx_word' id='word_1_192' title='bbox 570 3107 787 3172; x_wconf 88' lang='lat' dir='ltr'><strong>armatorum</strong></span> <span class='ocrx_word' id='word_1_193' title='bbox 801 3099 922 3183; x_wconf 89' lang='lat' dir='ltr'><strong>millia,</strong></span> <span class='ocrx_word' id='word_1_194' title='bbox 945 3098 1137 3171; x_wconf 70' lang='lat' dir='ltr'><strong>Srebrenio&#39;</strong></span> <span class='ocrx_word' id='word_1_195' title='bbox 1154 3105 1189 3170; x_wconf 95' lang='lat' dir='ltr'><strong>et</strong></span> <span class='ocrx_word' id='word_1_196' title='bbox 1205 3096 1429 3169; x_wconf 77' lang='lat' dir='ltr'><strong>Chovanslxio</strong></span> <span class='ocrx_word' id='word_1_197' title='bbox 1448 3097 1608 3182; x_wconf 90' lang='lat' dir='ltr'><strong>ducibus,</strong></span> <span class='ocrx_word' id='word_1_198' title='bbox 1624 3099 1661 3171; x_wconf 90' lang='lat' dir='ltr'><strong>in</strong></span> <span class='ocrx_word' id='word_1_199' title='bbox 1674 3098 1794 3171; x_wconf 90' lang='lat' dir='ltr'><strong>Litua·</strong></span> <span class='ocrx_word' id='word_1_200' title='bbox 1877 3091 1884 3106; x_wconf 83' lang='lat'>&#39;</span> 
     </span>
     <span class='ocr_line' id='line_1_20' title="bbox 165 3221 1797 3318; baseline 0.001 -24"><span class='ocrx_word' id='word_1_201' title='bbox 165 3224 257 3294; x_wconf 91' lang='lat' dir='ltr'><strong>niam</strong></span> <span class='ocrx_word' id='word_1_202' title='bbox 279 3246 411 3317; x_wconf 90' lang='lat' dir='ltr'><strong>:pares</strong></span> <span class='ocrx_word' id='word_1_203' title='bbox 439 3246 582 3295; x_wconf 91' lang='lat' dir='ltr'><strong>numero</strong></span> <span class='ocrx_word' id='word_1_204' title='bbox 611 3224 720 3318; x_wconf 86' lang='lat' dir='ltr'><strong>copiae</strong></span> <span class='ocrx_word' id='word_1_205' title='bbox 738 3224 774 3295; x_wconf 91' lang='lat' dir='ltr'><strong>in</strong></span> <span class='ocrx_word' id='word_1_206' title='bbox 806 3223 1017 3304; x_wconf 87' lang='lat' dir='ltr'><strong>Ukrainam,</strong></span> <span class='ocrx_word' id='word_1_207' title='bbox 1052 3223 1263 3294; x_wconf 88' lang='lat' dir='ltr'><strong>Cosacorum</strong></span> <span class='ocrx_word' id='word_1_208' title='bbox 1280 3221 1484 3317; x_wconf 89' lang='lat' dir='ltr'><strong>adjutrices,</strong></span> <span class='ocrx_word' id='word_1_209' title='bbox 1510 3222 1613 3318; x_wconf 88' lang='lat' dir='ltr'><strong>quasi</strong></span> <span class='ocrx_word' id='word_1_210' title='bbox 1637 3246 1721 3296; x_wconf 93' lang='lat' dir='ltr'><strong>vero</strong></span> <span class='ocrx_word' id='word_1_211' title='bbox 1739 3224 1797 3296; x_wconf 93' lang='lat' dir='ltr'><strong>isti</strong></span> 
     </span>
    </p>

    <p class='ocr_par' dir='ltr' id='par_1_14' title="bbox 166 3332 1799 3443">
     <span class='ocr_line' id='line_1_21' title="bbox 166 3332 1799 3443; baseline 0.001 -24"><span class='ocrx_word' id='word_1_212' title='bbox 166 3348 281 3420; x_wconf 90' lang='lat' dir='ltr'><strong>manci</strong></span> <span class='ocrx_word' id='word_1_213' title='bbox 299 3348 483 3443; x_wconf 88' lang='lat' dir='ltr'><strong>claudique</strong></span> <span class='ocrx_word' id='word_1_214' title='bbox 506 3348 552 3420; x_wconf 94' lang='lat' dir='ltr'><strong>ad</strong></span> <span class='ocrx_word' id='word_1_215' title='bbox 568 3347 853 3419; x_wconf 88' lang='lat' dir='ltr'><strong>latrocinandum</strong></span> <span class='ocrx_word' id='word_1_216' title='bbox 866 3347 904 3418; x_wconf 97' lang='lat' dir='ltr'><strong>in</strong></span> <span class='ocrx_word' id='word_1_217' title='bbox 924 3347 1075 3420; x_wconf 89' lang='lat' dir='ltr'><strong>Polonia</strong></span> <span class='ocrx_word' id='word_1_218' title='bbox 1090 3354 1220 3429; x_wconf 83' lang='lat' dir='ltr'><strong>essent,</strong></span> <span class='ocrx_word' id='word_1_219' title='bbox 1236 3332 1481 3420; x_wconf 83' lang='lat' dir='ltr'><strong>immittuntur.</strong></span> <span class='ocrx_word' id='word_1_220' title='bbox 1504 3349 1571 3422; x_wconf 92' lang='lat' dir='ltr'><strong>His</strong></span> <span class='ocrx_word' id='word_1_221' title='bbox 1585 3372 1623 3422; x_wconf 92' lang='lat' dir='ltr'><strong>se</strong></span> <span class='ocrx_word' id='word_1_222' title='bbox 1638 3349 1799 3421; x_wconf 86' lang='lat' dir='ltr'><strong>Ukraina</strong></span> 
     </span>
    </p>

    <p class='ocr_par' dir='ltr' id='par_1_15' title="bbox 162 3471 1889 3939">
     <span class='ocr_line' id='line_1_22' title="bbox 166 3471 1889 3572; baseline 0.003 -27"><span class='ocrx_word' id='word_1_223' title='bbox 166 3475 281 3546; x_wconf 87' lang='lat' dir='ltr'><strong>omnis</strong></span> <span class='ocrx_word' id='word_1_224' title='bbox 295 3497 372 3546; x_wconf 89' lang='lat' dir='ltr'><strong>cum</strong></span> <span class='ocrx_word' id='word_1_225' title='bbox 393 3473 582 3569; x_wconf 85' lang='lat' dir='ltr'><strong>corypbaeo</strong></span> <span class='ocrx_word' id='word_1_226' title='bbox 597 3496 660 3545; x_wconf 90' lang='lat' dir='ltr'><strong>suo</strong></span> <span class='ocrx_word' id='word_1_227' title='bbox 679 3471 852 3546; x_wconf 90' lang='lat' dir='ltr'><strong>Bohdano</strong></span> <span class='ocrx_word' id='word_1_228' title='bbox 870 3474 969 3546; x_wconf 92' lang='lat' dir='ltr'><strong>dedit</strong></span> <span class='ocrx_word' id='word_1_229' title='bbox 986 3474 1151 3546; x_wconf 90' lang='lat' dir='ltr'><strong>continuo</strong></span> <span class='ocrx_word' id='word_1_230' title='bbox 1170 3473 1304 3565; x_wconf 73' lang='lat'>(1654).</span> <span class='ocrx_word' id='word_1_231' title='bbox 1326 3472 1532 3568; x_wconf 85' lang='lat' dir='ltr'><strong>Complures</strong></span> <span class='ocrx_word' id='word_1_232' title='bbox 1544 3497 1657 3548; x_wconf 90' lang='lat' dir='ltr'><strong>annos</strong></span> <span class='ocrx_word' id='word_1_233' title='bbox 1675 3478 1800 3572; x_wconf 91' lang='lat' dir='ltr'><strong>opibus</strong></span> <span class='ocrx_word' id='word_1_234' title='bbox 1824 3485 1889 3543; x_wconf 81' lang='lat'><strong>16⁴8</strong></span> 
     </span>
     <span class='ocr_line' id='line_1_23' title="bbox 165 3594 1801 3692; baseline 0.004 -24"><span class='ocrx_word' id='word_1_235' title='bbox 165 3597 311 3668; x_wconf 91' lang='lat' dir='ltr'><strong>summis</strong></span> <span class='ocrx_word' id='word_1_236' title='bbox 342 3597 513 3670; x_wconf 89' lang='lat' dir='ltr'><strong>adversus</strong></span> <span class='ocrx_word' id='word_1_237' title='bbox 545 3595 700 3668; x_wconf 92' lang='lat' dir='ltr'><strong>Polonos</strong></span> <span class='ocrx_word' id='word_1_238' title='bbox 730 3594 875 3670; x_wconf 88' lang='lat' dir='ltr'><strong>Alexius</strong></span> <span class='ocrx_word' id='word_1_239' title='bbox 903 3619 941 3670; x_wconf 92' lang='lat' dir='ltr'><strong>se</strong></span> <span class='ocrx_word' id='word_1_240' title='bbox 968 3597 1225 3692; x_wconf 89' lang='lat' dir='ltr'><strong>comparabat:</strong></span> <span class='ocrx_word' id='word_1_241' title='bbox 1247 3619 1359 3690; x_wconf 89' lang='lat' dir='ltr'><strong>neque</strong></span> <span class='ocrx_word' id='word_1_242' title='bbox 1385 3597 1449 3669; x_wconf 84' lang='lat' dir='ltr'><strong>irae</strong></span> <span class='ocrx_word' id='word_1_243' title='bbox 1477 3596 1529 3668; x_wconf 93' lang='lat' dir='ltr'><strong>illi</strong></span> <span class='ocrx_word' id='word_1_244' title='bbox 1547 3621 1622 3670; x_wconf 85' lang='lat' dir='ltr'><strong>suae</strong></span> <span class='ocrx_word' id='word_1_245' title='bbox 1641 3601 1801 3674; x_wconf 89' lang='lat' dir='ltr'><strong>sufficere</strong></span> 
     </span>
     <span class='ocr_line' id='line_1_24' title="bbox 164 3718 1801 3814; baseline 0.001 -18"><span class='ocrx_word' id='word_1_246' title='bbox 164 3725 420 3798; x_wconf 85' lang='lat' dir='ltr'><strong>armentarium</strong></span> <span class='ocrx_word' id='word_1_247' title='bbox 440 3747 542 3798; x_wconf 90' lang='lat' dir='ltr'><strong>suum</strong></span> <span class='ocrx_word' id='word_1_248' title='bbox 569 3721 776 3805; x_wconf 88' lang='lat' dir='ltr'><strong>videbatur,</strong></span> <span class='ocrx_word' id='word_1_249' title='bbox 794 3727 857 3792; x_wconf 89' lang='lat' dir='ltr'><strong>aut</strong></span> <span class='ocrx_word' id='word_1_250' title='bbox 875 3721 1050 3793; x_wconf 88' lang='lat' dir='ltr'><strong>exercitus</strong></span> <span class='ocrx_word' id='word_1_251' title='bbox 1067 3718 1142 3800; x_wconf 93' lang='lat' dir='ltr'><strong>ille,</strong></span> <span class='ocrx_word' id='word_1_252' title='bbox 1166 3740 1209 3790; x_wconf 88' lang='lat' dir='ltr'><strong>ex</strong></span> <span class='ocrx_word' id='word_1_253' title='bbox 1227 3720 1389 3792; x_wconf 91' lang='lat' dir='ltr'><strong>omnibus</strong></span> <span class='ocrx_word' id='word_1_254' title='bbox 1415 3721 1489 3792; x_wconf 89' lang='lat' dir='ltr'><strong>suis</strong></span> <span class='ocrx_word' id='word_1_255' title='bbox 1506 3722 1696 3814; x_wconf 88' lang='lat' dir='ltr'><strong>provinciis</strong></span> <span class='ocrx_word' id='word_1_256' title='bbox 1721 3748 1801 3797; x_wconf 88' lang='lat' dir='ltr'><strong>con·</strong></span> 
     </span>
     <span class='ocr_line' id='line_1_25' title="bbox 162 3839 1800 3939; baseline -0.002 -19"><span class='ocrx_word' id='word_1_257' title='bbox 162 3857 311 3920; x_wconf 82' lang='lat' dir='ltr'><strong>tractus</strong></span> <span class='ocrx_word' id='word_1_258' title='bbox 334 3846 554 3919; x_wconf 87' lang='lat' dir='ltr'><strong>Sollicitandi</strong></span> <span class='ocrx_word' id='word_1_259' title='bbox 573 3852 677 3919; x_wconf 90' lang='lat' dir='ltr'><strong>erant</strong></span> <span class='ocrx_word' id='word_1_260' title='bbox 689 3846 835 3939; x_wconf 88' lang='lat' dir='ltr'><strong>insuper</strong></span> <span class='ocrx_word' id='word_1_261' title='bbox 847 3845 892 3930; x_wconf 84' lang='lat' dir='ltr'><strong>ad</strong></span> <span class='ocrx_word' id='word_1_262' title='bbox 913 3845 1120 3916; x_wconf 87' lang='lat' dir='ltr'><strong>societatem</strong></span> <span class='ocrx_word' id='word_1_263' title='bbox 1139 3839 1224 3912; x_wconf 90' lang='lat' dir='ltr'><strong>belli</strong></span> <span class='ocrx_word' id='word_1_264' title='bbox 1241 3841 1382 3924; x_wconf 83' lang='lat' dir='ltr'><strong>Turoae,</strong></span> <span class='ocrx_word' id='word_1_265' title='bbox 1399 3842 1516 3927; x_wconf 87' lang='lat' dir='ltr'><strong>Sueci,</strong></span> <span class='ocrx_word' id='word_1_266' title='bbox 1529 3844 1670 3928; x_wconf 89' lang='lat' dir='ltr'><strong>Batavi,</strong></span> <span class='ocrx_word' id='word_1_267' title='bbox 1687 3847 1800 3932; x_wconf 91' lang='lat' dir='ltr'><strong>Dani;</strong></span> 
     </span>
    </p>

    <p class='ocr_par' dir='ltr' id='par_1_16' title="bbox 162 3963 1806 4330">
     <span class='ocr_line' id='line_1_26' title="bbox 164 3963 1802 4072; baseline -0.005 -24"><span class='ocrx_word' id='word_1_268' title='bbox 164 3974 241 4048; x_wconf 78' lang='lat' dir='ltr'><strong>tela</strong></span> <span class='ocrx_word' id='word_1_269' title='bbox 260 3975 295 4044; x_wconf 94' lang='lat' dir='ltr'><strong>in</strong></span> <span class='ocrx_word' id='word_1_270' title='bbox 320 3973 481 4046; x_wconf 86' lang='lat' dir='ltr'><strong>afflictam</strong></span> <span class='ocrx_word' id='word_1_271' title='bbox 501 3974 577 4072; x_wconf 89' lang='lat' dir='ltr'><strong>jam</strong></span> <span class='ocrx_word' id='word_1_272' title='bbox 606 3973 657 4045; x_wconf 88' lang='lat' dir='ltr'><strong>ita</strong></span> <span class='ocrx_word' id='word_1_273' title='bbox 680 3979 823 4066; x_wconf 83' lang='lat' dir='ltr'><strong>gentem</strong></span> <span class='ocrx_word' id='word_1_274' title='bbox 850 3965 1048 4061; x_wconf 91' lang='lat' dir='ltr'><strong>colligenda</strong></span> <span class='ocrx_word' id='word_1_275' title='bbox 1078 3963 1161 4036; x_wconf 91' lang='lat' dir='ltr'><strong>huic</strong></span> <span class='ocrx_word' id='word_1_276' title='bbox 1183 3969 1286 4034; x_wconf 90' lang='lat' dir='ltr'><strong>erant</strong></span> <span class='ocrx_word' id='word_1_277' title='bbox 1315 3963 1487 4057; x_wconf 91' lang='lat' dir='ltr'><strong>undique;</strong></span> <span class='ocrx_word' id='word_1_278' title='bbox 1520 3987 1563 4037; x_wconf 88' lang='lat' dir='ltr'><strong>ac</strong></span> <span class='ocrx_word' id='word_1_279' title='bbox 1589 3965 1802 4039; x_wconf 91' lang='lat' dir='ltr'><strong>Polonorum</strong></span> 
     </span>
     <span class='ocr_line' id='line_1_27' title="bbox 166 4089 1802 4195; baseline -0.002 -23"><span class='ocrx_word' id='word_1_280' title='bbox 166 4099 309 4195; x_wconf 90' lang='lat' dir='ltr'><strong>quidem</strong></span> <span class='ocrx_word' id='word_1_281' title='bbox 324 4099 433 4184; x_wconf 92' lang='lat' dir='ltr'><strong>nullo,</strong></span> <span class='ocrx_word' id='word_1_282' title='bbox 447 4100 476 4172; x_wconf 88' lang='lat' dir='ltr'><strong>si</strong></span> <span class='ocrx_word' id='word_1_283' title='bbox 491 4100 675 4172; x_wconf 87' lang='lat' dir='ltr'><strong>Kochovio</strong></span> <span class='ocrx_word' id='word_1_284' title='bbox 690 4107 726 4170; x_wconf 93' lang='lat' dir='ltr'><strong>et</strong></span> <span class='ocrx_word' id='word_1_285' title='bbox 739 4097 820 4170; x_wconf 90' lang='lat' dir='ltr'><strong>aliis</strong></span> <span class='ocrx_word' id='word_1_286' title='bbox 834 4095 1008 4168; x_wconf 89' lang='lat' dir='ltr'><strong>credimus</strong></span> <span class='ocrx_word' id='word_1_287' title='bbox 1022 4089 1216 4174; x_wconf 84' lang='lat' dir='ltr'><strong>historicis,</strong></span> <span class='ocrx_word' id='word_1_288' title='bbox 1225 4089 1322 4162; x_wconf 92' lang='lat' dir='ltr'><strong>nullo</strong></span> <span class='ocrx_word' id='word_1_289' title='bbox 1336 4089 1429 4161; x_wconf 91' lang='lat' dir='ltr'><strong>malo</strong></span> <span class='ocrx_word' id='word_1_290' title='bbox 1443 4099 1518 4163; x_wconf 92' lang='lat' dir='ltr'><strong>tum</strong></span> <span class='ocrx_word' id='word_1_291' title='bbox 1531 4093 1668 4166; x_wconf 89' lang='lat' dir='ltr'><strong>merito.</strong></span> <span class='ocrx_word' id='word_1_292' title='bbox 1686 4096 1802 4167; x_wconf 84' lang='lat' dir='ltr'><strong>Causa</strong></span> 
     </span>
     <span class='ocr_line' id='line_1_28' title="bbox 162 4213 1806 4330; baseline -0.004 -35"><span class='ocrx_word' id='word_1_293' title='bbox 162 4223 342 4296; x_wconf 92' lang='lat' dir='ltr'><strong>malorum</strong></span> <span class='ocrx_word' id='word_1_294' title='bbox 361 4223 476 4308; x_wconf 91' lang='lat' dir='ltr'><strong>unica,</strong></span> <span class='ocrx_word' id='word_1_295' title='bbox 503 4222 687 4296; x_wconf 88' lang='lat' dir='ltr'><strong>manifesta</strong></span> <span class='ocrx_word' id='word_1_296' title='bbox 703 4223 782 4294; x_wconf 87' lang='lat' dir='ltr'><strong>haec</strong></span> <span class='ocrx_word' id='word_1_297' title='bbox 811 4219 926 4302; x_wconf 69' lang='lat' dir='ltr'><strong>nimis</strong></span> <span class='ocrx_word' id='word_1_298' title='bbox 951 4215 1105 4287; x_wconf 90' lang='lat' dir='ltr'><strong>vindicta</strong></span> <span class='ocrx_word' id='word_1_299' title='bbox 1124 4213 1290 4326; x_wconf 73' lang='lat' dir='ltr'><strong>numinis</strong></span> <span class='ocrx_word' id='word_1_300' title='bbox 1311 4215 1489 4307; x_wconf 89' lang='lat' dir='ltr'><strong>punientis</strong></span> <span class='ocrx_word' id='word_1_301' title='bbox 1514 4223 1659 4309; x_wconf 85' lang='lat' dir='ltr'><strong>peccata</strong></span> <span class='ocrx_word' id='word_1_302' title='bbox 1681 4217 1806 4330; x_wconf 84' lang='lat' dir='ltr'><strong>populi</strong></span> 
     </span>
    </p>

    <p class='ocr_par' dir='ltr' id='par_1_17' title="bbox 160 4319 1802 4439">
     <span class='ocr_line' id='line_1_29' title="bbox 160 4319 1802 4439; baseline 0.002 -22"><span class='ocrx_word' id='word_1_303' title='bbox 160 4346 223 4418; x_wconf 90' lang='lat' dir='ltr'><strong>sui</strong></span> <span class='ocrx_word' id='word_1_304' title='bbox 252 4347 369 4417; x_wconf 84' lang='lat' dir='ltr'><strong>lurore</strong></span> <span class='ocrx_word' id='word_1_305' title='bbox 400 4345 549 4417; x_wconf 88' lang='lat' dir='ltr'><strong>istarum</strong></span> <span class='ocrx_word' id='word_1_306' title='bbox 567 4345 726 4439; x_wconf 85' lang='lat' dir='ltr'><strong>gentium</strong></span> <span class='ocrx_word' id='word_1_307' title='bbox 746 4351 781 4416; x_wconf 95' lang='lat' dir='ltr'><strong>et</strong></span> <span class='ocrx_word' id='word_1_308' title='bbox 803 4341 996 4415; x_wconf 87' lang='lat' dir='ltr'><strong>maleficiis.</strong></span> <span class='ocrx_word' id='word_1_309' title='bbox 1019 4339 1184 4434; x_wconf 89' lang='lat' dir='ltr'><strong>Erumpit</strong></span> <span class='ocrx_word' id='word_1_310' title='bbox 1208 4347 1364 4413; x_wconf 90' lang='lat' dir='ltr'><strong>actutum</strong></span> <span class='ocrx_word' id='word_1_311' title='bbox 1389 4348 1470 4435; x_wconf 90' lang='lat' dir='ltr'><strong>post</strong></span> <span class='ocrx_word' id='word_1_312' title='bbox 1499 4319 1650 4416; x_wconf 79' lang='lat' dir='ltr'><strong>uo&#39;sacos</strong></span> <span class='ocrx_word' id='word_1_313' title='bbox 1679 4369 1802 4420; x_wconf 89' lang='lat' dir='ltr'><strong>recens</strong></span> 
     </span>
    </p>

    <p class='ocr_par' dir='ltr' id='par_1_18' title="bbox 154 4462 1990 5178">
     <span class='ocr_line' id='line_1_30' title="bbox 160 4462 1798 4563; baseline 0 -21"><span class='ocrx_word' id='word_1_314' title='bbox 160 4470 291 4557; x_wconf 86' lang='lat' dir='ltr'><strong>hostis,</strong></span> <span class='ocrx_word' id='word_1_315' title='bbox 311 4470 528 4563; x_wconf 83' lang='lat' dir='ltr'><strong>infestusque</strong></span> <span class='ocrx_word' id='word_1_316' title='bbox 542 4477 725 4562; x_wconf 88' lang='lat' dir='ltr'><strong>grassatur</strong></span> <span class='ocrx_word' id='word_1_317' title='bbox 740 4491 804 4563; x_wconf 92' lang='lat' dir='ltr'><strong>per</strong></span> <span class='ocrx_word' id='word_1_318' title='bbox 817 4475 956 4561; x_wconf 87' lang='lat' dir='ltr'><strong>strages</strong></span> <span class='ocrx_word' id='word_1_319' title='bbox 970 4464 1057 4536; x_wconf 89' lang='lat' dir='ltr'><strong>alias</strong></span> <span class='ocrx_word' id='word_1_320' title='bbox 1071 4486 1177 4559; x_wconf 90' lang='lat' dir='ltr'><strong>super</strong></span> <span class='ocrx_word' id='word_1_321' title='bbox 1198 4462 1300 4548; x_wconf 87' lang='lat' dir='ltr'><strong>alias,</strong></span> <span class='ocrx_word' id='word_1_322' title='bbox 1319 4462 1582 4554; x_wconf 87' lang='lat' dir='ltr'><strong>Smolensciam‚</strong></span> <span class='ocrx_word' id='word_1_323' title='bbox 1602 4469 1798 4556; x_wconf 91' lang='lat' dir='ltr'><strong>Livoniam,</strong></span> 
     </span>
     <span class='ocr_line' id='line_1_31' title="bbox 160 4585 1923 4691; baseline 0.001 -25"><span class='ocrx_word' id='word_1_324' title='bbox 160 4593 350 4676; x_wconf 90' lang='lat' dir='ltr'><strong>Russiam,</strong></span> <span class='ocrx_word' id='word_1_325' title='bbox 370 4591 566 4674; x_wconf 87' lang='lat' dir='ltr'><strong>Prussiam,</strong></span> <span class='ocrx_word' id='word_1_326' title='bbox 588 4591 791 4664; x_wconf 87' lang='lat' dir='ltr'><strong>Lituaniam</strong></span> <span class='ocrx_word' id='word_1_327' title='bbox 809 4591 903 4662; x_wconf 91' lang='lat' dir='ltr'><strong>serro</strong></span> <span class='ocrx_word' id='word_1_328' title='bbox 925 4599 959 4662; x_wconf 93' lang='lat' dir='ltr'><strong>et</strong></span> <span class='ocrx_word' id='word_1_329' title='bbox 975 4589 1050 4683; x_wconf 87' lang='lat' dir='ltr'><strong>igni</strong></span> <span class='ocrx_word' id='word_1_330' title='bbox 1064 4585 1265 4683; x_wconf 91' lang='lat' dir='ltr'><strong>populatur.</strong></span> <span class='ocrx_word' id='word_1_331' title='bbox 1286 4586 1369 4658; x_wconf 91' lang='lat' dir='ltr'><strong>Non</strong></span> <span class='ocrx_word' id='word_1_332' title='bbox 1386 4588 1444 4659; x_wconf 93' lang='lat' dir='ltr'><strong>hic</strong></span> <span class='ocrx_word' id='word_1_333' title='bbox 1461 4589 1543 4662; x_wconf 89' lang='lat' dir='ltr'><strong>finis</strong></span> <span class='ocrx_word' id='word_1_334' title='bbox 1568 4592 1707 4666; x_wconf 84' lang='lat' dir='ltr'><strong>miserae</strong></span> <span class='ocrx_word' id='word_1_335' title='bbox 1725 4597 1801 4691; x_wconf 90' lang='lat' dir='ltr'><strong>ejus</strong></span> <span class='ocrx_word' id='word_1_336' title='bbox 1827 4597 1923 4690; x_wconf 66' lang='lat' dir='ltr'><strong>scaena</strong></span> 
     </span>
     <span class='ocr_line' id='line_1_32' title="bbox 158 4694 1963 4814; baseline 0.002 -26"><span class='ocrx_word' id='word_1_337' title='bbox 158 4717 271 4810; x_wconf 88' lang='lat' dir='ltr'><strong>quasi</strong></span> <span class='ocrx_word' id='word_1_338' title='bbox 294 4715 443 4788; x_wconf 89' lang='lat' dir='ltr'><strong>Iliadis:</strong></span> <span class='ocrx_word' id='word_1_339' title='bbox 470 4735 535 4786; x_wconf 89' lang='lat' dir='ltr'><strong>sua</strong></span> <span class='ocrx_word' id='word_1_340' title='bbox 567 4713 700 4785; x_wconf 88' lang='lat' dir='ltr'><strong>Suecus</strong></span> <span class='ocrx_word' id='word_1_341' title='bbox 731 4713 833 4785; x_wconf 93' lang='lat' dir='ltr'><strong>etiam</strong></span> <span class='ocrx_word' id='word_1_342' title='bbox 854 4713 891 4782; x_wconf 93' lang='lat' dir='ltr'><strong>in</strong></span> <span class='ocrx_word' id='word_1_343' title='bbox 920 4711 1103 4783; x_wconf 88' lang='lat' dir='ltr'><strong>Prussiam</strong></span> <span class='ocrx_word' id='word_1_344' title='bbox 1128 4710 1201 4782; x_wconf 86' lang='lat' dir='ltr'><strong>tela</strong></span> <span class='ocrx_word' id='word_1_345' title='bbox 1227 4711 1331 4782; x_wconf 84' lang='lat' dir='ltr'><strong>insert</strong></span> <span class='ocrx_word' id='word_1_346' title='bbox 1357 4719 1392 4782; x_wconf 94' lang='lat' dir='ltr'><strong>et</strong></span> <span class='ocrx_word' id='word_1_347' title='bbox 1415 4709 1622 4800; x_wconf 86' lang='lat' dir='ltr'><strong>Poloniam;</strong></span> <span class='ocrx_word' id='word_1_348' title='bbox 1652 4714 1740 4789; x_wconf 92' lang='lat' dir='ltr'><strong>duce</strong></span> <span class='ocrx_word' id='word_1_349' title='bbox 1766 4727 1800 4792; x_wconf 91' lang='lat' dir='ltr'><strong>et</strong></span> <span class='ocrx_word' id='word_1_350' title='bbox 1826 4694 1963 4814; x_wconf 44' lang='lat' dir='ltr'><strong>affin,</strong></span> 
     </span>
     <span class='ocr_line' id='line_1_33' title="bbox 158 4835 1990 4937; baseline 0.002 -24"><span class='ocrx_word' id='word_1_351' title='bbox 158 4849 314 4914; x_wconf 87' lang='lat' dir='ltr'><strong>auctore</strong></span> <span class='ocrx_word' id='word_1_352' title='bbox 342 4837 469 4912; x_wconf 87' lang='lat' dir='ltr'><strong>Carolo</strong></span> <span class='ocrx_word' id='word_1_353' title='bbox 499 4839 670 4921; x_wconf 83' lang='lat' dir='ltr'><strong>Custavo,</strong></span> <span class='ocrx_word' id='word_1_354' title='bbox 687 4838 846 4932; x_wconf 90' lang='lat' dir='ltr'><strong>principe</strong></span> <span class='ocrx_word' id='word_1_355' title='bbox 871 4835 1076 4930; x_wconf 85' lang='lat' dir='ltr'><strong>Ripontino,</strong></span> <span class='ocrx_word' id='word_1_356' title='bbox 1101 4843 1228 4929; x_wconf 93' lang='lat' dir='ltr'><strong>nepote</strong></span> <span class='ocrx_word' id='word_1_357' title='bbox 1257 4857 1301 4906; x_wconf 90' lang='lat' dir='ltr'><strong>ex</strong></span> <span class='ocrx_word' id='word_1_358' title='bbox 1327 4856 1447 4908; x_wconf 90' lang='lat' dir='ltr'><strong>sorore</strong></span> <span class='ocrx_word' id='word_1_359' title='bbox 1470 4837 1618 4909; x_wconf 84' lang='lat' dir='ltr'><strong>Custavi</strong></span> <span class='ocrx_word' id='word_1_360' title='bbox 1631 4839 1798 4937; x_wconf 72' lang='lat' dir='ltr'><strong>adolphi,</strong></span> <span class='ocrx_word' id='word_1_361' title='bbox 1826 4835 1915 4893; x_wconf 79' lang='lat' dir='ltr'><strong>infera</strong></span> <span class='ocrx_word' id='word_1_362' title='bbox 1988 4913 1990 4916; x_wconf 79' lang='grc'>,</span> 
     </span>
     <span class='ocr_line' id='line_1_34' title="bbox 154 4957 1800 5060; baseline 0.001 -24"><span class='ocrx_word' id='word_1_363' title='bbox 154 4973 274 5058; x_wconf 86' lang='lat' dir='ltr'><strong>atque</strong></span> <span class='ocrx_word' id='word_1_364' title='bbox 298 4962 456 5060; x_wconf 90' lang='lat' dir='ltr'><strong>ejusdem</strong></span> <span class='ocrx_word' id='word_1_365' title='bbox 475 4961 667 5033; x_wconf 91' lang='lat' dir='ltr'><strong>secundum</strong></span> <span class='ocrx_word' id='word_1_366' title='bbox 685 4960 911 5044; x_wconf 90' lang='lat' dir='ltr'><strong>Christinam,</strong></span> <span class='ocrx_word' id='word_1_367' title='bbox 927 4981 950 5030; x_wconf 88' lang='lat' dir='ltr'><strong>a</strong></span> <span class='ocrx_word' id='word_1_368' title='bbox 965 4965 1077 5031; x_wconf 91' lang='lat' dir='ltr'><strong>morte</strong></span> <span class='ocrx_word' id='word_1_369' title='bbox 1094 4957 1248 5052; x_wconf 86' lang='lat' dir='ltr'><strong>Adolphi</strong></span> <span class='ocrx_word' id='word_1_370' title='bbox 1266 4957 1438 5052; x_wconf 88' lang='lat' dir='ltr'><strong>tantisper</strong></span> <span class='ocrx_word' id='word_1_371' title='bbox 1470 4962 1633 5054; x_wconf 88' lang='lat' dir='ltr'><strong>reginam</strong></span> <span class='ocrx_word' id='word_1_372' title='bbox 1651 4963 1800 5052; x_wconf 87' lang='lat' dir='ltr'><strong>Sueciae,</strong></span> 
     </span>
     <span class='ocr_line' id='line_1_35' title="bbox 157 5079 1799 5178; baseline 0.001 -17"><span class='ocrx_word' id='word_1_373' title='bbox 157 5109 374 5161; x_wconf 88' lang='lat' dir='ltr'><strong>successore</strong></span> <span class='ocrx_word' id='word_1_374' title='bbox 394 5085 431 5155; x_wconf 94' lang='lat' dir='ltr'><strong>in</strong></span> <span class='ocrx_word' id='word_1_375' title='bbox 450 5107 625 5178; x_wconf 87' lang='lat' dir='ltr'><strong>regnum;</strong></span> <span class='ocrx_word' id='word_1_376' title='bbox 649 5083 789 5155; x_wconf 83' lang='lat' dir='ltr'><strong>Joanne</strong></span> <span class='ocrx_word' id='word_1_377' title='bbox 809 5081 979 5154; x_wconf 88' lang='lat' dir='ltr'><strong>Casimiro</strong></span> <span class='ocrx_word' id='word_1_378' title='bbox 1007 5079 1099 5153; x_wconf 92' lang='lat' dir='ltr'><strong>idem</strong></span> <span class='ocrx_word' id='word_1_379' title='bbox 1123 5079 1203 5166; x_wconf 87' lang='lat' dir='ltr'><strong>sibi,</strong></span> <span class='ocrx_word' id='word_1_380' title='bbox 1229 5089 1395 5175; x_wconf 89' lang='lat' dir='ltr'><strong>tanquam</strong></span> <span class='ocrx_word' id='word_1_381' title='bbox 1420 5084 1566 5172; x_wconf 91' lang='lat' dir='ltr'><strong>avitum,</strong></span> <span class='ocrx_word' id='word_1_382' title='bbox 1586 5087 1799 5163; x_wconf 85' lang='lat' dir='ltr'><strong>vindicante.</strong></span> 
     </span>
    </p>
   </div>
   <div class='ocr_carea' id='block_1_3' title="bbox 209 5223 679 5302">
    <p class='ocr_par' dir='ltr' id='par_1_19' title="bbox 209 5223 679 5302">
     <span class='ocr_line' id='line_1_36' title="bbox 209 5223 679 5302; baseline 0.004 -20"><span class='ocrx_word' id='word_1_383' title='bbox 209 5226 252 5302; x_wconf 82' lang='grc'><strong>(1)</strong></span> <span class='ocrx_word' id='word_1_384' title='bbox 271 5227 333 5286; x_wconf 86' lang='lat' dir='ltr'><strong>Lib.</strong></span> <span class='ocrx_word' id='word_1_385' title='bbox 350 5226 374 5292; x_wconf 93' lang='lat' dir='ltr'><strong>l,</strong></span> <span class='ocrx_word' id='word_1_386' title='bbox 393 5225 531 5300; x_wconf 80' lang='lat' dir='ltr'><strong>climact,</strong></span> <span class='ocrx_word' id='word_1_387' title='bbox 546 5241 610 5300; x_wconf 83' lang='lat' dir='ltr'><strong>pag.</strong></span> <span class='ocrx_word' id='word_1_388' title='bbox 632 5223 679 5284; x_wconf 78' lang='grc'><strong>18.</strong></span> 
     </span>
    </p>
   </div>
   <div class='ocr_carea' id='block_1_4' title="bbox 0 0 2479 6658">
    <p class='ocr_par' dir='ltr' id='par_1_20' title="bbox 0 0 2479 6658">
     <span class='ocr_line' id='line_1_37' title="bbox 0 0 2479 6658; baseline 0 0"><span class='ocrx_word' id='word_1_389' title='bbox 0 0 2479 6658; x_wconf 95' lang='lat' dir='ltr'><strong> </strong></span> 
     </span>
    </p>
   </div>
  </div>
 </body>
</html>
