4936 6658
654 803 718 870 404
1020 841 1025 854 ·
1352 796 1586 863 tuenstuens.

653 1035 693 1086 se
709 1012 799 1086 febri
809 1011 952 1108 jactari,
969 1033 1082 1107 neque
1100 1032 1205 1106 posse
1229 1014 1364 1106 partem
1389 1006 1498 1081 ullam
1524 1009 1651 1104 quietis
1677 1011 1850 1108 accipere.
1871 1010 2019 1096 Quaerit,
2046 1032 2131 1082 num
2150 1006 2284 1082 saltem

653 1124 799 1199 fallendi
816 1125 984 1221 temporis
1000 1124 1117 1219 gratie
1136 1123 1310 1216 elegantis
1328 1121 1516 1217 cujuspiam
1543 1121 1654 1196 libelli
1672 1121 1877 1197 selectione
1895 1121 2049 1195 oblectet
2064 1147 2073 1208 ;
2099 1118 2284 1204 eteoclem

655 1259 765 1333 opera
780 1235 923 1332 inspicit
934 1236 971 1308 in
996 1233 1162 1308 cervicali
1184 1233 1368 1306 libellum:
1398 1235 1517 1321 sumit,
1536 1237 1661 1331 aperit,
1678 1234 1780 1330 legit,
1800 1240 1905 1331 atque
1923 1232 2073 1307 eundem
2102 1231 2284 1327 flagitiose

656 1369 699 1420 ec
716 1348 878 1444 nequiter
911 1347 1077 1440 scriptum
1107 1344 1259 1429 invenit;
1288 1349 1362 1417 tum
1384 1344 1421 1418 in
1439 1369 1518 1418 eum
1544 1347 1684 1420 intuens
1704 1371 1711 1419 :
1733 1345 1816 1443 quid
1846 1345 1971 1417 mirum
1999 1352 2064 1430 est,
2084 1343 2148 1429 ait,
2169 1343 2200 1415 si
2216 1341 2286 1414 tibi

656 1457 822 1532 valetudo
841 1457 1023 1543 decrescit,
1045 1463 1080 1530 et
1100 1455 1242 1529 morbus
1260 1454 1300 1530 fit
1317 1455 1478 1550 amplior,
1499 1457 1559 1552 qui
1584 1457 1652 1531 hoc
1681 1459 1890 1553 scriptorum
1909 1479 2041 1552 genere
2063 1453 2284 1528 delecterisl

657 1570 696 1644 Si
712 1569 810 1642 aliud
823 1569 913 1642 nihil
928 1569 966 1642 in
983 1569 1057 1641 vite
1074 1567 1355 1662 commonuisses,
1377 1567 1490 1641 solum
1507 1569 1575 1642 hoc
1591 1569 1780 1664 flagitium,
1801 1567 1958 1664 gravius,
1979 1590 2083 1662 quam
2100 1589 2193 1640 nunc
2211 1573 2282 1651 est,

658 1689 751 1754 esset
769 1679 1132 1754 animadvertendum.
1166 1679 1325 1752 Remove
1348 1685 1384 1751 te
1409 1680 1454 1752 eb
1479 1679 1536 1752 his
1562 1680 1699 1762 studiis,
1717 1688 1849 1754 etcum
1877 1680 1923 1752 iis
1940 1679 2041 1752 libris
2068 1685 2105 1751 te
2132 1676 2288 1750 libenter

658 1792 808 1879 oblecta,
828 1791 921 1866 unde
939 1790 1063 1866 melior
1091 1811 1134 1862 ec
1151 1788 1285 1863 doctior
1310 1791 1451 1864 evadas.
1480 1789 1539 1862 Ad
1563 1790 1642 1864 haec
1666 1790 1737 1865 alie
1765 1792 1871 1866 etiam
1888 1814 1958 1864 non
1978 1811 2090 1884 pauca
2119 1787 2284 1871 addidit;

659 1903 784 1998 quibus
800 1903 957 1997 impuros
980 1902 1012 1976 ei
1029 1900 1139 1974 libros
1157 1901 1193 1972 in
1207 1900 1326 1974 odium
1343 1907 1380 1974 et
1395 1902 1692 1996 contemptionem
1709 1903 1901 1998 adduceret
1918 1929 1927 1989 ;
1948 1901 2038 1975 illud
2055 1899 2167 1995 magis
2184 1897 2287 1972 labo·

658 2035 756 2096 rans,
772 2021 811 2085 ut
829 2013 1005 2087 hominem
1031 2011 1194 2098 amicum,
1215 2011 1323 2086 enimi
1341 2035 1446 2107 quam
1472 2013 1630 2108 corporis
1657 2014 1779 2086 morbo
1804 2012 1952 2087 levaret.
1984 2012 2110 2106 Neque
2138 2031 2288 2106 operam

657 2124 954 2220 perdidit1nam
988 2125 1129 2210 amicus,
1165 2146 1208 2198 ea
1233 2124 1478 2222 objurgatione
1503 2123 1633 2198 acriter
1666 2125 1888 2214 verberatus
1918 2123 2154 2220 perniciosum
2182 2119 2289 2192 illum

656 2234 814 2309 libellum
832 2236 991 2309 Vulcano
1015 2236 1207 2318 mandavit,
1224 2242 1330 2330 etque
1356 2235 1480 2310 eodem
1498 2243 1625 2330 puncto
1645 2235 1824 2332 temporis,
1845 2243 2013 2332 tanquam
2040 2235 2070 2308 si
2099 2232 2288 2306 materiam

658 2347 770 2420 morbi
788 2347 964 2444 ejecisset,
985 2370 1007 2420 a
1024 2369 1063 2421 se
1080 2346 1204 2420 febrim
1221 2369 1293 2419 una
1310 2345 1485 2421 discussit.
1507 2383 1523 2416 a

707 2455 841 2554 Corpus
873 2458 1042 2533 Stenislai
1059 2457 1247 2533 cardinalis
1266 2458 1444 2531 conditum
1461 2457 1645 2554 intemplo
1672 2459 1709 2533 S.
1730 2458 1860 2532 Mariae
1885 2466 1985 2532 trans
2016 2454 2194 2541 Tiberim;
2221 2453 2292 2528 ibi·

660 2568 741 2644 dem
752 2570 908 2665 elogium
920 2571 1025 2668 hujus
1038 2571 1166 2646 recitat
1178 2569 1339 2643 Andreas
1355 2569 1402 2642 du
1416 2571 1747 2667 SausayParisinus
1762 2570 1997 2668 episcopusin
2010 2591 2075 2643 suo
2101 2565 2289 2664 opusculo,

661 2681 829 2777 inscripto
847 2681 922 2754 sic:
944 2682 1098 2778 insignis
1117 2681 1161 2754 de
1180 2680 1417 2778 Scriptoribus
1435 2681 1694 2772 Ecclesiasticis
1712 2681 1828 2756 Emin.
1858 2679 2050 2754 cardinalis
2075 2679 2287 2754 Bellormini

664 2793 891 2880 continuatio,
912 2794 1042 2893 pagina
1058 2795 1133 2870 28:
1177 2833 1189 2860 .

1342 2995 1499 3062 Stanislso
1525 2994 1623 3062 Hosio

1423 3090 1539 3157 Polono

1250 3215 1255 3232 =
1322 3188 1354 3254 S.
1367 3187 1405 3254 R.
1423 3186 1459 3252 E.
1473 3185 1637 3264 cardinali,

1297 3281 1475 3348 Vermiensi
1495 3281 1648 3367 episcopo,
1719 3343 1723 3350 .

1284 3377 1394 3462 majori
1406 3377 1651 3456 Ponitentisrio,

1068 3475 1141 3541 vitae
1155 3471 1342 3547 sanctitatis,
1359 3471 1543 3538 eruditionis
1558 3473 1591 3538 et
1608 3473 1789 3558 eloquentiae
1803 3471 1902 3560 gloria

1241 3619 1243 3626 ,
1363 3563 1575 3642 celeberrimo,

1134 3661 1302 3730 Catholicae
1317 3659 1391 3728 fidei
1404 3661 1555 3728 acerrimo
1567 3663 1807 3750 pmpugnatoria

1415 3773 1470 3840 qm
1481 3773 1552 3822 cnm

1335 3851 1473 3935 antiquae
1484 3851 1650 3936 probitatis

1298 3943 1332 4009 et
1343 3943 1485 4028 episcopi
1511 3945 1685 4028 vigilantiae

1373 4040 1587 4123 prestantium

1211 4133 1245 4198 in
1257 4132 1450 4208 hnmilitate,
1467 4134 1630 4212 charitate,
1646 4135 1793 4202 castitate

1255 4231 1287 4295 et
1295 4229 1501 4296 beneficentia
1511 4227 1723 4312 expressisset,

1158 4322 1321 4390 hereticas
1342 4325 1443 4388 sectas
1459 4321 1585 4404 scriptis
1609 4323 1643 4386 et
1667 4322 1808 4390 consiliis

1160 4419 1404 4506 sapientissime,
1414 4419 1568 4485 ferventer
1590 4421 1810 4502 oppugnasset,

1212 4515 1328 4582 multos
1339 4515 1378 4581 ab
1394 4514 1550 4581 erroribus
1568 4516 1754 4592 revocasset,

1247 4609 1503 4695 gravissimisque
1518 4607 1731 4694 legationibus
1850 4654 1854 4668 .

1281 4724 1335 4788 pro
1352 4723 1427 4789 paee
1451 4704 1599 4772 Ecclesiu
1614 4703 1684 4781 Dei,

1018 4803 1087 4868 tum
1097 4799 1180 4886 opud
1195 4799 1342 4867 (lamium
1357 4799 1384 4865 V
1399 4803 1431 4866 st
1445 4798 1535 4865 rard.
1563 4799 1685 4878 cesar,
1701 4807 1769 4864 turn
1785 4797 1939 4884 precipua

1139 4966 1141 4970 ,
1254 4895 1288 4961 in
1302 4895 1335 4963 S.
1356 4893 1496 4962 concilio
1511 4893 1705 4971 Tridentino,

1264 4990 1320 5057 Pie
1335 4989 1381 5056 IV
1395 4987 1551 5074 pontificis
1565 4989 1703 5066 nomine,

1312 5085 1443 5152 feliciss.
1465 5083 1658 5167 perfunctus,

1282 5179 1468 5248 Christianae
1481 5177 1673 5263 Reipublicae

1295 5275 1470 5361 plurimum
1482 5273 1648 5359 profuisset
1661 5292 1668 5337 :
