4930 6634
667 812 775 873 LIBER
798 813 977 874 SEPTIMUS
999 813 1214 891 [loto-1630).
1723 816 1785 882 265

171 1005 366 1102 triumphos
385 1011 550 1080 evocatus
569 1025 592 1074 a
609 1004 698 1089 Deo,
720 1002 806 1075 VIII
824 1002 996 1076 kalendas
1016 1001 1190 1086 octobres,
1211 1025 1231 1074 e
1250 1002 1464 1075 Chotimensi
1493 1001 1651 1076 castello.
1674 1004 1787 1077 Natus
1811 1013 1898 1110 1621„

171 1131 206 1202 in
224 1129 467 1225 antiquissima
494 1129 610 1224 gentis
628 1128 824 1200 LituanIcae
838 1150 877 1199 ac
895 1127 1050 1222 principe
1067 1126 1212 1209 familia,
1232 1126 1436 1221 parentibus
1468 1128 1491 1201 J
1494 1150 1607 1202 oanne
1633 1136 1668 1201 et
1692 1128 1789 1201 Chri·
1811 1094 1943 1244 {w
1999 1103 2001 1108 Ι

172 1256 277 1340 atina,
297 1252 594 1326 Zborovskiorum
625 1251 895 1324 castellanorum
926 1250 1208 1324 Oracoviensium
1236 1250 1342 1322 filla:
1373 1251 1557 1324 comitibus
1582 1252 1619 1324 in
1646 1251 1786 1337 Sahlov,

172 1378 274 1475 Myse
293 1385 330 1449 et
348 1377 509 1472 Bychov,
530 1375 824 1470 gubernatoribus
855 1374 1026 1458 Livoniae‚
1045 1357 1191 1446 ducibus
1225 1375 1437 1447 exercituum
1457 1375 1644 1448 Lituaniae.
1670 1378 1790 1449 Pater

173 1501 319 1574 loannis
338 1501 455 1574 Caroli
473 1501 579 1573 rebus
597 1499 715 1571 multis
734 1500 827 1572 domi
853 1499 1056 1594 militiaeque
1077 1499 1187 1594 gestis
1204 1487 1347 1572 senator
1365 1506 1401 1572 et
1417 1501 1607 1595 imperator
1624 1500 1785 1598 inclytus.

172 1625 201 1698 A
219 1624 358 1698 Caluini
376 1631 473 1698 secta
499 1624 545 1695 ad
571 1623 766 1696 Ecclesiam
784 1623 992 1696 catholicam
1010 1645 1116 1717 opera
1136 1623 1292 1718 theologi
1321 1624 1432 1696 nostri
1451 1625 1632 1697 Francisci
1660 1625 1788 1712 Toleti,
1817 1658 1855 1714 D,
1876 1658 1960 1715 coue-

173 1771 272 1844 quem
295 1747 485 1822 cardinalis
510 1747 800 1831 Commendouus‚
822 1749 976 1820 Romani
994 1747 1176 1820 Pontifiois
1201 1748 1246 1819 ad
1275 1748 1430 1820 Polonos
1460 1747 1611 1843 legatus,
1633 1749 1792 1821 comitem
1814 1738 1936 1872 {22}ss
1985 1819 1994 1844 .

171 1873 376 1957 adduxerat,
397 1879 580 1944 revocatus
591 1871 626 1967 (1)
645 1872 709 1943 sub
727 1871 875 1944 comitiis
889 1872 1003 1965 regni,
1024 1871 1154 1944 habitis
1171 1872 1355 1944 Varsaviae
1373 1896 1432 1945 an.
1454 1873 1559 1959 1572,
1577 1873 1788 1945 Societatem
1815 1897 1952 1952 Aedem·

174 2004 329 2071 nostram
346 1997 536 2070 adamavit.
558 1997 695 2068 Praeter
712 1997 784 2068 alia
809 2018 871 2066 sua
900 1995 1070 2068 beneficia
1096 1995 1184 2067 illud
1203 2003 1268 2080 est,
1291 1997 1381 2091 quod
1400 1997 1495 2092 regis
1522 1997 1693 2092 Stephani
1710 2020 1790 2069 con·
1815 1976 1934 2108 &effi

175 2122 287 2193 siIIum
316 2121 353 2192 in
389 2120 638 2193 confirmandis
673 2119 882 2192 academicis
906 2118 1055 2213 Collegii
1087 2119 1267 2191 Vilnensis
1297 2120 1490 2215 privilegiis
1525 2121 1701 2192 sententia
1726 2141 1791 2192 sua

175 2268 326 2339 curaque
343 2246 569 2341 promoverit,
588 2244 703 2339 Hujus
722 2251 806 2316 natu
825 2243 938 2315 minor
955 2243 1062 2326 filius,
1083 2243 1140 2315 hic
1154 2250 1273 2315 noster
1287 2243 1309 2314 J
1312 2265 1443 2316 oannes
1463 2244 1621 2330 Carolus,
1637 2243 1790 2318 Alexan·

175 2370 226 2441 dri
260 2372 489 2444 Trocensium
527 2368 677 2463 palatini
716 2359 848 2452 frater,
875 2367 1024 2462 primum
1062 2367 1248 2463 pocillator
1280 2369 1468 2453 Lituaniae,
1501 2370 1627 2442 deinde
1660 2392 1791 2463 praeses

175 2492 379 2588 Samogitiae
398 2495 617 2589 capitaneus,
639 2499 675 2564 et
702 2492 772 2564 dux
802 2493 1021 2586 campestris
1042 2492 1191 2586 denique
1218 2492 1438 2564 Vilnensium
1455 2493 1641 2588 palatinus,
1664 2485 1791 2587 guber·

175 2625 274 2690 nator
292 2616 464 2700 Livoniee,
487 2624 523 2688 et
550 2637 733 2710 supremus
765 2615 836 2687 dux
865 2615 1078 2687 exercituum
1110 2615 1296 2688 Lituaniae.
1314 2615 1369 2687 Ad
1397 2639 1454 2688 res
1481 2616 1588 2688 armis
1617 2617 1792 2710 gerendas
1817 2631 1956 2723 ngenium

175 2751 288 2826 natus,
302 2742 378 2837 jam
394 2765 496 2836 puer,
517 2741 612 2813 visus
644 2749 698 2813 est
729 2742 805 2834 regi
831 2738 1004 2823 Poloniae‚
1025 2762 1102 2810 cum
1128 2739 1318 2835 aliquando
1343 2740 1460 2811 Vilnae
1482 2761 1602 2832 regem
1619 2740 1792 2836 hospitem
1818 2711 1954 2848 ffiffissn

175 2869 314 2940 nomine
342 2865 622 2939 academicorum
652 2864 834 2949 salutaret,
869 2864 1125 2957 contemplatus
1159 2872 1333 2937 oratorem
1369 2864 1545 2960 princepe,
1578 2887 1655 2938 eam
1687 2863 1795 2938 animi

175 2991 413 3086 praesentiam,
433 2989 513 3062 illos
531 2990 649 3061 vultus
675 2988 773 3084 pueri
792 2987 950 3072 martios,
972 2989 1227 3082 praenuntiasse
1244 2989 1355 3060 fertur
1376 3012 1383 3058 :
1404 2989 1479 3060 fore
1496 2988 1590 3060 hunc
1606 2987 1794 3082 aliquando

177 3113 320 3187 heroem
337 3113 602 3208 magnanimum
618 3136 661 3186 ac
683 3113 819 3184 ducem.
842 3110 899 3182 Ad
911 3111 946 3181 id
965 3111 1121 3183 Ioannes
1135 3120 1258 3207 suopte
1276 3112 1416 3206 ingenio
1434 3112 1646 3206 fingebatur.
1667 3111 1796 3184 Nullus

177 3238 243 3310 sibi
255 3237 446 3334 jucundior
476 3259 591 3309 sermo
608 3259 713 3330 quam
732 3235 775 3307 de
800 3236 887 3306 actis
913 3235 1059 3307 heroum
1076 3234 1250 3331 rebusque
1276 3235 1424 3308 bellicis.
1452 3235 1623 3308 Versatus
1649 3255 1797 3330 peregre

174 3363 210 3434 in
247 3363 448 3456 Hungaria,
482 3361 687 3444 Germania,
726 3361 843 3445 Italia,
873 3360 1011 3442 Melita,
1050 3359 1178 3444 Galba,
1193 3362 1195 3366 ’
1213 3359 1393 3454 HIspania,
1422 3357 1618 3442 Lusitania,
1655 3359 1793 3454 Belgio,

174 3487 305 3570 Scotia,
322 3485 468 3581 Anglia,
494 3484 682 3582 multarum
705 3507 823 3556 rerum
843 3491 877 3556 et
902 3485 1030 3555 artium
1050 3483 1085 3554 in
1102 3483 1224 3577 primis
1250 3485 1450 3556 militarium
1478 3485 1659 3557 scientiam
1676 3507 1796 3556 conse·

173 3618 275 3682 cutus
301 3617 368 3682 est.
402 3608 536 3680 Eadem
564 3608 749 3680 occasione
774 3607 961 3678 multorum
992 3607 1202 3702 principum,
1222 3608 1314 3679 inter
1341 3607 1429 3680 aIIos
1451 3606 1591 3680 illorum
1609 3607 1798 3680 celebrIum

177 3734 400 3818 bellatorum,
434 3733 575 3820 Albani,
597 3733 808 3817 Parmensis,
846 3732 1036 3816 Austriaci,
1070 3732 1247 3816 Mauricii,
1287 3732 1483 3804 conciliavit
1521 3733 1587 3805 sibi
1610 3734 1792 3806 amicitias.

176 3859 300 3932 Prima
317 3859 400 3932 huic
421 3858 665 3954 exaperiendee
683 3857 821 3929 virtutis
849 3865 973 3951 aperta
1008 3857 1146 3928 occasio
1171 3857 1207 3927 in
1230 3858 1361 3951 campis
1390 3857 1596 3941 Moldaviae,
1626 3859 1795 3932 adversus

176 3985 255 4078 ejus
281 3982 471 4079 provinciae
500 3981 707 4076 palatinum,
728 3979 952 4064 Michaelem,
974 3987 1092 4052 secuto
1119 3979 1241 4052 ducem
1268 3980 1497 4052 clarissimum
1527 3981 1701 4053 Ioannem
1732 3981 1795 4051 Za·
1820 4042 1900 4096 Amor
1915 4045 1943 4098 at

177 4106 390 4202 moyskium.
412 4105 654 4180 crescentibus
671 4105 754 4175 inde
771 4104 910 4188 animis,
931 4103 1035 4175 sortia
1054 4109 1090 4176 et
1106 4104 1181 4198 ipse
1198 4103 1372 4188 meditari,
1394 4103 1555 4198 domique
1579 4126 1643 4197 per
1672 4104 1793 4188 otium,
1822 4121 1938 4176 statium

177 4230 309 4302 coactis
321 4229 358 4301 in
377 4249 538 4323 campum
553 4226 817 4320 distributisque
831 4228 866 4298 in
885 4225 1045 4299 cohortes
1063 4235 1098 4299 et
1111 4234 1245 4298 turmas
1258 4227 1381 4299 aulicis
1395 4227 1613 4322 paganisque
1630 4227 1794 4311 servitiis,
1821 4202 1926 4335 ffiucff

176 4353 354 4426 instruere
389 4353 496 4437 acies,
535 4354 753 4424 committere
782 4351 952 4423 adversas
986 4357 1118 4445 partes
1160 4373 1348 4446 pugnaque
1370 4350 1560 4448 ¹umbratili
1594 4349 1758 4425 collidere
1787 4377 1795 4423 :
1822 4373 1891 4414 rum.

125 4485 136 4501 ⁶
179 4477 371 4560 sustinere,
407 4474 639 4570 perfringere,
667 4476 825 4557 turbare,
858 4476 1042 4548 restituere
1076 4498 1083 4544 :
1116 4475 1246 4546 adoriri
1281 4476 1409 4548 circum
1445 4481 1561 4570 septos
1591 4475 1795 4570 aggeribus,

178 4599 356 4685 obsidere,
378 4599 500 4672 vineas
519 4599 725 4696 pluteosque
745 4621 868 4694 agere,
889 4620 1109 4693 oppugnare,
1133 4599 1214 4670 hinc
1239 4599 1335 4671 illino
1360 4600 1496 4672 hostem
1514 4607 1799 4684 summovere,·et

178 4733 328 4798 caeteros
346 4725 520 4821 ejusmodi
546 4725 648 4797 ludos
679 4725 783 4797 edere
815 4724 886 4796 suis
915 4723 1126 4798 vernaculis.
1144 4723 1232 4795 Haec
1257 4723 1316 4796 ille
1346 4747 1420 4818 prae
1446 4724 1625 4803 conviviis,
1647 4724 1795 4810 choreis,

178 4849 402 4944 theatrisque
422 4848 657 4922 comoedorum
673 4849 824 4920 amabat.
843 4848 883 4918 Iu
896 4846 960 4918 tali
976 4845 1205 4942 hippodromo
1231 4871 1309 4920 cum
1329 4847 1518 4943 aliquando
1536 4850 1612 4945 ipse
1631 4849 1800 4944 magister

180 4973 340 5066 equitum
364 4994 428 5067 pro
455 4973 549 5044 seria
578 4996 617 5046 re
646 4980 784 5066 ageret,
813 4971 994 5066 prolapsus
1021 4992 1063 5042 ex
1090 4993 1177 5064 equo
1202 4970 1327 5066 pedem
1355 4970 1472 5067 fregit.
1494 4971 1629 5045 Nuntio
1658 4972 1799 5044 interim
1823 4991 1893 5048 Usus
1908 5007 1949 5047 ar·

176 5105 339 5194 accepto,
360 5121 435 5170 rem
463 5098 525 5192 agi
549 5098 709 5194 patriam,
739 5103 961 5191 expugnante
985 5093 1167 5166 Livoniam
1194 5094 1319 5180 Sueco,
1349 5097 1519 5168 contineri
1549 5097 1644 5169 haud
1669 5097 1795 5191 potuit,
1821 5085 1969 5204 ffifflflffi

227 5231 276 5314 (1)
298 5235 417 5296 loannis
439 5242 519 5311 pater
532 5236 568 5294 ad
584 5234 739 5293 Ecclesiam
754 5250 805 5308 por
820 5235 852 5292 P.
870 5236 998 5294 'soletum
1014 5241 1194 5313 aggregatus.

1636 5339 1669 5394 34
