4948 6672
671 797 735 868 156
1356 808 1592 874 eructemus.

719 972 758 1047 6ο
771 973 1019 1071 Sigismundus
1033 977 1050 1051 1
1064 1001 1128 1054 rex
1141 999 1235 1053 anno
1261 968 1356 1056 1510
1375 1003 1438 1055 suo
1456 981 1647 1080 diplomate
1664 985 1722 1084 (91
1749 986 1956 1062 instantiam
1971 989 2168 1087 principum
2184 991 2296 1087 graeci

677 1086 767 1160 ritus
781 1096 817 1164 et
843 1091 992 1189 Josephi
1011 1093 1249 1191 Metropolitae
1264 1118 1308 1168 ac
1324 1095 1474 1170 aliorum
1489 1100 1732 1195 episcoporum
1758 1101 1944 1198 unitorum)
1972 1125 2098 1177 causas
2123 1104 2296 1200 speciales

676 1223 877 1277 communes
906 1206 953 1277 ad
969 1207 1228 1302 metropolitam
1245 1207 1471 1284 Kioviensem
1495 1213 1672 1308 totiusque
1694 1215 1837 1288 Russiae
1854 1222 1890 1288 et
1902 1215 2084 1310 episcopos
2105 1215 2138 1289 ei
2159 1216 2297 1312 subjec-

675 1318 744 1398 tos,
755 1313 859 1408 juxta
870 1319 1136 1394 constitutiones
1153 1343 1327 1398 canonum
1344 1347 1464 1399 eornm
1479 1325 1661 1400 catholicae
1669 1325 1857 1400 Orientalis
1875 1325 2057 1412 Ecclesiae,
2077 1334 2292 1424 spectantes,

675 1432 771 1535 vetat
795 1449 818 1498 a
843 1429 1073 1506 saecularibus
1096 1434 1262 1529 judicari,
1282 1443 1317 1510 91
1349 1459 1410 1514 999
1439 1437 1476 1510 19
1492 1439 1555 1511 illa
1584 1461 1622 1512 se
1657 1439 1856 1514 immittere.
1878 1439 1926 1512 Et
1958 1439 2076 1513 omnia
2089 1441 2175 1535 jura
2197 1439 2295 1513 clero

675 1535 818 1610 Russiae
842 1544 1010 1636 praesenti
1032 1553 1067 1618 et
1083 1545 1200 1620 futoro
1232 1570 1255 1620 a
1280 1547 1353 1620 9919
1382 1549 1663 1624 antecessoribus
1690 1550 1775 1625 data
1790 1551 1987 1636 confirmat,
2015 1550 2175 1645 ritusque
2190 1549 2297 1622 191191

673 1652 899 1746 magnatibus
916 1662 1026 1742 vetat,
1046 1679 1092 1730 ne
1108 1657 1217 1732 ullam
1232 1658 1286 1732 illi
1304 1660 1454 1758 injuram
1470 1664 1636 1749 inferant,
1657 1687 1746 1740 neve
1766 1665 1805 1738 in
1818 1663 1989 1748 redditus,
2003 1685 2186 1760 personas,
2202 1687 2294 1737 cau-

674 1789 743 1855 sas,
760 1773 795 1840 91
797 1768 932 1863 Judioia
946 1771 1143 1866 spiritualia
1165 1796 1245 1848 sese
1256 1776 1435 1871 ingerant,
1471 1787 1530 1852 ent
1561 1779 1766 1853 collationes
1795 1776 2021 1851 ecclesiarum
2046 1775 2157 1870 graeci
2183 1775 2290 1860 ritus,

672 1899 753 1972 qum
781 1878 989 1972 spectabant
1005 1883 1199 1978 antiquitus
1227 1887 1273 1959 ad
1290 1890 1599 1985 metropoliamvel
1623 1892 1845 1988 episcopatus
1873 1887 2071 1974 Ruthenos‚
2088 1887 2124 1960 in
2138 1911 2202 1962 suu
2225 1887 2294 1960 ha·

672 1987 779 2062 beant
801 1997 990 2085 potestate.
1006 1994 1119 2067 Porro
1131 1997 1321 2091 praedictus
1338 2001 1563 2098 metropolita
1579 2004 1601 2076 J
1604 2003 1756 2097 osephus
1778 1999 2002 2096 quamfuerit
2018 1999 2056 2072 S.
2076 1999 2125 2072 R.
2146 1999 2190 2072 Ε.
2211 1998 2293 2070 991-

671 2100 906 2185 tus,velindc
926 2103 1157 2199 dignoscitur,
1189 2108 1282 2203 quod
1313 2107 1486 2186 Chronica
1508 2115 1734 2188 Moschorum
1752 2111 1790 2185 S.
1818 2111 1864 2185 R.
1899 2111 1943 2183 Ε.
1970 2110 2294 2184 inimicissimorum

671 2211 762 2309 (qnae
795 2239 871 2310 prae
904 2216 1066 2291 manibus
1094 2218 1228 2292 habent
1256 2221 1415 2296 Rutheni
1447 2226 1547 2322 uniti)
1564 2233 1686 2322 aperte
1706 2223 1839 2308 dicant,
1861 2223 1962 2298 illum
1992 2221 2153 2297 absolute
2180 2221 2295 2296 fuisse

670 2323 832 2414 latinum,
865 2335 900 2401 91
932 2330 1150 2424 areligione
1174 2354 1290 2426 399999
1319 2343 1525 2428 apostatam,
1547 2344 1583 2409 et
1606 2333 2290 2418 1991999119991119199991911919,

671 2437 901 2535 quodlingua
917 2439 1098 2516 slavonica
1122 2466 1262 2518 sacrum
1279 2445 1397 2518 missae
1423 2447 1573 2521 officium
1595 2446 1802 2524 celebraret.

720 2547 818 2622 Idem
831 2552 1079 2648 Sigismundus
1096 2555 1190 2628 lrex
1206 2556 1366 2630 Poloniae
1379 2557 1415 2628 in
1434 2558 1504 2632 alio
1530 2558 1721 2654 diplomate
1741 2559 1823 2633 dato
1844 2581 1938 2632 anno
1975 2558 2082 2642 1522,
2101 2555 2204 2651 regni
2233 2555 2293 2627 sui

675 2659 720 2734 16
732 2670 770 2704 ¹¹²⁰
787 2716 795 2747 ,
814 2669 964 2738 testatur
979 2667 1125 2740 vetitum
1141 2667 1249 2748 fnisse
1261 2691 1325 2763 per
1341 2669 1496 2763 diploma
1513 2671 1704 2745 Wladislai
1726 2673 1834 2767 regis,
1855 2671 1911 2744 sni
1932 2671 2003 2757 avi,
2023 2671 2068 2744 ab
2084 2667 2292 2744 Alexandro

670 2771 814 2847 Vitoldo
840 2798 970 2872 magno
1009 2775 1097 2851 duce
1126 2777 1329 2853 Lithuaniee
1346 2791 1540 2878 receptum,
1560 2806 1606 2859 ne
1622 2783 1814 2880 dignitates
1835 2783 1919 2856 ullae
1954 2781 2187 2856 schismaticis
2205 2803 2292 2853 con·

494 2925 500 2936 ·
574 2988 581 2994 ·
667 2884 1097 2963 ferrenturinLithuania.

715 2999 813 3072 1199
829 3023 923 3074 anno
956 3001 1050 3076 1529
1069 3001 1289 3076 confirmavit
1304 3003 1530 3103 priuilegium
1551 3007 1843 3104 incorporationis
1860 3006 1982 3102 magni
1999 3006 2147 3079 ducatus
2163 3001 2290 3077 Litho-

601 3165 604 3174 .
668 3109 762 3182 anias
787 3110 832 3184 ad
855 3134 1002 3206 993999
1021 3112 1194 3197 Poloniae,
1213 3136 1308 3188 anno
1334 3117 1464 3194 14139
1484 3119 1669 3193 Vladislao
1697 3119 1886 3214 degellone
1907 3127 2116 3192 emanatum.
2150 3117 2190 3190 ln
2215 3137 2289 3212 quo

667 3222 746 3296 haec
773 3222 934 3296 formalia
963 3223 1140 3297 habentur
1172 3225 1309 3298 uerba:
1340 3232 1979 3322 99919999999191199191911999,
2008 3233 2215 3320 prioiteyiis,
2253 3235 2290 3298 91

668 3356 828 3437 indutiis,
856 3359 884 3422 ii
918 3357 1157 3426 tantammodo
1178 3357 1314 3425 domini
1326 3363 1359 3426 91
1377 3357 1510 3425 nocctes
1523 3361 1630 3424 terrae
1641 3357 1981 3426 Litbuaniaedcbeat
2001 3355 2286 3442 obsecundare,

667 3479 916 3565 9911999999
944 3484 978 3546 91
1004 3479 1178 3547 9191991119
1199 3478 1371 3546 nobilium
1391 3479 1497 3566 repsi
1522 3478 1679 3546 Potoniaa
1702 3485 1786 3546 sant
1812 3497 1985 3558 concessa,
2008 3478 2170 3564 quisunt
2192 3457 2290 3543 cbri-

665 3599 792 3667 sticnae
815 3597 907 3681 fidei,
924 3604 957 3666 et
971 3598 1119 3683 subiecti
1129 3599 1298 3666 Romana
1311 3599 1490 3677 Ecclesia,
1516 3618 1588 3667 non
1610 3604 1729 3666 cutem
1741 3597 1959 3667 schimatici
1969 3595 2099 3666 9919111
2112 3595 2286 3680 infideles.

716 3721 814 3795 Idem
836 3723 997 3816 denique,
1019 3743 1112 3793 anno
1140 3721 1245 3809 1543,
1266 3721 1488 3817 privilegium
1506 3743 1529 3795 a
1557 3721 1757 3796 Wladislao
1778 3719 2002 3818 Jagellonide
2028 3719 2149 3792 datum
2177 3717 2289 3792 unitis

666 3835 839 3932 episcopis
856 3833 1085 3908 confirmarit.
1104 3831 1215 3904 Porro
1229 3842 1347 3907 99199
1362 3834 1456 3908 1199
1472 3833 1658 3907 11999199
1670 3845 1724 3910 991
1738 3835 1782 3908 19
1803 3832 2035 3908 serenissimis
2052 3829 2196 3927 regibus
2209 3831 2288 3927 ejus

668 3943 941 4031 successoribus,
970 3944 1194 4040 Sigismnndo
1212 3944 1388 4041 Angusto,
1418 3947 1584 4034 Henrico,
1611 3944 1789 4038 Stephano
1815 3951 1851 4016 et
1881 3940 2108 4036 Sigismundo
2142 3938 2209 4022 111,
2228 3939 2290 4034 qui

668 4083 790 4134 omnes
801 4059 838 4133 in
864 4058 936 4132 suis
953 4057 1236 4131 coronationibus
1255 4058 1337 4132 199
1350 4061 1550 4155 juramento
1577 4059 1762 4130 firmarunt
1786 4077 1823 4127 99
1846 4054 1963 4126 99919
1976 4059 2010 4126 91
2036 4052 2175 4148 9193919
2186 4053 2286 4148 jura,

669 4195 692 4246 a
721 4173 793 4246 suis
811 4169 1128 4267 praedecessoribus
1144 4170 1269 4244 incolis
1287 4171 1388 4266 regni
1406 4177 1441 4245 91
1457 4171 1510 4243 Μ.
1527 4171 1572 4242 D.
1593 4161 2288 4260 1111999191919,9999991119119199

671 4283 870 4380 dagellone,
912 4279 1112 4354 Wladislao
1151 4282 1388 4378 Jagellcnide,
1423 4282 1605 4366 casimiro,
1638 4278 1840 4355 Alexandro
1865 4284 1900 4354 91
1934 4275 2159 4372 sigismundo
2185 4277 2215 4363 I,
2248 4275 2289 4348 in

671 4421 734 4471 suo
761 4396 882 4490 vigore
915 4401 1205 4479 conservaturos;
1239 4393 1343 4467 simul
1384 4395 1490 4468 91199
1517 4396 1598 4492 jura
1620 4401 1655 4466 et
1684 4389 1920 4466 immunitates
1953 4389 2129 4462 unitorum
2157 4411 2195 4462 se
2224 4385 2288 4462 de-

669 4511 830 4588 fensuros
856 4511 1059 4607 juramento
1092 4509 1292 4582 firmabant.

720 4624 758 4695 7⁰
777 4621 935 4717 Denique
956 4620 1094 4694 etiamsi
1116 4619 1262 4693 dubium
1292 4625 1385 4692 99991
1396 4619 1457 4714 jos
1475 4616 1663 4702 unitorum,
1687 4615 1815 4698 adhuc,
1843 4604 1948 4706 juxta
1976 4617 2157 4707 acceptam
2179 4634 2286 4708 regu-

666 4721 741 4811 lam
755 4735 858 4832 juris,
890 4735 929 4806 in
955 4733 1067 4806 dubiis
1091 4729 1215 4804 melior
1240 4739 1295 4806 991
1328 4729 1482 4804 99911119
1516 4726 1742 4824 possidentis.
1774 4724 1861 4796 Cum
1887 4745 1973 4818 ergo
2015 4723 2103 4795 99111
2148 4724 2218 4798 9191
2248 4725 2287 4798 19

667 4845 893 4948 possessione
922 4843 1046 4917 horum
1075 4843 1338 4941 episcopatuum
1369 4850 1404 4918 et
1428 4839 1663 4924 ecclesiarum,
1690 4860 1762 4911 non
1786 4843 1933 4932 possunt
1954 4833 2025 4906 illis
2053 4835 2186 4930 privari
2208 4836 2286 4910 sine

667 4959 809 5058 injuria.
846 4957 1016 5038 Quocirca
1049 4979 1114 5029 nec
1146 4954 1311 5030 alienatio
1334 4957 1413 5028 haec
1442 4950 1664 5050 concedenda
1688 4956 1755 5036 est,
1784 4971 1849 5021 nec
1873 4948 1906 5020 ei
1932 4969 2096 5020 assensus
2125 4947 2285 5042 praeben·

670 5073 750 5158 dns,
776 5069 916 5145 etiamsi
944 5069 1167 5164 nescioquas
1190 5069 1284 5142 bona
1309 5063 1599 5163 sperentur·inde
1616 5071 1807 5136 secutura:
1838 5060 1932 5153 quia,
1952 5071 1991 5132 ut
2015 5059 2066 5132 911
2094 5059 2287 5155 Apostolus

668 5175 786 5288 (Rom.
806 5183 873 5272 Ill,
887 5182 1102 5282 8),nonsunt
1118 5179 1281 5256 facienda
1297 5177 1403 5264 mala,
1424 5183 1463 5249 91
1474 5177 1638 5252 eueniant
1653 5178 1765 5263 bona,
1783 5183 1889 5272 atque
1905 5173 1956 5248 119
1971 5175 2016 5247 ob
2027 5197 2125 5272 spem
2136 5171 2235 5272 pacis
2248 5177 2288 5251 in
