4906 6642
1365 840 1413 895 ἡ
1441 817 1553 896 Ἡ.-

685 1008 865 1134 Suadebat
913 1040 1052 1114 quoque
1112 1030 1242 1097 natura
1288 1026 1488 1120 argumenti
1529 1049 1624 1124 saepe
1674 1027 1805 1122 saepius
1841 1028 2018 1102 versantis
2066 1025 2102 1100 in
2149 1026 2256 1101 rebus

637 1129 898 1226 Ruthcnorum,
926 1144 1012 1217 mihi
1033 1146 1175 1241 quidam
1203 1149 1373 1246 peculiari
1397 1152 1481 1250 jure
1514 1152 1724 1250 gratissimis
1753 1178 1820 1230 nac
1857 1179 2010 1252 unquam
2040 1155 2087 1228 ad
2116 1153 2260 1228 satiata·

628 1259 699 1328 tem
733 1264 937 1361 exploratis.

686 1385 768 1458 Jam
802 1391 832 1462 si
862 1415 918 1466 me
969 1395 1013 1470 de
1041 1395 1206 1474 Auctoris
1241 1401 1314 1474 vita
1346 1404 1574 1498 perconteris,
1616 1404 1728 1481 latere
1762 1429 1818 1480 mc
1860 1403 1959 1478 illam
2005 1403 2079 1478 fere
2118 1425 2257 1476 omnem

632 1505 787 1603 ingenue
808 1513 965 1604 fatebor;
987 1541 1066 1614 quae
1085 1526 1203 1595 tamen
1228 1546 1342 1620 pauca
1357 1527 1485 1622 reperi,
1506 1528 1657 1603 libenter
1679 1530 1910 1604 communico.
1939 1557 1955 1590 s
1977 1528 2020 1602 P.
2058 1526 2256 1601 Stanislaus

630 1629 852 1724 Rostowshi,
884 1642 1076 1731 Masovita,
1112 1654 1216 1721 natus
1235 1671 1329 1722 anno
1359 1651 1449 1722 1711
1471 1650 1527 1725 die
1561 1652 1605 1726 13
1631 1655 1762 1728 mensis
1788 1653 2014 1738 Novembris,
2043 1651 2254 1724 Societatem

632 1762 720 1836 Jesu
752 1764 935 1860 ingressus
969 1769 1099 1857 Vilnae,
1132 1775 1319 1849 virtutibus
1367 1776 1549 1871 conjunxit
1595 1777 1793 1851 litterarum
1834 1778 1990 1852 studium
2024 1774 2252 1858 indefessum,
2347 1830 2351 1839 .

630 1892 670 1958 ut
684 1887 721 1958 in
744 1887 811 1962 hoc
845 1891 952 1964 stiam
969 1893 1124 1990 palmam
1157 1897 1238 1970 aliis
1269 1895 1490 1994 praeriperet,
1510 1903 1706 1995 pracsertim
1742 1902 1779 1975 in
1810 1901 1994 1974 rhetoricis
2030 1906 2066 1974 et
2093 1897 2252 1995 poeticis.

629 2010 754 2085 Studio
802 2015 992 2125 theologiae
1034 2021 1256 2096 scholasticae
1288 2023 1464 2108 absoluto,
1506 2032 1657 2120 quatuor
1699 2035 1781 2099 vota
1818 2025 1998 2120 professus
2030 2032 2097 2097 cst.
2129 2021 2256 2096 Docuit

629 2135 841 2212 rhetoricam
875 2142 1060 2219 Societatis
1105 2171 1169 2243 per
1214 2149 1334 2245 plures
1368 2173 1493 2225 annos.
1533 2151 1627 2224 Huic
1663 2152 1831 2227 debemus
1861 2152 2071 2248 discipulum
2100 2152 2137 2223 in
2175 2150 2254 2225 rhe-

628 2261 741 2334 torica
759 2265 961 2355 Societatis,
994 2270 1248 2366 amplissimum
1277 2277 1392 2348 virum
1421 2282 1565 2371 totoque
1597 2279 1681 2352 orbe
1714 2285 1888 2352 terrarum
1923 2275 2250 2358 celebratissimum,

627 2385 816 2464 admodum
846 2392 892 2467 R.
927 2396 971 2468 P.
1026 2399 1197 2474 Nostrum
1231 2402 1446 2476 stanislaum
1489 2402 1720 2476 Caerniewicz
1755 2403 1925 2475 vicarium
1959 2399 2163 2498 generalem
2189 2398 2254 2472 So·

627 2510 765 2588 cietatis
797 2519 897 2592 lesu.
927 2523 1075 2620 Scripsit
1108 2526 1150 2599 P.
1194 2526 1401 2600 Rostowshi
1417 2531 1615 2600 Historiam
1656 2528 1908 2599 Socictotis‘ia
1938 2529 2143 2609 Littamum,
2180 2523 2252 2594 'non

626 2637 741 2712 minus
772 2642 988 2720 alatinitate
1014 2673 1119 2744 quam
1154 2675 1176 2724 a
1210 2653 1302 2748 stylo
1348 2654 1517 2726 concinne
1556 2650 1785 2725 elaboratam.
1832 2652 2006 2746 Tempore
2048 2647 2251 2721 abolitionis

627 2760 816 2838 Societatis
863 2773 1038 2846 communi
1075 2797 1153 2846 cum
1183 2773 1263 2846 aliis
1300 2775 1418 2849 Vilnae
1448 2775 1605 2872 procella
1650 2775 1830 2848 involutus
1877 2773 2006 2845 mansit
2048 2768 2180 2842 ibidem
2213 2767 2249 2839 in

531 2921 533 2926 ·
626 2890 785 2990 collegio
820 2906 941 2973 nostro
976 2924 1039 2996 per
1066 2927 1178 2977 annos
1204 2901 1369 3000 aliquot;
1402 2900 1530 2976 deinde
1564 2897 1680 2973 missis
1715 2897 1760 2970 ad
1790 2895 1834 2968 Α.
1871 2895 1918 2968 R.
1957 2895 2001 2968 P.
2031 2892 2079 2965 N.
2114 2891 2250 2965 Stanis·

494 3091 497 3098 .
621 3014 718 3091 laum
745 3021 975 3098 Czerniewicz
992 3034 1067 3100 tum
1092 3028 1343 3123 provincialem
1367 3026 1496 3100 litteris
1523 3024 1729 3099 humillimis
1758 3046 1822 3121 pro
1852 3043 1917 3094 sua
1952 3017 2174 3113 susceptione
2205 3016 2251 3088 ad

623 3141 838 3222 Societatem
862 3173 1005 3247 compos
1030 3153 1143 3226 factus
1175 3153 1247 3226 voti
1273 3153 1370 3226 veuit
1399 3151 1593 3226 Poiooiam.
1627 3150 1743 3244 Atque
1774 3146 1912 3243 quietus
1956 3167 2034 3215 cum
2064 3141 2157 3227 aliis,
2191 3138 2249 3213 de·

622 3271 750 3344 missus
769 3272 945 3360 omnibus,
964 3273 1103 3349 deditus
1117 3277 1267 3350 orationi
1285 3287 1321 3353 et
1345 3278 1489 3352 lectioni
1509 3277 1686 3350 continuae
1710 3273 1809 3359 vixit,
1839 3271 1993 3366 obiitque
2019 3265 2252 3344 sacramentis

622 3394 779 3468 munitus
808 3419 903 3469 anno
945 3399 1052 3486 1784,
1084 3421 1207 3473 mense
1236 3399 1426 3474 februario.
1457 3436 1474 3468 2»
1515 3401 1604 3473 Haec
1632 3396 1779 3471 totidem
1814 3394 1930 3476 verbis
1960 3394 1998 3465 in
2031 3393 2252 3484 Compendiis

622 3542 705 3592 mss.
747 3520 911 3594 Vitarum
954 3523 1196 3599 defunctorum
1242 3525 1392 3624 Collegii
1424 3526 1631 3600 Polocensis
1680 3527 1725 3599 ab
1763 3546 1857 3598 anno
1896 3522 1988 3594 1749
2032 3518 2079 3592 ad
2119 3539 2251 3590 annum

630 3654 736 3729 1815.

670 3779 838 3855 Jamvero
875 3783 968 3878 quod
1015 3782 1062 3855 ad
1091 3782 1266 3856 rationem
1301 3802 1404 3852 novae
1439 3779 1546 3876 hujus
1572 3777 1737 3851 editionis
1763 3775 1898 3858 attinet,
1934 3770 2022 3843 illud
2053 3767 2142 3872 mihi
2176 3787 2251 3862 prae

619 3903 730 3978 oculis
767 3905 846 3991 fuit,
883 3907 1108 3979 ut'editionis
1160 3906 1343 3981 Viluensis
1389 3906 1475 3978 anni
1531 3905 1623 3979 1768
1656 3910 1792 3978 textum
1822 3897 2006 3974 redderem
2040 3892 2248 3990 genuinum,

619 4035 761 4101 servata
778 4029 855 4124 ipsa
880 4030 1059 4103 nominum
1077 4031 1307 4127 quorumdam
1331 4031 1598 4128 orthographia,
1618 4027 1721 4100 nobis
1748 4024 1887 4120 quidem
1916 4023 2032 4094 minus
2062 4013 2250 4115 probabili,

618 4151 764 4226 Auctori
781 4177 866 4226 vero
896 4154 1045 4251 aliisque
1063 4155 1294 4253 scriptoribus
1313 4155 1459 4229 Polonis
1490 4155 1651 4250 ejusdem
1673 4151 1787 4224 aetatis
1805 4148 1880 4221 lere
1898 4143 2059 4218 solemni.
2093 4139 2250 4214 Titulum

619 4273 849 4377 solumjoperi
866 4278 1030 4375 inscripsi
1047 4281 1277 4377 aliquatenus
1292 4278 1471 4353 diversum
1485 4278 1543 4374 il).
1565 4279 1679 4357 Quum
1705 4274 1798 4349 enim
1816 4269 2015 4345 Stanislaus
2042 4259 2250 4338 Rostowski

618 4400 820 4496 vulgaverit
847 4404 1089 4478 tantummodo
1103 4405 1253 4500 primam
1281 4406 1520 4480 Historiarum
1546 4409 1696 4499 partem,
1716 4401 1754 4473 in
1780 4401 1900 4504 decem
1916 4397 2025 4467 libros
2039 4391 2251 4484 totidemque

621 4545 795 4599 annorum
813 4525 964 4602 decades
977 4527 1220 4615 distributam,
1242 4551 1307 4603 nec
1328 4550 1411 4625 spes
1428 4527 1598 4624 affulgeat
1612 4550 1691 4601 eam
1716 4547 1871 4620 unquam
1890 4543 1967 4597 esse
1980 4516 2221 4614 complendam
2239 4540 2248 4601 ;

665 4832 706 4910 (1)
730 4829 837 4893 Prioris
860 4833 994 4893 editionis
1009 4835 1105 4892 titulus
1121 4839 1165 4894 est
1187 4833 1253 4893 hic:
1268 4829 1478 4890 Lduoiricaram
1500 4827 1643 4887 Socictctis
1667 4825 1736 4886 ,iesu
1761 4827 1934 4884 historiarum
1958 4825 2165 4906 provincialium
2187 4838 2252 4896 porr

616 4931 718 5004 prium¹
733 4937 840 4988 auctore
854 4927 994 4988 Stoairloo
1008 4927 1172 5003 Rostmoslci,
1189 4946 1224 4986 cx
1237 4925 1328 4986 codam
1343 4925 1478 4985 Sociciotc
1492 4933 1518 4982 ct
1536 4926 1676 4998 provincio
1697 4921 1841 4980 sacerdote.
1869 4921 1909 4978 M
1911 4916 2124 4979 DCCLXIIX.
2149 4915 2247 4990 Vilnoe,

619 5025 693 5098 typis
706 5023 736 5082 S.
756 5024 790 5096 it.
804 5023 841 5085 Μ.
853 5031 880 5084 et
897 5024 1071 5099 Reipublicae
1092 5024 1264 5084 academicis
1282 5022 1436 5082 Societatie
1451 5021 1531 5082 iesu.
1548 5019 1596 5092 (Vl
1611 5026 1639 5080 et
1652 5019 1709 5078 566
1723 5035 1788 5092 pag.
1804 5019 1831 5074 in
1844 5019 1907 5089 101⁰)
1920 5048 1959 5058 -
1974 5013 2178 5090 complectitur
2191 5029 2247 5072 aue

537 5169 543 5190 ,
619 5127 675 5178 tem
691 5121 752 5178 haec
765 5136 832 5195 pars
848 5121 996 5195 resprimo
1008 5121 1035 5178 in
1051 5121 1193 5195 provincia
1218 5119 1370 5180 Societatis
1385 5118 1520 5178 Lithuaua
1536 5115 1651 5188 saculo,
1666 5115 1692 5174 id
1707 5119 1751 5173 cst
1762 5114 1797 5172 ab
1812 5127 1886 5170 anno
1901 5111 1979 5170 1566
1996 5112 2030 5170 ad
2046 5125 2147 5170 aunum
2165 5109 2244 5168 1661

615 5215 764 5289 inclusive,
774 5220 881 5294 gestas.
