4896 6650
392 3719 396 3730 ’
489 3731 553 3784 nata
562 3729 628 3785 visit

1086 1453 1851 1556 LamtrANmARtrM

1310 1682 1522 1744 SOClETATlS
1542 1685 1628 1745 JESU

903 1877 2032 2084 Hrsrouruuou

1000 2335 1003 2340 .
1071 2287 1075 2296 ’
1150 2264 1393 2354 LIBER
1445 2261 1793 2352 TERTIUS

1354 2479 1579 2565 (roso-1590.)

1374 2722 1568 2761 ——eov—

572 3115 635 3172 ¹⁵⁸¹
740 3153 910 3206 vnnunno
934 3131 1171 3220 Mercuriano,
1193 3105 1396 3227 Praeposito
1416 3129 1604 3205 societatis
1625 3127 1797 3224 generali,
1824 3127 1993 3225 postridie
2011 3127 2087 3223 ejus
2104 3127 2188 3214 diei,
2213 3153 2283 3225 quo

765 3259 837 3333 divi
853 3257 1010 3353 parentis
1028 3258 1138 3330 nostri
1156 3255 1287 3352 Ignatii
1310 3256 1437 3354 enbac
1454 3256 1527 3326 vita
1555 3251 1601 3325 ad
1617 3251 1757 3326 beatam
1786 3250 2084 3325 immortalitatem
2113 3255 2284 3328 transitus

765 3383 975 3467 celebratur,
1008 3379 1217 3454 ann01580
1246 3403 1290 3454 ex
1320 3379 1492 3454 militante
1523 3378 1700 3452 Societate
1729 3375 1922 3461 translato,
1954 3373 2123 3448 suffectus
2153 3387 2281 3471 quarta

558 3573 570 3627 ¹
662 3507 821 3605 generali
839 3503 1120 3600 congregatione
1140 3503 1308 3576 Claudius
1335 3501 1532 3598 Aquaviva.
1562 3503 1753 3598 Negotium
1773 3503 1850 3598 ejus
1876 3510 2071 3576 conventus
2097 3505 2133 3578 X
2150 3505 2277 3582 kalen-

489 3645 512 3700 Ρ
538 3613 638 3702 σι’ωῑ·
662 3636 726 3707 das
739 3631 851 3726 majas
866 3627 1015 3701 feliciter
1030 3627 1237 3700 confectum.
1256 3627 1446 3700 Laurentio
1463 3626 1586 3722 Magio
1604 3628 1762 3700 loannes
1780 3625 1993 3707 carminata,
2010 3626 2071 3720 qui
2088 3627 2275 3702 Lituanica

489 3807 623 3864 emuna·
661 3759 787 3832 viseret
809 3754 982 3849 Collegia,
1003 3745 1192 3840 successit,
1213 3753 1508 3827 commemorabili
1526 3753 1650 3849 etipse
1668 3752 1799 3848 pietate
1816 3753 1882 3838 vir,
1903 3752 2110 3836 industrius,
2132 3776 2173 3826 ac
2191 3762 2279 3829 stre-

490 3901 639 3976 omencou-
662 3905 765 3955 nuus.
786 3876 1052 3954 concionatoris
1068 3899 1213 3950 munere
1232 3899 1344 3950 annos
1373 3878 1504 3972 plures,
1525 3877 1632 3950 etiam
1662 3901 1740 3950 cum
1770 3875 2013 3950 moderaretur
2046 3879 2276 3972 provinciam,

491 3976 534 4017 '⁰¹
547 3962 639 4032 ungu
662 4006 826 4079 functus:
847 4003 893 4078 ad
910 3987 1179 4098 gubernandum
1203 4001 1308 4098 plane
1327 4011 1442 4076 natus.
1473 4003 1553 4087 Hic,
1573 4003 1610 4076 in
1639 3999 1752 4073 officio
1770 3999 1975 4096 aliquandiu
1992 4002 2086 4097 apud
2104 4011 2280 4078 nostrates

662 4137 836 4213 versatus,
851 4129 874 4201 J
876 4150 1027 4202 oannem
1039 4126 1191 4201 Paulum
1210 4127 1437 4223 Campanum,
1454 4129 1638 4202 Posrevini
1648 4125 1823 4211 comitem,
1839 4125 1885 4197 ad
1897 4125 1920 4197 J
1923 4148 2074 4200 oannem
2088 4125 2280 4200 Basilidem

662 4258 715 4331 M.
731 4257 925 4332 Mosooviae
943 4257 1067 4330 ducem
1094 4256 1140 4327 ab
1158 4255 1320 4328 Romano
1335 4252 1505 4327 Pontifioe
1518 4255 1658 4349 Legati,
1680 4278 1700 4327 e
1716 4254 1892 4326 Bruuensi
1913 4253 2070 4349 Collegio
2097 4257 2152 4327 coi
2175 4256 2277 4330 Cam·

662 4404 776 4476 panus
806 4389 922 4455 rector
938 4387 1101 4476 praeerat,
1120 4388 1347 4475 assumptum,
1365 4381 1517 4453 Romam
1540 4401 1617 4450 cum
1635 4376 1765 4450 litteris
1789 4367 2010 4472 a'Stephano
2033 4378 2281 4452 IPolonorum

662 4528 747 4600 rege
777 4514 813 4578 et
837 4528 859 4578 a
885 4505 982 4579 Duce
1008 4505 1213 4578 Moscorum
1229 4504 1384 4578 Basilide
1408 4505 1455 4576 ad
1472 4503 1680 4576 Pontificem
1698 4502 1803 4589 datis,
1820 4507 2080 4597 properantem,
2096 4502 2132 4572 in
2154 4503 2282 4577 itinere

663 4623 835 4702 sustinuit
854 4654 862 4700 :
877 4630 953 4724 jam
967 4630 1099 4703 scilicet
1114 4652 1261 4703 romano
1291 4627 1438 4723 imperio
1458 4628 1655 4704 Lituanioae
1678 4631 1925 4725 Polonicaeque
1942 4631 2132 4727 provinciae
2143 4631 2282 4726 jussum

663 4755 871 4828 Praesidem.
892 4753 1044 4851 Ancipiti
1068 4756 1255 4828 distraetus
1279 4754 1437 4840 oonsilio,
1466 4755 1649 4829 dubitabat
1667 4755 1879 4851 Campanus,
1900 4757 1937 4827 in
1967 4757 2104 4829 ltaliam
2136 4759 2277 4833 nuntius

661 4902 780 4952 rerum
797 4878 1106 4952 Moscoviticarum
1124 4886 1300 4974 pergeret,
1317 4905 1363 4954 an
1374 4879 1467 4974 jussi
1494 4883 1630 4955 romani
1654 4882 1710 4954 sui
1724 4882 1893 4955 Praesidis
1919 4883 1955 4953 iu
1986 4883 2191 4978 regionibus
2216 4910 2279 4959 no-

662 5001 744 5074 stris
759 5001 944 5097 tantisper,
961 5002 1042 5075 dum
1057 5025 1095 5075 se
1112 5003 1276 5098 negotiis,
1292 5003 1374 5075 hinc
1393 5002 1491 5074 illinc
1517 5005 1719 5090 contractis,
1740 5003 1962 5099 explicasset,
1979 5004 2014 5076 in
2029 5006 2142 5078 officio
2160 5012 2280 5104 cogni-

662 5122 749 5196 toris
779 5145 896 5196 rerum
929 5125 1195 5219 provincialium
1222 5127 1413 5200 resisteret.
1435 5125 1600 5198 Eundum
1616 5129 1735 5222 potius
1753 5130 1931 5224 Campano
1950 5131 2100 5203 Romam
2114 5133 2281 5205 censebat

489 5214 636 5350 ξξξξζᾴθ
663 5245 863 5341 Stephanus
880 5270 956 5333 rex,
993 5247 1098 5343 idque
1115 5247 1189 5323 sore
1214 5249 1291 5323 sine
1320 5249 1565 5336 incommodo;
1598 5251 1781 5325 visitatore
1811 5252 1946 5324 scilicet
1972 5252 2174 5328 Carminata
2198 5279 2279 5350 pro·
