4906 6642
662 793 704 860 40
1032 797 1309 860 ttruttttctttttttt
1332 802 1546 864 sociareris
1567 803 1653 865 JESU
1676 805 1928 868 hllSTOthRUhi

490 965 615 1098 Qub-
710 975 766 1049 Ad
784 977 976 1050 orationem
994 979 1107 1074 Magii
1138 979 1282 1054 antistes
1308 990 1344 1054 et
1373 983 1444 1056 oris
1468 981 1591 1055 habitu
1617 985 1663 1056 ad
1692 985 1946 1080 benignitatem
1971 988 2057 1060 mire
2083 991 2283 1086 compositi,

489 1119 622 1213 turrate·
668 1108 704 1174 et
719 1100 885 1197 lacrymis
915 1103 1045 1197 gaudio
1068 1105 1293 1178 manantibus
1311 1107 1469 1202 graviter
1498 1106 1744 1204 luculentoque
1773 1110 1977 1205 respondit;
2011 1113 2160 1196 addidit,
2191 1139 2288 1188 nunc

489 1199 640 1348 {affl
665 1245 704 1296 sa
739 1223 880 1296 demum
916 1223 954 1297 in
996 1248 1094 1319 spem
1128 1227 1294 1320 optimam
1329 1229 1511 1324 religionis
1541 1230 1675 1304 civibus
1709 1233 1783 1306 suis
1812 1234 2041 1308 restituendae
2083 1236 2282 1310 revixisse:

663 1372 757 1422 nunc
786 1371 837 1434 se,
870 1349 984 1422 virum
1014 1350 1280 1438 desideriorum,
1313 1376 1336 1426 a
1365 1354 1440 1426 Deo
1466 1354 1737 1428 clementissimo
1760 1356 1961 1430 exauditum
1986 1380 2076 1431 esse.
2101 1389 2118 1418 a
2150 1360 2284 1432 Videre

666 1507 683 1538 α
698 1478 775 1574 jam
792 1475 891 1559 mihi,
923 1475 1048 1572 inquit,
1076 1477 1211 1561 videor,
1240 1487 1410 1576 tanquam
1426 1504 1506 1555 cum
1524 1491 1604 1577 post
1627 1482 1842 1566 diuturnam,
1869 1488 1993 1566 atram,
2018 1481 2285 1578 luctuosamque

665 1631 681 1664 α
702 1608 854 1685 noctem,
888 1609 1009 1675 exorto
1040 1602 1128 1688 sole,
1159 1611 1385 1687 evanescunt,
1420 1626 1507 1699 quos
1542 1603 1684 1699 aliquis,
1720 1603 1845 1676 febrim
1878 1627 2017 1699 passus,
2054 1605 2279 1689 formidabat,

665 1756 681 1787 a
702 1725 867 1812 lemures,
887 1733 993 1821 atque
1010 1725 1081 1800 alia
1098 1751 1178 1822 quae
1195 1729 1315 1802 nescio
1333 1728 1461 1801 mentis
1479 1751 1588 1822 aegrae
1617 1727 1785 1802 terricula
1802 1750 1842 1800 ac
1858 1728 1966 1800 taedia
1983 1754 1992 1813 3
2012 1731 2108 1802 omni
2137 1739 2284 1827 repente

664 1881 681 1913 α
701 1849 747 1924 ad
763 1851 911 1946 primum
927 1851 1104 1944 hospitum
1120 1861 1345 1947 conspectum
1362 1853 1521 1926 discussa
1531 1851 1607 1938 illa,
1623 1851 1729 1947 plena
1741 1859 1971 1948 spectrorum,
1986 1853 2151 1948 caligine,
2168 1855 2281 1928 lucem

664 2004 681 2036 α
701 1975 878 2069 quandam
895 1997 1023 2048 novam
1036 1975 1122 2048 mihi
1140 1975 1287 2070 urbique
1302 1977 1385 2049 huic
1401 1975 1590 2048 affirisisse.
1610 1976 1708 2061 dam,
1728 1973 1820 2069 quod
1838 1974 1956 2047 animo
1971 1975 2075 2049 laetus
2098 1976 2280 2072 praecipio,

665 2129 681 2162 α
703 2105 835 2182 vestra,
871 2097 978 2184 Socii,
1015 2099 1142 2172 heroes
1174 2099 1317 2185 Christi,
1350 2122 1459 2196 opera
1487 2108 1524 2172 et
1551 2121 1649 2171 suam
1677 2096 1816 2191 templis
1839 2095 2059 2190 religionem,
2089 2111 2125 2171 et
2147 2097 2284 2170 civibus

663 2257 681 2290 ι
701 2227 887 2323 pietatem,
920 2235 956 2298 et
987 2227 1117 2320 populo
1162 2226 1283 2320 legum
1322 2223 1520 2297 divinarum
1554 2223 1807 2304 reuerentiam,
1845 2221 1950 2295 hodie
1982 2223 2148 2296 restituta
2177 2246 2280 2305 esse,

661 2355 917 2452 «gaudeamus
943 2353 1198 2426 immortaliter.
1226 2353 1359 2426 Adeste
1384 2347 1482 2432 mihi,
1515 2345 1674 2427 obsecro,
1706 2343 1839 2417 homiui
1856 2367 1919 2440 per
1944 2353 2085 2418 aetatem
2110 2347 2279 2431 invalido,

662 2511 679 2543 α
699 2481 903 2578 adjutores:
925 2480 1046 2552 adeste
1065 2477 1164 2574 genti
1177 2479 1273 2562 huic,
1296 2481 1420 2572 suopte
1436 2471 1579 2566 ingenio
1593 2468 1764 2554 candidae,
1785 2476 1821 2542 et
1836 2469 1883 2540 ad
1896 2469 2062 2563 pietatem
2079 2493 2279 2565 propensae.

661 2633 678 2668 α
699 2606 825 2699 Neque
853 2625 918 2676 nos
938 2602 1077 2675 interim
1101 2601 1327 2674 cessabimus.
1361 2596 1488 2670 Enitar
1513 2592 1703 2676 enimuero,
1736 2600 1776 2664 ut
1810 2615 1856 2665 ne
1883 2593 1969 2664 mihi
1994 2595 2127 2668 meisve
2156 2617 2280 2689 opera,

662 2761 679 2792 κ
700 2727 861 2813 consilio,
892 2735 928 2800 et
952 2750 1089 2822 quoque
1112 2733 1235 2822 potero
1264 2723 1381 2805 modo,
1407 2719 1530 2792 desim.
1555 2714 1762 2810 »Singulos
1788 2715 1915 2789 deinde
1938 2723 2086 2812 paterno
2113 2717 2282 2811 dignatus

659 2853 855 2950 complexu,
873 2851 1017 2924 hoodie
1035 2852 1081 2923 ad
1098 2873 1258 2924 mensam
1288 2869 1388 2921 suam
1411 2842 1520 2939 jussit
1548 2861 1627 2913 esse
1643 2839 1823 2912 convivas.
1855 2841 2123 2914 Discumbeutes
2148 2841 2200 2914 sic
2218 2841 2284 2915 ille

660 2978 904 3062 contuebatur,
930 2983 1000 3048 tam
1016 2981 1178 3047 amanter
1207 2969 1454 3066 compellabat,
1486 2965 1736 3061 poscebatque,
1764 2973 1804 3035 ut
1828 2985 1874 3036 ex
1889 2985 1965 3046 ore,
1989 2987 2034 3036 ex
2062 2965 2159 3036 omni
2175 2973 2284 3060 gestu

659 3099 814 3174 hilaritas
843 3107 879 3172 et
908 3098 1151 3172 benevolentia
1179 3096 1359 3192 praecipua
1392 3091 1573 3164 emineret.
1610 3089 1717 3162 Sexto
1753 3101 1836 3184 post
1864 3090 1921 3164 die
1955 3093 2037 3164 visit
2066 3093 2277 3188 Collegium,

525 3217 530 3238 ⁸
660 3227 828 3300 comitatu
846 3224 996 3319 stipatus
1014 3221 1251 3296 ornatissimo.
1272 3219 1388 3292 Recta
1406 3239 1444 3288 se
1460 3238 1539 3286 cum
1563 3213 1676 3286 Sociis
1694 3214 1731 3285 in
1754 3214 1922 3287 sacellum
1948 3217 2096 3288 contulit
2116 3218 2285 3292 domesti-

484 3303 635 3437 ffidffm'
661 3369 753 3428 cum,
785 3351 859 3416 tum
876 3341 1084 3439 profitendae
1101 3364 1177 3414 suae
1193 3340 1288 3435 apud
1303 3342 1416 3414 Deum
1429 3337 1634 3421 voluntatis,
1654 3344 1729 3409 tum
1745 3339 1874 3431 gratiae
1889 3347 1926 3412 et
1949 3341 2026 3435 opis
2051 3342 2287 3437 implorandae

484 3475 560 3514 Μ
569 3459 590 3514 Ρ
590 3475 633 3513 ⁰¹¹·
660 3467 793 3542 causa:
827 3469 879 3540 uti
911 3491 949 3540 se
981 3478 1029 3553 et,
1061 3489 1166 3560 quam
1199 3465 1419 3548 adduxisset,
1455 3460 1623 3536 familiam
1651 3471 1832 3559 acceptam
1862 3464 1958 3537 Deus
1988 3466 2032 3537 0.
2064 3467 2119 3538 M.
2151 3475 2288 3540 sartam

483 3535 632 3667 ιιῇῑίιίιιωΙΨ
661 3603 857 3689 tentamus
894 3592 1066 3664 adversus
1104 3592 1227 3664 hostes
1260 3613 1339 3663 esse
1375 3588 1495 3662 vellet.
1533 3587 1766 3658 Decantatum
1799 3587 1948 3660 subinde
1981 3611 2122 3660 sacrum
2154 3590 2288 3663 divinae

481 3777 507 3832 Α
516 3777 632 3833 aucus
660 3718 825 3792 Trinitati
855 3719 1024 3790 uotiuum.
1060 3716 1260 3790 Secundum
1285 3717 1322 3787 id
1350 3738 1374 3787 a
1403 3713 1516 3787 Sociis
1545 3719 1581 3785 et
1610 3711 1848 3805 ejurenibus
1876 3712 2094 3786 scholasticis
2124 3715 2287 3789 emtione

482 3859 631 3914 hesiodo
659 3842 781 3922 latina,
801 3851 876 3914 tum
894 3842 991 3936 poesi
1009 3841 1177 3914 hebraica
1189 3849 1226 3912 et
1242 3862 1362 3934 graeca
1388 3836 1550 3909 Pontifici
1576 3832 1747 3919 benefico,
1769 3833 1919 3928 Collegii
1939 3836 2118 3908 nascentis
2142 3837 2286 3912 nomine

482 3937 632 4076 ffliffi]
661 3974 698 4041 et
728 3965 919 4062 gymnasii,
939 3973 1027 4036 acta
1054 3965 1193 4058 gratiae
1226 3963 1382 4036 Subinde
1411 3962 1449 4032 in
1474 3961 1603 4055 Lycaeo
1631 3978 1655 4028 a
1683 3957 1853 4052 magistro
1882 3958 2094 4051 eloquentiae
2121 3959 2166 4032 de
2204 3961 2286 4033 utili

483 4105 535 4155 tur.
659 4091 788 4164 artium
823 4090 994 4161 bonarum
1024 4088 1155 4174 studio,
1192 4089 1338 4182 ejusque
1369 4087 1574 4168 honestate,
1606 4087 1662 4159 ad.
1680 4089 1902 4182 juvenuttem
1935 4087 2074 4181 publice
2116 4091 2283 4164 instituta

657 4214 791 4286 oratio:
807 4212 932 4308 reliqui
948 4225 1124 4308 postremo
1137 4211 1288 4284 aharum
1300 4220 1536 4306 praeoeptores
1548 4207 1753 4282 facultatum
1766 4234 1851 4284 suas
1864 4213 2010 4305 quisque
2023 4235 2143 4285 musas
2155 4215 2283 4287 ordine

480 4367 609 4432 sputum
658 4340 963 4414 commendabant.
985 4340 1093 4412 Pauci
1110 4339 1210 4411 initio
1226 4339 1264 4408 in
1276 4335 1419 4415 scholis,
1435 4343 1542 4428 atque
1562 4355 1583 4404 e
1604 4333 1746 4406 civitate
1763 4333 1840 4427 ipsa
1866 4335 2124 4421 censebantur;
2150 4335 2281 4410 litteris

478 4457 594 4574 ᾖξ’·
656 4485 738 4534 mox
761 4486 826 4558 per
853 4461 1069 4557 provinciam
1095 4461 1249 4534 dimissis
1277 4461 1440 4532 Pontifex
1462 4458 1615 4532 familias
1643 4459 1838 4543 admonuit,
1863 4469 2025 4554 apertum
2050 4484 2131 4534 essse
2161 4463 2282 4536 Vulnae

657 4581 881 4678 gymnasium
923 4582 1065 4654 utihtati
1102 4581 1278 4676 publicae:
1323 4613 1341 4642 ι
1378 4583 1559 4654 mitterent
1587 4581 1693 4666 filios,
1729 4581 1966 4654 instituendos
2001 4585 2277 4661 honestissime:

660 4713 935 4800 «praeceptores
959 4727 1038 4778 esse
1063 4703 1284 4787 lectissimos,
1313 4707 1410 4776 viros
1434 4728 1514 4777 cum
1539 4705 1699 4776 doctrina
1727 4715 1802 4776 tum
1831 4705 1963 4800 pietate
1990 4710 2278 4784 commendabili.

659 4864 676 4892 ι
697 4831 875 4925 Appetere
905 4829 1041 4902 Sidus
1072 4831 1198 4925 maJas‚
1230 4831 1324 4904 diem
1349 4830 1461 4901 Beato
1497 4828 1675 4900 Stanislao
1706 4829 1853 4925 martyri
1890 4853 2056 4914 sacrum;
2092 4833 2140 4904 ad
2173 4857 2281 4928 quem

479 4981 628 5039 mema-
658 4987 676 5016 ι
696 4963 841 5048 cuperet
874 4953 995 5026 ridere
1024 4955 1174 5048 juvenes
1215 4957 1252 5027 in
1286 4954 1416 5026 scholis
1453 4975 1558 5047 quam
1589 4953 1904 5047 frequentissimos
1941 4991 1959 5020 ιι
1994 4956 2099 5028 Hunc
2134 4959 2279 5050 quidem

478 5059 512 5114 ¹⁵³
543 5061 628 5118 ⁰⁰¹¹*
654 5079 867 5160 scholarum,
884 5079 1031 5174 collegii
1049 5089 1166 5152 autem
1184 5078 1491 5174 quitumdecimum
1509 5092 1593 5150 ante
1610 5078 1753 5150 sextiles
1769 5077 1941 5150 kalendas
1965 5103 2030 5174 pro
2056 5080 2167 5152 natali
2192 5095 2280 5178 quot

477 5145 627 5280 2¹:2⁹
655 5205 756 5276 annis
772 5203 865 5274 diem
887 5203 997 5274 voluit
1019 5205 1223 5276 obseruari.-
1246 5207 1339 5297 quod
1365 5230 1408 5277 eo
1430 5207 1488 5278 die
1509 5229 1530 5276 a
1549 5205 1772 5277 Luceoriensi
1790 5207 1829 5277 in
1848 5206 2054 5282 lilnensem
2076 5211 2278 5284 cathedram
