4930 6634
30 4437 31 4452 ἶ
156 4447 223 4520 nici
240 4447 347 4530 filius,
374 4446 536 4520 idoneam
562 4445 697 4517 fraudis
718 4444 889 4520 faciendae
910 4448 1069 4542 legitimo
1095 4448 1196 4540 regni
1213 4446 1344 4520 Suetici
1365 4446 1499 4519 haeredi
1525 4444 1763 4539 Sigismundo.

679 791 791 855 urana
814 793 992 853 sturmus
1012 791 1224 868 (roro-reae).
1463 778 1468 788 ’
1715 792 1774 856 aar

172 1005 187 1038 κ
205 977 359 1051 victoriis
372 978 540 1072 probatus
554 978 626 1050 dux
639 1001 709 1050 non
725 999 832 1054 manu
850 977 963 1070 magis
977 997 1082 1070 quam
1099 974 1246 1048 consilio
1266 981 1460 1070 promptus,
1482 974 1677 1072 disciphnae
1690 999 1772 1050 vero
1805 997 1868 1053 1621

173 1101 364 1174 «militaris
387 1101 630 1174 severissimus
656 1108 810 1174 exactor.
835 1137 850 1168 n
863 1100 931 1172 hd
947 1098 1095 1171 consilia
1112 1098 1279 1192 prudens
1299 1097 1347 1170 ed
1371 1121 1473 1170 usum
1496 1121 1539 1171 ac
1556 1098 1777 1196 disciplinam

169 1226 308 1321 peritus,
343 1225 503 1298 historiae
532 1232 569 1297 et
597 1223 827 1320 geographiae
853 1225 980 1307 selena,
1004 1222 1239 1295 litteratorum
1277 1243 1412 1305 amans,
1446 1221 1608 1316 quodque
1641 1245 1776 1296 summa

168 1351 318 1436 laudum,
338 1351 393 1422 vir
419 1351 512 1446 pius,
540 1373 663 1424 amans
691 1351 757 1425 Dei
784 1374 827 1423 ac
856 1372 1032 1423 reverens.
1054 1350 1146 1429 Quot
1161 1348 1393 1422 hebdomadis
1419 1348 1637 1424 confessione
1658 1374 1775 1424 sacra·
1807 1361 1948 1417 Pietmdu·

169 1475 303 1550 mentali
318 1474 493 1548 lustrabat
509 1475 690 1547 animum:
711 1473 867 1569 quotidie
892 1472 1064 1546 sacrificio
1095 1473 1218 1546 altaris
1243 1474 1391 1570 supplex
1415 1474 1540 1548 aderat
1561 1501 1569 1547 :
1590 1482 1672 1549 ante
1697 1499 1776 1549 con·
1803 1444 1952 1579 qqqqqtbe

168 1599 293 1672 lictum
310 1621 449 1672 omnem
466 1599 516 1671 sic
533 1621 572 1672 se
586 1600 824 1693 comparabat,
844 1604 883 1669 ut
896 1603 1016 1670 noctes
1034 1596 1070 1669 in
1084 1597 1395 1692 supplicationibus
1408 1598 1585 1692 exigeret;
1607 1621 1719 1694 neque
1736 1623 1774 1672 se
1898 1567 1905 1580 ”

168 1723 267 1818 quieti
284 1724 454 1806 traderet,
482 1723 550 1794 nisi
580 1722 755 1816 perbrevi,
783 1728 886 1816 atque
910 1721 948 1793 in
972 1721 1103 1793 nudam
1128 1721 1331 1815 provolutus
1361 1722 1517 1806 humum,
1546 1729 1648 1817 tergo
1679 1722 1776 1816 prius

167 1846 313 1942 flagellis
330 1854 485 1941 perusto,
512 1845 711 1919 Procedens
735 1845 774 1916 in
791 1844 914 1927 aciem,
930 1851 1083 1917 veterem
1099 1843 1199 1917 illum
1224 1844 1305 1916 Divi
1320 1844 1505 1917 Adalberti
1521 1845 1775 1941 archiepiscopi

168 1969 379 2044 Gnesnansis
408 1969 576 2064 hymnum
601 1968 855 2041 vernaculum:
882 1972 1122 2058 Boqarodaica
1152 1973 1339 2049 Daiewicm
1371 1969 1409 2039 in
1437 1990 1500 2040 suo
1532 1969 1686 2040 exercitu
1712 1990 1774 2061 pro

167 2093 532 2189 epiniciocantitabat.
552 2092 752 2187 Religionis
770 2091 1025 2186 amplificandae
1043 2092 1158 2164 studio
1174 2091 1286 2164 multa
1310 2092 1382 2186 egit
1394 2093 1575 2186 praeclara.
1595 2092 1773 2175 Coenobia,

167 2216 340 2310 Gretingae
368 2215 528 2310 patribus
559 2215 691 2286 ordinis
716 2215 959 2298 Franciscani‚
988 2237 1075 2308 quos
1101 2215 1340 2287 Bernardinos
1369 2238 1555 2301 vocamus;
1584 2217 1775 2312 Bychoviae

165 2324 334 2414 cadonieis
358 2339 396 2412 S.
418 2339 609 2434 Augustini
638 2337 873 2433 regularibus,
895 2339 1012 2412 Crosis
1046 2339 1223 2433 templum,
1255 2339 1467 2414 domicilium
1494 2349 1528 2412 et
1553 2341 1772 2437 gymnasium

166 2464 317 2559 eollegio
333 2462 534 2543 societatis,
553 2462 639 2534 ahbi
657 2462 756 2546 aliis,
777 2467 816 2532 ut
834 2461 1014 2556 Derparti‚
1035 2462 1181 2557 Myszae,
1196 2463 1324 2558 Rigae,
1346 2461 1513 2546 condidit,
1534 2463 1684 2546 ornavit,
1705 2469 1791 2534 stas

165 2587 283 2660 bilivit.
306 2586 394 2659 Cum
409 2585 527 2680 aliquo
546 2609 597 2670 se,
617 2586 814 2679 praesertim
843 2586 889 2659 ad
914 2587 1082 2682 templum
1100 2610 1179 2658 cum
1202 2607 1267 2658 sua
1292 2585 1442 2680 conjuge
1468 2585 1654 2672 conferret,
1676 2607 1774 2680 spar-
1804 2617 1901 2674 aulus

164 2709 354 2802 gendorum
377 2709 413 2779 in
437 2706 616 2780 mendicos
645 2729 825 2780 nummum
855 2707 923 2781 duo
952 2709 1158 2790 ferebantur
1182 2711 1377 2804 marsupia:
1406 2710 1555 2783 alterum
1572 2710 1617 2782 ab
1635 2708 1772 2781 assecla
1802 2697 1937 2784 psoras,

163 2831 247 2918 heri,
276 2832 322 2904 ab
348 2831 446 2905 herae
474 2832 684 2928 pedissequo
709 2831 872 2905 alterum.
894 2832 1057 2905 Caelitum
1083 2833 1196 2905 cultor
1220 2833 1380 2919 eximius,
1401 2835 1605 2929 patrociniis
1636 2855 1770 2915 eorum,
1802 2785 1948 2938 ilidii?

163 2957 308 3028 maxime
325 2957 368 3029 Β.
390 2956 561 3029 stanislai
579 2957 719 3030 Kostha
741 2957 890 3030 fidenter
905 2956 1121 3050 feliciterque
1146 2957 1322 3030 utebatur.
1343 2957 1459 3050 Atque
1480 2956 1590 3028 Divus
1616 2954 1770 3039 Kostha,
1801 2924 1845 3062 {2¹
1858 2925 1937 2981 Μ’
1979 2955 1983 2964 ’

163 3077 325 3152 Livonico
351 3081 458 3152 etiam
475 3079 581 3166 bello,
603 3088 684 3154 ante
702 3082 816 3176 ipsum
844 3081 882 3152 in
907 3081 1079 3154 aciacum
1102 3079 1224 3154 Suecis
1249 3079 1461 3164 conflictum,
1481 3077 1707 3175 spectabilem
1733 3097 1771 3163 se

163 3201 325 3277 Caroloe
348 3204 522 3278 nubecula
549 3205 718 3278 obtulisse
746 3203 869 3292 fertur,
894 3212 1095 3278 manantem
1122 3202 1183 3277 ille
1208 3224 1331 3276 cruore
1358 3201 1515 3296 gladium
1541 3203 1768 3298 distringens,
1828 3179 1831 3186 ¹

161 3327 394 3420 minitansque
410 3328 600 3422 perniciem
616 3329 789 3402 hostibus.
811 3326 964 3399 Habitus
989 3327 1061 3399 oris
1086 3327 1161 3399 viro
1179 3327 1284 3421 plane
1309 3326 1486 3412 heroicus,
1508 3327 1657 3401 erectior
1675 3347 1773 3398 seve·
1800 3344 1892 3415 Imago

162 3450 299 3547 riorque
316 3451 457 3540 vultus,
477 3453 536 3546 qui
552 3475 591 3525 se
606 3453 783 3526 intuentes
800 3451 1009 3524 reverentiae
1026 3452 1229 3524 admoneret
1247 3477 1255 3524 :
1275 3453 1372 3524 lrons
1396 3459 1599 3546 exporrecta
1621 3477 1628 3522 :
1651 3449 1773 3545 nigelli
1801 3425 1900 3481 ”lm

161 3575 319 3670 acutique
346 3574 471 3648 oculi:
499 3581 636 3648 statura
664 3598 833 3671 perquam
856 3579 967 3673 justa,
994 3587 1029 3652 et
1058 3577 1105 3650 ad
1130 3579 1340 3673 dignitatem
1369 3579 1541 3671 apposita.
1559 3578 1698 3656 Natura
1729 3575 1771 3647 ad

159 3698 373 3772 iracundiam
400 3706 478 3771 erat
502 3699 700 3786 incitatior;
729 3723 834 3796 quam
858 3710 974 3775 tamen
998 3703 1109 3776 virtus
1135 3704 1308 3776 suavitate
1333 3725 1398 3774 sua
1420 3707 1645 3796 temperaret.
1672 3698 1773 3773 Belle

160 3845 371 3919 expressum,
392 3823 505 3908 aiunt,
526 3845 605 3897 esse
624 3823 662 3896 in
680 3847 744 3897 suo
762 3823 961 3911 simulacro,
982 3826 1074 3921 quod
1092 3827 1129 3896 in
1150 3825 1261 3897 hortis
1279 3822 1444 3897 Medicaei
1458 3823 1509 3895 M.
1527 3822 1625 3894 ducis
1640 3821 1770 3893 Hetru-

157 3946 218 4018 riae
244 3945 464 4041 intersigna
494 3945 767 4019 clarissimorum
795 3948 952 4022 heroum·
971 3949 1107 4023 visitur.
1137 3949 1233 4020 Vixit
1261 3970 1374 4020 annos
1400 3944 1764 4040 sexagintaamplius.
1799 3980 1892 4050 sqq.

159 4069 291 4166 Corpus
333 4071 492 4145 Ohotimo
526 4070 736 4144 translatum
773 4073 811 4144 in
848 4073 1012 4169 oppidum
1039 4075 1183 4168 ¹Ostrog
1222 4095 1341 4148 mense
1384 4072 1516 4145 decimo
1562 4076 1687 4164 quarto
1725 4068 1767 4140 ab
1798 4059 1900 4117 omum.

159 4192 266 4276 obitu,
293 4192 490 4286 ibidemque
514 4192 689 4287 sepultum
721 4193 768 4288 (1).
1862 4261 1879 4315 3

202 4320 348 4395 Polonis
366 4320 513 4392 Turcico
532 4319 707 4394 distractis
734 4319 1258 4415 be110‚Gustavus.Ad01phus‚
1288 4319 1406 4392 Caroli
1431 4319 1529 4392 ducis
1555 4318 1766 4408 Suderman·
1797 4338 1931 4394 eoeneum

1796 4423 1893 4479 bellum
1913 4423 1942 4478 in

1796 4499 1914 4556 Livonia

30 4575 31 4578 '
156 4580 230 4675 regi
244 4579 405 4654 Poloniae
423 4579 490 4662 ΙΙΙ,
510 4587 634 4651 nactus
651 4582 906 4674 tempestatem,
927 4573 1072 4669 trajecto
1089 4572 1138 4646 at
1163 4567 1309 4640 millium
1327 4591 1347 4641 e
1365 4566 1493 4643 Suecia
1520 4567 1558 4639 in
1583 4566 1766 4648 Livoniam

155 4703 322 4786 exercitu,
337 4700 481 4776 ineunte
494 4724 614 4776 mense
631 4700 831 4796 septembri,
851 4721 923 4772 non
948 4699 1155 4772 observatus
1179 4691 1403 4787 immigravit.
1424 4675 1589 4765 obn'oxia
1605 4691 1654 4762 ibi
1671 4690 1766 4762 clan-
1795 4720 1863 4790 Rtga
1882 4737 1939 4790 pre

155 4827 301 4902 destinis
313 4825 470 4900 consiliis
488 4833 589 4899 erant
605 4826 735 4898 omnia.
757 4825 863 4920 Rigae
880 4821 1089 4919 praesidiarii
1105 4821 1143 4892 in
1160 4817 1334 4891 moenibus
1352 4818 1485 4890 treceni
1502 4840 1572 4891 non
1589 4814 1738 4912 amplius
1756 4839 1763 4887 :
1795 4801 1937 4944 ffistffi

44 4987 48 4994 ·
157 4954 246 5026 arcis
262 4951 517 5026 Dunaemundae
539 4950 699 5024 custodia
726 4949 824 5024 nulla
845 4974 852 5020 :
874 4947 1044 5044 suppetiae
1069 4945 1210 5019 aliunde
1233 4944 1414 5041 callipides
1441 4952 1545 5040 atque
1570 4943 1764 5016 invalidae:

197 5088 240 5169 (tt
260 5091 373 5152 nauum
388 5089 521 5163 principis
545 5096 646 5164 praeter
670 5085 741 5148 alios
759 5093 842 5162 poeta
865 5094 963 5147 noster
977 5085 1139 5144 Sarhieviue
1160 5084 1323 5144 celebravit.
1339 5081 1370 5144 V.
1387 5083 1470 5156 hujus
1493 5068 1624 5144 poemata
1646 5081 1766 5140 collecta

160 5203 188 5255 et
203 5199 276 5258 edita
288 5197 376 5256 Vilnae
397 5213 443 5258 an.
461 5199 549 5259 1757.
570 5187 665 5274 -'(2)
679 5197 744 5259 Vid.
757 5199 784 5256 in
800 5195 884 5254 Facie
907 5193 1010 5252 Rerum
1027 5192 1146 5288 Sarmat.
1161 5185 1193 5250 P.
1212 5189 1405 5259 Naramovski,
1425 5205 1489 5263 pag.
1508 5190 1578 5250 tat.
