4936 6658
927 865 1161 929 APPENDICES.
1769 848 1831 915 403

260 1055 359 1129 Idem
373 1055 420 1127 ad
443 1054 593 1131 eundem
608 1054 652 1129 de
672 1053 864 1130 Sohalichii
881 1051 1040 1128 haeretici
1061 1051 1108 1124 ad
1124 1048 1310 1125 ecclesiam
1327 1047 1443 1122 reditu
1460 1070 1468 1118 :
1490 1044 1535 1119 de
1552 1039 1739 1116 calumniis
1755 1038 1829 1112 Irae·

207 1166 397 1242 reticorum
415 1166 694 1263 oppugnantium
711 1167 867 1240 Jesuitas
884 1189 892 1236 :
914 1164 959 1237 de
975 1163 1180 1238 Schmidelii
1193 1158 1360 1235 fabercuIi
1373 1157 1531 1233 haeretici
1548 1154 1668 1250 nugis.

257 1279 302 1352 Ρ.
333 1275 546 1352 Franciscus
565 1277 705 1350 Sunner
733 1276 920 1350 Viluenses
937 1275 1171 1372 philosophiae
1196 1270 1389 1356 auditores,
1410 1294 1453 1344 cx
1471 1269 1568 1346 obitu
1601 1262 1833 1360 magistriani

207 1392 252 1465 Ρ.
272 1390 419 1464 Thomas
447 1387 634 1463 Zdolaricii
650 1395 810 1474 moestos,
840 1387 987 1462 solatur.
1011 1386 1077 1485 [cf.
1098 1410 1133 1482 p.
1147 1381 1383 1482 46.]·Excitat
1398 1379 1446 1453 ad
1472 1379 1590 1452 studia
1615 1377 1824 1464 litterarum.

206 1499 331 1574 Altera
343 1497 494 1595 epistola
505 1497 695 1596 respondet
706 1500 753 1572 ad
765 1498 902 1573 litteras
916 1521 1035 1592 eorum
1054 1496 1251 1572 auditorum
1268 1498 1438 1592 ipsorum.

258 1623 364 1700 1573.
385 1624 587 1697 Everardus
611 1622 869 1706 Mercurianus,
890 1621 1009 1717 Preep.
1031 1620 1228 1704 Generalis,
1261 1626 1359 1694 creat
1375 1611 1632 1690 Provincialem
1660 1608 1830 1683 vicarium

204 1735 241 1806 in
260 1733 426 1807 Lituania
438 1740 474 1807 et
491 1733 642 1807 Polonia
655 1736 698 1808 Ρ.
723 1733 952 1807 Franciscum
970 1731 1121 1805 Sunner.

256 1855 361 1930 1574.
392 1855 586 1950 Gregorius
602 1858 694 1933 XIII
723 1857 770 1930 ad
795 1855 1019 1930 Valerianum
1050 1855 1158 1951 episc.
1179 1856 1322 1932 Vilneu.
1352 1851 1580 1929 Commendat
1601 1849 1825 1924 Societatem.

205 1969 261 2042 De
278 1969 419 2044 condito
433 1970 552 2045 Vilnae
570 1971 728 2068 Collegio
747 1971 959 2066 gratulatur.
1113 1977 1114 1981 ’
1624 1977 1626 1984 ”

252 2095 296 2167 Ρ.
316 2094 562 2169 Mercurianus
580 2097 698 2192 Preep.
719 2097 808 2170 Gen.
835 2095 881 2168 ad
898 2093 1158 2168 Provincialem
1175 2093 1332 2168 Austriae
1350 2092 1393 2165 de
1411 2089 1592 2187 provincia
1609 2085 1826 2160 Polonorum

202 2205 403 2301 separanda
415 2207 461 2280 ab
477 2205 634 2282 Austria.
651 2209 741 2281 Duae
753 2230 859 2304 super
876 2208 998 2281 eodem
1016 2213 1225 2303 argumento
1244 2202 1468 2301 epistolae—
1486 2201 1585 2274 Idem
1597 2200 1828 2273 Valerianum

201 2317 270 2414 Ep.
295 2317 626 2414 Vilnensemrogat,
641 2315 681 2392 ut
693 2320 736 2393 Ρ.
752 2319 919 2394 Sunnerii
931 2341 1056 2392 curare
1070 2317 1155 2392 velit
1173 2315 1410 2390 valetudinem
1427 2312 1582 2387 consiliis
1600 2317 1635 2384 et
1657 2309 1824 2395 monitis;

200 2425 315 2499 altera
330 2425 448 2523 priore
466 2428 579 2502 eidem
595 2431 673 2526 agit
694 2430 843 2525 gratias,
862 2428 1034 2502 conditori
1051 2427 1200 2523 Collegit
1217 2425 1410 2500 Vilnensis.

244 2551 358 2734 l(Iard.
380 2552 513 2626 Hosius
528 2553 570 2627 P.
592 2556 739 2629 Petrum
757 2555 935 2628 canisium
953 2559 989 2626 et
1005 2552 1127 2626 Socios
1144 2551 1308 2626 hortatur
1322 2548 1369 2624 ad
1382 2547 1477 2622 mala
1490 2547 1607 2621 omnia
1619 2543 1827 2642 perferenda

201 2684 243 2736 re
259 2685 389 2758 rgroms
406 2686 528 2737 causa.

255 2787 359 2863 1575.
389 2789 592 2865 liverardus
608 2789 864 2864 ,Mercurianus
890 2790 1007 2886 Preep.
1026 2789 1152 2864 Gener.
1174 2790 1217 2863 P.
1250 2771 1705 2882 FranciscumSunneriu'm
1733 2785 1831 2854 creat

198 2898 428 2996 praepositum
445 2900 696 2997 provincialem
709 2924 773 2998 per
789 2900 991 2974 Lituaniam
1008 2907 1044 2976 et
1061 2900 1260 2974 Poloniam.
1360 2908 1363 2916 '

252 3023 349 3097 Idem
366 3026 502 3122 gratias
516 3027 592 3123 agit
605 3025 756 3123 principi
770 3025 939 3100 cardinali
957 3026 1138 3100 Radivillo
1154 3050 1218 3123 pro
1233 3011 1490 3100 Benevolentia.

250 3145 352 3223 Adde
384 3151 477 3245 quod
496 3149 540 3224 de
567 3151 692 3224 eodem
708 3148 881 3224 cardinali
912 3150 1023 3224 Hosio
1040 3152 1149 3226 refert
1166 3151 1280 3224 Ianus
1298 3150 1421 3224 Nicias
1455 3149 1677 3248 Erythraeus,
1709 3145 1825 3221 libro:

198 3265 375 3351 Eecempla
395 3265 567 3334 uirtutum
599 3267 829 3348 elvitiorum,
854 3264 1024 3360 impresso
1055 3264 1224 3351 Coloniae,
1246 3287 1340 3340 anno
1365 3265 1472 3340 1676.
1508 3261 1685 3340 Nimirum
1711 3284 1828 3337 exem·

198 3372 261 3468 plo
285 3373 403 3459 LXX,
419 3371 589 3448 librorum
606 3373 783 3448 inutilium
795 3377 1042 3451 tractationem
1059 3377 1261 3451 morborum
1278 3398 1422 3451 causam
1452 3375 1615 3462 existere,
1635 3397 1718 3473 pag.
1743 3373 1824 3462 131,

199 3484 388 3579 sequentia
408 3492 533 3558 narrat
553 3510 562 3559 τ

254 3635 271 3667 κ
291 3606 491 3682 Stanislaus
509 3609 656 3693 Hosius,
677 3609 715 3684 S.
732 3610 781 3683 R.
801 3610 846 3683 E.
866 3607 1059 3684 cardinalis
1077 3614 1113 3683 et
1126 3608 1551 3705 episcopusVarmiensis,
1567 3607 1646 3695 fuit,
1657 3613 1827 3682 utomnes

197 3725 342 3800 norunt,
363 3719 446 3792 dnm
475 3720 575 3805 viril,
604 3721 803 3818 exemplum
830 3719 1052 3804 annocentia,
1083 3719 1323 3815 virtutumque
1352 3721 1529 3808 omnium;
1566 3719 1610 3793 de
1636 3718 1735 3815 cujus
1759 3716 1827 3789 vlri

196 3827 519 3916 sanctitate,multa
531 3831 700 3904 memorIa
717 3838 752 3905 et
765 3830 998 3905 admiratione
1019 3829 1127 3924 digna
1140 3831 1341 3920 traduntur3
1358 3832 1421 3906 sed
1433 3832 1522 3906 illud
1536 3831 1718 3928 inprimis,
1730 3828 1825 3926 quod

195 3939 350 4035 singulis
366 3941 463 4015 feriis
480 3942 681 4038 sertisque
699 3943 800 4017 fieret
816 3944 936 4040 aliqua
953 3967 997 4017 ex
1013 3942 1188 4037 particula
1203 3945 1319 4018 socius
1350 3968 1471 4019 carum
1489 3945 1705 4041 passionum,
1733 3963 1822 4036 quas

195 4053 358 4127 Christus
376 4078 439 4151 pro
458 4057 611 4130 omniurn
626 4056 741 4131 salute
756 4058 938 4144 sustinuit,
952 4056 1115 4153 jubebat,
1137 4079 1175 4130 se
1192 4060 1323 4134 nudum
1340 4060 1387 4132 ad
1411 4059 1531 4134 lectuli
1549 4059 1605 4132 sui
1623 4057 1822 4132 columnam

194 4166 340 4262 alligari
356 4177 462 4265 atque
485 4191 509 4242 a
537 4171 705 4266 praefecto
735 4170 898 4256 cubiculi,
927 4174 1027 4268 cujus
1055 4171 1117 4245 ille
1143 4170 1227 4245 fidei
1253 4171 1401 4246 multum
1426 4170 1618 4254 tribuebat,
1650 4169 1822 4265 tantisper

192 4278 349 4374 flagellis
366 4281 468 4368 cadi,
489 4283 603 4378 quoad
630 4282 813 4380 sanguinis
842 4284 908 4356 rivi
934 4283 1141 4357 defluerent.
1174 4282 1263 4357 Erat
1280 4291 1464 4379 ¹praeterea
1481 4281 1613 4357 Christi
1630 4301 1822 4379 pauperum

192 4393 486 4482 studiosissimus,
523 4395 612 4470 adeo
640 4403 679 4469 ut
707 4395 781 4472 fere
811 4398 969 4492 quotidie
1004 4396 1141 4490 ingenti
1171 4395 1313 4469 illorum
1342 4393 1566 4469 multitudine
1599 4394 1676 4488 ejus
1725 4393 1821 4468 aedes

190 4506 455 4603 complerentur
470 4534 478 4595 ;
507 4508 646 4605 quibus,
667 4507 711 4583 de
729 4531 911 4582 ceconomo
937 4531 1013 4595 suo,
1042 4509 1098 4582 cui
1116 4508 1311 4604 partiendae
1328 4506 1420 4580 inter
1445 4529 1506 4581 eos
1523 4506 1684 4601 pecuniae
1701 4511 1818 4601 partes

188 4617 418 4702 attribuerat,
438 4625 607 4715 tauquam
624 4642 688 4716 per
698 4619 819 4716 jocum
836 4621 980 4718 ajebat:
997 4619 1065 4693 nisi
1083 4619 1284 4717 erogaverit
1300 4619 1400 4692 vobis
1410 4617 1692 4715 eleemosynam,
1709 4616 1818 4690 nolite

190 4751 280 4804 eum
294 4729 450 4826 recipere
466 4731 504 4804 in
516 4738 650 4805 aeterna
666 4732 908 4809 tabernacula.
930 4731 998 4805 Hic
1023 4719 1079 4804 vir
1103 4731 1225 4828 igitur,
1245 4730 1442 4805 sanctitatis
1459 4729 1563 4803 laude
1585 4727 1815 4814 clarissimus,

188 4848 392 4938 acceperat,
427 4827 542 4915 rirum
571 4842 725 4919 nobiIem
754 4867 798 4919 ex
830 4845 1023 4920 amicorum
1051 4867 1211 4929 numero,
1247 4842 1406 4939 graviter
1439 4846 1687 4936 aegrotantem,
1718 4838 1820 4912 libris

187 4951 363 5027 delectari
378 4954 474 5050 turpi
502 4962 711 5049 argumento
740 4957 958 5053 conscriptis,
990 4963 1095 5052 atque
1113 4957 1150 5028 in
1170 4978 1293 5030 eorum
1321 4953 1532 5029 tractatione
1561 4960 1712 5048 tempus,
1744 4973 1819 5026 rem

187 5065 350 5139 omnium
374 5066 674 5163 pretiosissimam,
688 5066 828 5146 tallere.
855 5069 1090 5150 Quamobrem
1117 5066 1252 5151 statuit,
1286 5089 1366 5140 eum
1391 5066 1556 5151 invisere,
1585 5086 1656 5155 non
1682 5068 1756 5135 tam
1778 5067 1820 5136 ut

187 5177 348 5253 officium
376 5178 465 5252 illud
494 5179 607 5253 amico
640 5187 838 5276 praestaret,
872 5205 976 5278 qnam
1004 5188 1044 5255 ut
1066 5179 1163 5254 illius
1188 5178 1330 5264 animae,
1361 5176 1594 5274 periculosius
1624 5173 1815 5259 laboranti,

186 5297 428 5367 succurreret.
449 5290 557 5366 Venit
579 5289 690 5390 igitur
707 5292 754 5365 ad
770 5315 864 5384 aum,
883 5300 999 5392 rogat,
1027 5299 1068 5367 ut
1083 5279 1214 5367 valeat.
1242 5289 1448 5387 Respondet
1475 5289 1549 5374 illc,
1570 5285 1818 5363 molestissima
