4948 6654
698 778 759 844 206
1089 793 1364 856 ttruantcaauu
1387 795 1601 857 SOCIEI'IITIS
1621 794 1706 857 JESU
1730 792 1982 854 HISTORIARUII

530 973 593 1028 160⁴
745 963 875 1060 Populi
892 989 1030 1062 quoqne
1059 970 1269 1060 liberalitas,
1290 975 1417 1069 quibus
1435 983 1588 1071 poterat,
1614 975 1740 1070 opibus
1770 999 1849 1048 oum
1866 974 2065 1071 principum
2091 973 2329 1049 munificentia

528 1054 673 1186 fimf
698 1090 946 1164 contendebat.
964 1094 1013 1166 Ut
1026 1095 1136 1168 multa
1150 1099 1278 1170 civium
1291 1101 1449 1172 omittam
1469 1098 1606 1184 studia,
1628 1101 1698 1173 tria
1717 1111 1817 1173 crant
1835 1123 1921 1172 saxa
1944 1099 2099 1195 ingentis
2113 1099 2214 1172 molis
2228 1107 2331 1174 extra

527 1208 657 1344 {mi
699 1211 796 1285 urbis
826 1215 978 1303 moenia,
1016 1219 1142 1311 quibus
1172 1223 1356 1296 trahendis
1386 1231 1525 1297 centnm
1561 1247 1632 1297 non
1662 1224 1885 1298 suffecissent
1896 1224 2080 1319 jumenta;
2113 1223 2205 1306 haeo,
2235 1223 2331 1317 quod

653 1329 659 1342 ’
698 1335 937 1412 fundamentis
965 1343 1209 1438 praejaciendis
1240 1354 1342 1419 erant
1369 1349 1564 1444 aptissima,
1597 1348 1782 1421 alacritate
1807 1347 1959 1443 populns
1988 1346 2092 1433 mira,
2130 1354 2332 1440 conatuque

699 1461 911 1549 incredibili,
931 1467 1146 1563 septingenti
1159 1475 1305 1544 numero
1322 1473 1403 1557 viri,
1423 1474 1467 1546 ad
1482 1473 1596 1546 locum
1619 1473 1833 1546 destinatum
1860 1477 2138 1544 contraxerunt:
2160 1469 2259 1542 nulla
2275 1468 2332 1540 illi

700 1589 874 1672 mercede,
895 1590 973 1684 ipsa
990 1593 1121 1686 pietate
1139 1617 1204 1667 sna
1216 1595 1369 1669 invitati.
1398 1596 1535 1670 Similia
1552 1598 1597 1670 ab
1624 1597 1747 1671 eadem
1770 1595 1904 1692 inclyta
1922 1595 2064 1668 civitate
2090 1594 2221 1668 nostrIs
2238 1617 2332 1690 prae·

700 1713 783 1784 atita
800 1722 883 1786 sunt
907 1715 997 1788 alias
1018 1741 1156 1814 qnoque
1174 1718 1301 1792 officia.
1323 1720 1485 1816 Coeptum
1501 1722 1569 1794 hoc
1598 1743 1693 1794 anno
1711 1719 1912 1803 aedificium,
1941 1719 2082 1792 biennio
2100 1719 2331 1815 profligatum

475 1911 476 1916 ,
529 1883 619 1937 Prima
636 1878 675 1936 tbi
700 1843 764 1908 est.
787 1836 858 1910 Sex
878 1861 1006 1911 novam
1024 1840 1196 1915 coloniam
1215 1843 1308 1916 Socii
1324 1851 1557 1938 occuparunt;
1579 1843 1648 1917 duo
1666 1846 1702 1916 in
1728 1844 1799 1916 illis
1827 1843 2049 1916 sacerdotes:
2071 1865 2219 1938 quorum
2237 1843 2333 1916 alter

532 1961 665 2093 Salernum
700 1962 861 2056 praesidis
880 1963 1061 2038 domestici
1080 1968 1303 2042 etLituanici
1321 1969 1579 2044 concionatoris
1604 1970 1640 2040 in
1674 1969 1806 2067 templo
1825 1969 1931 2041 Beati
1956 1969 2107 2042 Joannis
2126 1967 2333 2042 academico

530 2055 640 2097 aona
701 2108 827 2158 munus
844 2087 1065 2160 sustinebat:
1099 2089 1191 2161 alter
1215 2090 1397 2163 aedihtiam
1427 2115 1515 2176 rem,
1536 2093 1724 2187 praefectus
1753 2091 1911 2174 fabricae,
1943 2092 2177 2186 procurabat;
2205 2090 2335 2186 reliqui

700 2209 879 2304 adjutores
907 2210 990 2284 laici
1015 2237 1023 2284 ε
1045 2213 1081 2283 in
1096 2213 1152 2286 his
1169 2212 1260 2285 fabri
1278 2215 1494 2288 caementarii
1515 2215 1599 2299 duo,
1620 2216 1689 2288 duo
1715 2215 1768 2287 rei
1785 2214 1971 2287 familiaris
1990 2219 2193 2300 curatores;
2214 2212 2335 2286 officia

700 2334 847 2429 quisque
866 2357 930 2408 sna
960 2338 1176 2430 praestabant
1193 2338 1396 2433 diligenter.
1430 2339 1544 2412 Miror
1561 2339 1631 2425 hio,
1652 2340 1871 2436 praeteritum
1894 2361 1977 2412 esse
1992 2338 2031 2410 in
2047 2337 2175 2412 litteris
2201 2338 2335 2414 annuis

700 2457 841 2531 silentio
858 2483 985 2532 nomen
1005 2460 1122 2534 Caroli
1143 2461 1375 2549 Ferdinandi,
1403 2463 1723 2538 Ratisboriensium
1749 2462 1861 2547 ducis,
1889 2461 2072 2536 Plocensis
2094 2469 2130 2535 et
2158 2461 2335 2538 vratisla-

699 2588 831 2660 viensis
850 2587 1054 2661 dioecesium
1078 2589 1268 2684 pontificis,
1299 2591 1390 2686 regii
1423 2591 1607 2688 principis,
1636 2591 1864 2685 SIgismundc
1891 2589 1956 2662 III.
1987 2587 2220 2661 Poloniarum
2245 2611 2337 2684 rege

581 2693 583 2698 ⁵
651 2771 662 2794 ,
700 2713 796 2799 nati:
819 2713 874 2786 cui
892 2721 1028 2807 partem
1050 2712 1225 2808 insignem
1244 2715 1423 2788 Vilnensis
1441 2716 1679 2812 professorum
1709 2713 1847 2800 domus,
1868 2712 2022 2787 omniurn
2046 2712 2222 2809 quidese
2241 2712 2338 2788 bene

700 2837 814 2910 meriti
827 2837 911 2918 sint,
928 2837 1091 2933 principi,
1113 2837 1238 2911 debet:
1260 2839 1329 2911 nisi
1340 2840 1432 2913 forte
1454 2839 1560 2936 hujus
1583 2838 1849 2913 beneficentiam
1864 2838 1921 2913 vel
1934 2838 2007 2911 suis
2024 2836 2079 2908 illi
2094 2835 2200 2933 primi
2217 2859 2338 2910 axem-

561 2975 572 2990 ·
698 2960 766 3057 plis
785 2961 1023 3056 provocarint,
1043 2961 1102 3032 vel
1126 2959 1273 3058 adjectis
1299 2972 1380 3059 post
1408 2964 1620 3038 cumularint
1649 2963 1864 3036 muneribus.
1900 2962 2054 3034 Tantum
2084 2967 2139 3034 est
2167 2959 2335 3056 injuriae,

698 3085 900 3182 antiquiora
917 3085 1172 3158 domiciliorum
1189 3094 1390 3160 nostrornm
1420 3094 1658 3173 monumenta,
1680 3087 1876 3170 historiam,
1904 3087 2062 3182 inquam,
2082 3093 2211 3160 testem
2229 3084 2335 3158 illam

698 3219 909 3306 temporum,
925 3210 1100 3306 vitamque
1114 3211 1305 3298 memoriae,
1325 3213 1546 3287 intercidisse
1563 3239 1571 3290 :
1587 3213 1625 3286 id
1639 3210 1733 3308 qnod
1745 3211 1924 3307 plerisque
1937 3211 1972 3281 in
1990 3209 2079 3286 Iocis
2094 3209 2234 3294 occidit,
2255 3216 2337 3283 tum
2453 3235 2454 3244 ¹

702 3333 913 3408 calamitosis
943 3334 1145 3429 reipublioae
1175 3337 1404 3431 temporibus,
1425 3344 1500 3410 tum
1534 3337 1674 3418 urbium
1698 3335 1885 3409 incendiis.
1919 3333 2150 3407 Molientibus
2181 3334 2334 3417 nostris,

701 3481 836 3530 sacram
860 3456 940 3530 divo
958 3457 1129 3531 Casimiro
1164 3459 1290 3546 aedem,
1319 3459 1463 3534 incitata
1492 3469 1574 3532 sunt
1603 3461 1641 3532 in
1670 3459 1796 3532 animis
1829 3479 2014 3553 procerum
2032 3456 2150 3530 studia
2169 3457 2199 3553 ej
2207 3456 2336 3531 usdem

575 3635 582 3666 ,
700 3584 812 3656 sancti
841 3581 1008 3677 prIncipis
1042 3581 1108 3667 sui,
1141 3581 1347 3678 diligentius
1382 3585 1546 3681 deinceps
1580 3584 1730 3658 colendi.
1768 3583 1860 3664 Quid
1894 3583 2096 3677 hujusmodi
2131 3583 2200 3656 hoc
2236 3605 2337 3656 anno

582 3783 614 3835 16
700 3715 841 3803 gestum
858 3706 916 3790 sit,
937 3705 1058 3800 paucis
1075 3705 1208 3800 accipe.

530 3822 670 3912 Presser-
750 3831 861 3904 Divus
880 3829 1256 3915 Casimirus,Casimiri
1270 3829 1365 3901 IVet
1379 3827 1598 3901 Ehsabethae
1610 3826 1821 3914 Austriacae,
1833 3827 1971 3904 Alberti
1983 3830 2209 3926 imperatoris
2231 3827 2334 3916 filiae,

530 3933 668 4066 nm*
701 3958 875 4031 secundus
896 3964 983 4028 natu
1000 3954 1107 4038 filius,
1136 3962 1235 4027 ortus
1252 3975 1346 4025 anno
1377 3953 1483 4038 1458,
1510 3953 1562 4026 III
1581 3974 1694 4024 nonas
1713 3953 1889 4041 octobres,
1921 3955 1958 4026 in
1978 3956 2132 4052 patriam
2146 3957 2337 4029 beatorum

526 4089 666 4146 excitatur.
702 4087 867 4176 acceptus
888 4079 995 4165 1484,
1017 4078 1068 4150 IV
1081 4100 1189 4150 nonas
1208 4075 1374 4149 martias:
1396 4077 1463 4148 rite
1477 4076 1514 4147 in
1529 4074 1629 4147 divos
1646 4075 1780 4149 relatus
1802 4077 1929 4151 1521a
1947 4077 2067 4150 Leone
2084 4077 2120 4151 X
2138 4079 2332 4152 Pontifice.

532 4262 605 4319 stari
627 4262 675 4317 tn-
700 4207 787 4302 Ejus
822 4203 1024 4299 apotheosis
1056 4203 1220 4298 quoniam
1256 4201 1427 4275 memoria
1455 4199 1683 4273 interciderat
1717 4202 1811 4296 apud
1846 4225 1929 4276 suos
1963 4204 2070 4288 cives,
2104 4203 2337 4298 perturbatos

527 4344 676 4413 nomcejuc·
699 4330 876 4404 haereticis
892 4328 1103 4401 factionibus
1138 4326 1416 4420 distractosque:
1451 4331 1587 4420 rogatu·
1605 4324 1824 4420 sigismundi
1850 4327 1903 4400 111
1930 4327 2028 4422 regis
2058 4326 2231 4412 Poloniae,
2254 4329 2337 4402 (lle-

528 4422 648 4564 flgffl
700 4463 816 4529 mente
828 4452 916 4525 VIII
936 4454 1011 4549 ejus
1033 4451 1266 4547 apotheoseos
1280 4473 1392 4524 sacrae
1413 4449 1632 4523 confirmatio
1651 4461 1687 4523 et
1712 4451 1814 4544 qnasi
1831 4450 2042 4524 instauratio
2069 4453 2229 4525 instituta
2247 4462 2332 4539 est;

528 4592 643 4678 mantua
701 4581 809 4653 misso
827 4579 943 4650 Roma
960 4575 1007 4648 ad
1025 4577 1181 4649 Polonos
1194 4575 1329 4657 labaro,
1344 4574 1380 4646 in
1399 4597 1467 4668 qno
1487 4596 1656 4669 expressa
1672 4573 1739 4646 fnit
1754 4573 1860 4672 hujus
1878 4575 1991 4648 sancti
2009 4575 2180 4670 principis
2195 4577 2331 4672 imago.

525 4687 669 4825 Ἐξ·
702 4705 781 4779 Hoc
797 4701 950 4796 insigne,
984 4700 1203 4786 ann01604,
1231 4699 1283 4771 VI
1299 4697 1380 4771 idus
1402 4697 1526 4782 maias,
1545 4697 1592 4768 ad
1604 4697 1772 4793 templum
1798 4697 1915 4770 Vilnae
1937 4698 2154 4784 cathedrale,
2177 4701 2239 4773 ubi
2259 4702 2336 4774 divi

527 4862 578 4902 cra
593 4862 665 4918 pon·
702 4850 785 4902 ossa
801 4825 943 4899 condita
960 4825 996 4897 in
1015 4824 1188 4899 oblivione
1197 4825 1272 4920 jam
1285 4822 1346 4898 diu
1363 4822 1440 4896 sine
1457 4824 1590 4896 honore
1606 4823 1795 4918 jacebant,
1811 4828 1911 4895 tanta
1925 4822 2129 4898 celebritate
2147 4849 2189 4898 ac
2202 4849 2337 4923 pompa

526 4923 678 5072 mlh
702 4953 938 5048 deportatum,
960 4956 1127 5045 quantam
1145 4949 1273 5033 adhuc,
1290 4970 1415 5044 exquo
1429 4953 1557 5020 nomen
1584 4945 1681 5019 dedit
1704 4945 1858 5030 Christo,
1878 4969 1950 5018 non
1970 4945 2115 5020 vidisset
2145 4947 2332 5024 Litnania.

530 5083 677 5180 dicahujm
702 5081 913 5158 Gratulante
931 5087 967 5155 et
984 5080 1199 5154 acclamante
1215 5077 1358 5175 populo,
1380 5076 1516 5150 bellicis
1533 5076 1740 5148 tonantibus
1757 5074 1942 5159 mechinia,
1964 5075 2205 5149 occinentibus
2224 5079 2336 5150 musi·

531 5165 604 5222 nnn
702 5191 822 5281 corum
840 5205 970 5287 choris,
991 5229 1131 5278 sacrum
1144 5203 1232 5277 illud
1249 5204 1389 5301 signnm
1411 5203 1449 5274 in
1467 5223 1651 5297 procerum
1664 5199 1898 5294 frequentiae
1915 5198 2121 5272 cancellario
2135 5199 2335 5288 Lituaniae,
