4930 6634
647 799 710 865 246
1036 800 1313 862 thUthChllUll
1336 799 1552 861 sociareris
1573 800 1659 862 Jh'SU
1683 799 1936 862 lllSTOlllrlRUlll

478 999 541 1054 16111
698 983 815 1059 616616
834 986 869 1058 16
894 985 1089 1080 Samogitia
1108 986 1153 1057 ab
1171 1008 1265 1059 anno
1297 985 1390 1059 1608
1415 983 1532 1056 adhuc
1554 984 1661 1069 Socii,
1681 993 1849 1079 tanquam
1867 985 1903 1057 in
1923 985 2077 1058 statione
2097 993 2272 1080 tempora·

477 1157 569 1215 crosis
647 1109 713 1192 ria,
735 1110 980 1182 versabantur.
1007 1110 1133 1182 Fixum
1150 1109 1239 1182 illud
1266 1133 1305 1181 ac
1328 1110 1507 1203 frequens,
1528 1107 1673 1202 aliquod
1700 1109 1820 1203 utique
1845 1110 1883 1180 in
1906 1132 1972 1181 sua
1993 1110 2176 1204 provincia
2201 1131 2273 1182 non
2305 1115 2316 1126 '

477 1243 620 1335 collegium
646 1232 802 1317 minima,
836 1234 966 1305 nostris
1006 1239 1043 1304 ut
1073 1241 1168 1306 esset
1200 1234 1428 1317 domicilium,
1461 1233 1609 1327 perboni
1648 1233 1743 1306 cives
1777 1233 1843 1318 illi,
1875 1233 2036 1306 homines
2067 1234 2274 1329 plerumque

472 1321 609 1457 mm
646 1356 762 1427 animo
782 1356 944 1452 simplici,
966 1357 1177 1451 religionum
1195 1357 1455 1441 studiosissimi,
1476 1357 1556 1452 jam·
1570 1355 1766 1430 doctrinam
1799 1357 1995 1440 Sociorum,
2017 1358 2197 1451 pietatem,
2217 1358 2271 1429 in·

473 1478 602 1534 asenne
645 1476 886 1572 dustriamque
904 1479 1052 1574 experti,
1073 1480 1303 1554 vehementer
1329 1481 1623 1577 cupiebantfro
1650 1502 1773 1553 eorum
1792 1481 1981 1566 desiderio,
2002 1481 2054 1554 rei
2080 1480 2164 1553 olim
2181 1482 2272 1576 apud

471 1559 605 1692 Qu*
644 1623 683 1674 66
698 1604 911 1688 constitutae,
929 1611 1065 1699 partem
1078 1605 1154 1699 jam
1169 1606 1369 1678 confecerat
1391 1605 1570 1700 palatinus
1591 1605 1784 1688 Vilnensis,
1815 1605 1886 1676 dux
1911 1607 2128 1679 exercituum
2151 1606 2270 1678 Litua·

642 1727 711 1798 niae
731 1748 774 1798 ac
794 1726 878 1799 felix
902 1727 1104 1822 imperator,
1124 1729 1284 1802 loannes
1310 1728 1458 1800 Carolus
1477 1728 1734 1834 Chodkiewicz,
1755 1728 1895 1811 tabulis,
1925 1729 2051 1823 quibus
2077 1751 2271 1802 1661611616

641 1849 857 1925 collocandis
870 1852 906 1922 in
926 1852 1121 1947 Samogitia
1144 1853 1257 1926 Sociis
1280 1854 1526 1947 consignasset
1551 1853 1632 1936 rite,
1652 1852 1792 1947 publica
1810 1852 2021 1926 auctoritato
2043 1877 2106 1947 per
2128 1855 2273 1928 comitia

639 1977 742 2072 regni
761 1977 942 2072 generalia
960 2001 1053 2050 anno
1075 1979 1414 2052 16156666166116.
1433 1978 1853 2073 (1116666666161161111116
1870 1979 1937 2051 loci
1952 1982 2266 2075 opportunitatem,

638 2124 706 2196 quo
729 2101 914 2174 utilissime
931 2103 1203 2175 constitueretur
1221 2103 1334 2176 Sociis
1351 2103 1502 2175 colonia.
1519 2103 1618 2174 Orosi
1636 2102 1802 2197 oppidum
1830 2103 1867 2174 in
1894 2103 2057 2177 umbilico
2078 2106 2270 2200 provinciae

637 2226 743 2298 situm
769 2226 1150 2320 (undequoquoversus
1177 2249 1345 2299 excurras
1372 2225 1522 2320 facilius)
1564 2226 1749 2300 Sociorum
1777 2227 1883 2299 etiam
1901 2228 2090 2314 sententia,
2112 2229 2266 2302 loannis

636 2349 787 2444 Argenti
800 2349 837 2420 in
855 2348 977 2444 primis
991 2357 1028 2422 et
1041 2349 1144 2421 Pauli
1158 2350 1311 2435 Boksza,
1327 2351 1434 2445 hujus
1447 2350 1612 2444 praesidis
1625 2348 1866 2444 provincialis,
1883 2349 1980 2421 illius
1992 2358 2079 2424 tunc
2107 2352 2268 2425 visitato·

635 2473 697 2559 ris,
717 2474 854 2547 caeteris
872 2473 959 2545 locis
981 2474 1219 2568 praepositum.
1243 2475 1284 2547 ln
1303 2477 1370 2548 hoo
1387 2476 1517 2571 oppido
1543 2474 1715 2548 Nicolaus
1744 2473 2022 2567 christophorus
2044 2474 2264 2561 Radivillus,

636 2599 679 2672 de
697 2622 765 2694 quc
780 2599 883 2670 modo
902 2598 1134 2681 narravimus
1150 2598 1242 2670 arcis
1260 2597 1455 2692 parietinas
1481 2619 1557 2670 suae
1571 2604 1606 2669 et
1615 2596 1761 2668 fundum
1775 2596 1952 2669 domicilio
1968 2596 2169 2691 scholisque
2183 2621 2267 2671 con·

635 2723 760 2797 dendis
773 2747 885 2818 nuper
898 2722 1103 2795 donaverat.
1125 2721 1175 2793 Εο
1196 2722 1336 2794 demum
1350 2745 1373 2793 a
1389 2721 1504 2816 prima
1528 2719 1653 2793 illaad
1668 2721 1707 2793 S.
1725 2721 1846 2793 Crucis
1861 2720 2048 2794 aediculam
2065 2721 2218 2796 statione
2230 2722 2269 2795 in

563 2907 566 2914 .
634 2845 950 2920 conferrnminatas
968 2868 1075 2941 opere
1085 2845 1314 2918 tumultuario
1333 2845 1428 2918 aedes
1445 2845 1536 2918 XlV
1549 2843 1722 2917 kalendas
1743 2845 1907 2918 octobres
1926 2843 2008 2916 anni
2030 2845 2136 2929 1616,
2153 2847 2265 2918 666111

633 2971 848 3044 61661666111
857 2969 1103 3044 Vierzbolovia
1114 2992 1194 3041 curn
1208 2969 1357 3064 praeside
1369 2991 1433 3042 suo
1447 2970 1469 3041 J
1472 2991 1588 3042 oanne
1597 2970 1619 3041 J
1622 2967 1890 3041 amielhowskio
1901 2968 2077 3055 translati;
2086 2969 2142 3042 his
2153 2969 2265 3042 additi

633 3118 715 3167 mox
727 3094 927 3166 sacerdotes
942 3103 1105 3188 quatuor,
1122 3091 1322 3164 scholarum
1340 3091 1502 3184 magistri
1519 3091 1602 3176 duo,
1620 3098 1691 3164 tres
1715 3091 1797 3163 laici
1835 3090 2014 3188 adjutores
2032 3115 2039 3163 :
2063 3092 2179 3188 itaque
2196 3093 2265 3165 hoc

633 3241 728 3291 anno
737 3217 933 3312 Collegium
946 3216 1124 3290 novellum
1133 3215 1277 3300 coaluit,
1292 3223 1410 3288 creato
1424 3216 1548 3286 domus
1563 3215 2261 3311 1661616661166166116166161116161116.

459 3381 485 3436 s·
510 3381 606 3437 hanni
682 3343 817 3416 Eodem
834 3343 972 3437 insigne
985 3343 1114 3437 pignus
1127 3339 1252 3423 Sociis,
1275 3362 1378 3412 sacra
1396 3339 1498 3412 Beati
1513 3339 1645 3411 Marini
1661 3341 1826 3436 martyris
1845 3364 1940 3425 ossa,
1964 3363 2076 3435 nuper
2094 3341 2203 3412 allata
2220 3363 2267 3416 ex

458 3459 585 3524 reliquis.
636 3465 746 3549 Urbe,
762 3463 871 3535 Vilna
884 3486 1006 3536 mense
1018 3462 1135 3535 sextili
1149 3461 1336 3548 translata,
1353 3462 1520 3544 maximo,
1537 3474 1668 3557 quanto
1684 3465 1808 3559 potuit,
1833 3472 2019 3558 apparatu,
2037 3465 2075 3535 in
2093 3464 2264 3542 sacellum

635 3592 864 3665 domesticum
878 3596 1034 3684 accepta.
1051 3587 1167 3682 Atque
1182 3589 1243 3659 1166
1257 3587 1398 3682 quidem
1416 3587 1571 3667 sinceras
1586 3610 1664 3659 6666
1691 3585 1762 3656 11111
1780 3585 1943 3681 martyris
1957 3585 2135 3680 reliquias,
2167 3587 2264 3664 Deus

457 3720 559 3776 tonsu
634 3714 829 3787 manifestis
863 3711 1146 3806 admirandisque
1172 3711 1285 3805 signis
1312 3710 1534 3805 approbavit.
1571 3709 1711 3781 Lomsae
1736 3732 1874 3804 quoque
1904 3718 2102 3783 crescentes
2129 3710 2265 3805 pariter

459 3803 609 3944 {dedidit
635 3837 785 3932 collegii
803 3860 859 3911 res
877 3836 1050 3908 similibus
1067 3842 1181 3906 auctae
1196 3833 1424 3915 ornamentis,
1452 3831 1570 3905 allatis
1597 3855 1660 3926 per
1675 3832 1819 3906 Patrem
1850 3833 2038 3905 Nicolaum
2057 3833 2263 3910 Lancicium

460 3964 563 4058 rupem
634 3965 752 4037 Roma
771 3962 815 4034 de
832 3959 1045 4044 coemeterio,
1071 3959 1277 4031 Sanctorum
1296 3957 1497 4029 Sebastiam
1515 3967 1550 4030 et
1576 3956 1705 4028 Oalixti
1722 3958 1826 4042 dicto,
1849 3958 2041 4032 Beatorum
2060 3957 2262 4054 Martyrum

461 4043 585 4112 tanqum.
635 4087 789 4161 Zenonis
806 4093 842 4158 et
854 4082 997 4156 Theclae
1015 4083 1124 4155 sacris
1143 4082 1293 4154 ossibus.
1319 4079 1506 4152 Biennium
1524 4081 1674 4174 amplius
1691 4089 1774 4154 ante
1792 4081 1837 4153 ad
1864 4081 1942 4154 haec
1959 4081 2079 4152 divina
2097 4104 2259 4165 munera,

635 4212 828 4285 honoribus
854 4209 1042 4304 praecipuis
1059 4205 1188 4302 populo
1206 4203 1498 4290 commendanda,
1518 4204 1613 4277 Socii
1631 4227 1669 4276 se
1695 4205 1967 4298 comparabant;
1994 4203 2261 4280 difficultatibus

636 4336 776 4408 interim
797 4335 881 4406 hinc
893 4331 990 4403 illinc
1003 4329 1198 4423 alienisque
1216 4328 1530 4401 intervenientibus
1545 4329 1708 4420 negotiis.
1730 4329 1844 4424 Hujus
1859 4327 1998 4400 demum
2016 4329 2100 4402 anni
2116 4327 2164 4399 Vl
2180 4328 2261 4402 idus

461 4423 578 4574 ffimi'„
636 4459 803 4554 quintiles
831 4456 991 4553 publicus
1016 4455 1139 4527 Beatis
1170 4454 1365 4548 hospitibus
1392 4453 1534 4524 habitus
1556 4461 1612 4526 est
1632 4452 1756 4562 honos.
1779 4451 1917 4524 Erectee
1942 4452 1978 4521 in
1996 4450 2084 4524 urbe
2110 4458 2261 4544 quatuor

458 4581 554 4637 harum
636 4579 868 4677 triumphales
886 4587 1018 4675 portae:
1044 4602 1088 4650 ex
1118 4578 1187 4662 his,
1219 4577 1301 4650 lecti
1319 4585 1422 4672 atque
1447 4575 1590 4648 aliunde
1614 4575 1720 4648 etiam
1748 4575 1923 4656 conducti,
1952 4572 2195 4672 symphoniaci
2214 4575 2261 4646 ad

461 4657 576 4791 tppppts
636 4710 761 4783 laudes
776 4707 967 4780 Beatorum
981 4705 1194 4776 carminibus
1208 4703 1425 4786 1611166661;
1443 4700 1519 4773 odis
1536 4701 1582 4772 ad
1597 4722 1716 4773 corum
1731 4719 1896 4769 numeros
1911 4695 2012 4792 pubis
2027 4695 2260 4781 scholasticae,

638 4833 762 4908 ordine
789 4830 935 4926 pulchro
953 4828 1095 4900 vicatim
1120 4825 1312 4922 dispositae,
1333 4821 1623 4901 consonantibus,
1651 4839 1782 4913 perque
1813 4839 1933 4890 aarum
1951 4816 2148 4909 intervalla,
2170 4839 2260 4912 quas

633 4957 759 5034 musici
776 4977 907 5051 pausas
927 4960 1065 5038 vocant,
1087 4953 1197 5025 aeneis
1215 4975 1259 5026 ex
1277 4949 1370 5022 edito
1396 4947 1474 5018 loco
1493 4944 1664 5017 machinis
1681 4943 1897 5016 tonantibus.
1928 4941 2090 5014 Secundo
2109 4941 2259 5015 tertiove

629 5088 674 5160 ab
690 5084 816 5181 oppido
830 5081 959 5174 lapide,
980 5101 1110 5182 pagum
1124 5101 1247 5151 versus
1272 5098 1375 5171 quem
1402 5072 1608 5146 Gelesinum
1622 5076 1761 5152 vocant,
1777 5067 1870 5139 inter
1884 5064 2050 5147 tentoria,
2063 5064 2127 5136 sub
2140 5065 2258 5140 taber-

633 5209 773 5291 naculo,
811 5206 913 5302 quasi
942 5205 1003 5277 illo
1030 5204 1210 5301 praetorio,
1243 5202 1280 5294 111
1306 5199 1441 5272 11166616
1476 5193 1669 5292 propositae
1702 5191 1895 5264 Beatorum
1927 5188 2098 5284 reliquiae,
2131 5197 2167 5262 et
2194 5213 2260 5264 sua
