4930 6634
646 695 709 762 324
1010 693 1286 759 LITUANICARUM
1309 692 1520 757 SOClETdTlS
1541 691 1628 758 lusu
1649 690 1905 758 fflsroalcauu

478 899 542 956 1640
649 883 758 955 mioos
789 880 955 976 dignatus
981 888 1035 954 est
1061 890 1199 954 nostros
1230 905 1356 976 nuper,
1377 880 1555 966 LukisciS,
1584 879 1623 953 in
1648 880 1851 954 suburbano
1868 878 2030 974 Collegii,
2059 874 2190 950 ibidem
2218 872 2266 944 ab

651 1005 852 1078 oratoribus
874 1004 1004 1077 nostris
1034 1012 1069 1078 et
1095 1005 1208 1102 poetis
1235 1005 1411 1078 salutatus
1424 1005 1476 1100 (1).

479 1109 626 1245 rotellas
700 1130 826 1203 Mense
843 1129 981 1223 quintili
1002 1128 1142 1203 habitus
1169 1138 1223 1203 est
1239 1130 1359 1202 Vilnae
1374 1128 1599 1224 provincialis
1617 1125 1800 1200 Sociorum
1822 1131 2028 1199 conventus.
2049 1125 2223 1220 Acceptus
2239 1121 2278 1194 in

480 1265 595 1359 ciiinvt·
651 1253 719 1325 hoc
736 1276 755 1326 e
770 1253 920 1327 Polonia
936 1253 1174 1328 internuntius
1186 1254 1232 1326 de
1258 1254 1404 1325 consilio
1424 1253 1606 1326 Sociorum
1624 1251 1709 1322 duas
1735 1250 1772 1320 in
1794 1257 1914 1344 partes
1937 1247 2137 1320 dividendae
2155 1247 2277 1320 Litua·

480 1346 628 1481 ffiolfss
653 1377 743 1450 nioae
768 1377 981 1473 provinciae;
1002 1377 1094 1472 quod
1121 1399 1221 1448 suam
1243 1377 1311 1472 ipsi
1328 1377 1460 1472 pariter
1481 1376 1632 1450 divisum
1653 1375 1746 1446 irent
1767 1373 1935 1468 :idquea
1957 1373 2146 1468 praeposito
2170 1370 2279 1445 etiam

480 1500 628 1572 provincio
652 1501 812 1595 generali
828 1501 1059 1597 postularent.
1086 1500 1272 1594 Negarunt
1294 1501 1438 1573 Lituani
1463 1501 1644 1572 commode
1658 1500 1693 1571 id
1718 1499 1812 1595 apud
1827 1521 1866 1572 se
1883 1499 1962 1571 ficri
1979 1521 2098 1594 posse,
2117 1495 2278 1569 luculen-

480 1593 629 1712 ffirffi
652 1631 756 1720 teque
785 1625 1046 1697 confirmarunt.
1079 1624 1202 1718 Itaque
1233 1623 1286 1696 illi
1311 1624 1483 1697 maturius
1513 1622 1752 1718 conjungendi
1782 1624 1837 1694 sui
1868 1647 1947 1695 cum
1969 1621 2147 1695 lituanicis
2174 1620 2283 1692 rebus

479 1735 598 1870 gallen·
652 1744 830 1819 consiliio
852 1747 1015 1819 Romano
1033 1745 1186 1841 praeside
1197 1747 1294 1841 jussi
1319 1754 1505 1842 expectare
1522 1754 1674 1842 tempus.
1706 1747 1848 1818 Interim
1875 1745 2114 1840 perlustrabat
2139 1743 2284 1816 lituani·

653 1892 743 1956 cam,
765 1871 887 1943 eadem
910 1893 1018 1942 causa
1043 1869 1170 1942 missus
1195 1872 1351 1946 aMutio
1372 1873 1539 1948 Generali
1564 1874 1739 1959 visitator,
1767 1872 1953 1946 Fabricius
1984 1872 2180 1966 Bamphus,
2201 1893 2281 1942 cum

484 1995 557 2089 vau
572 2007 629 2062 ow·
653 1994 674 2066 J
678 2016 793 2067 oanne
828 1991 1133 2077 lamiolkovskio‚
1171 2016 1375 2071 successore
1410 1999 1448 2070 in
1478 2020 1605 2070 munus
1635 1995 1850 2092 provinciale
1884 1994 2011 2069 Jacobi
2041 1993 2282 2077 Lachovslrii,

483 2088 603 2212 puppup
655 2139 768 2212 nuper
785 2117 970 2190 Varsaviae
988 2117 1175 2189 demortui.

483 2235 631 2371 llghffif
703 2240 828 2314 Annus
844 2241 915 2324 hic,
939 2240 1108 2313 Societati
1130 2240 1434 2314 aconfirmatione
1456 2240 1601 2312 Ordinis
1629 2240 1685 2312 sui
1698 2241 1893 2328 saecularis,
1918 2263 1982 2335 per
2001 2239 2162 2334 Collegia
2179 2239 2287 2336 hujus

483 2355 600 2451 mo,
654 2365 857 2459 provinciae,
868 2365 1048 2460 praecipua
1063 2365 1194 2459 pietate
1208 2371 1244 2437 et
1259 2364 1385 2437 laetitia
1402 2364 1610 2438 celebratus.
1631 2364 1684 2436 Ac
1697 2365 1815 2438 Vilnae
1833 2365 1988 2460 quidem,
2011 2366 2175 2461 episcopo
2194 2365 2283 2436 civi-

481 2475 612 2612 snalla
654 2488 738 2562 tatis
755 2489 958 2563 Abrahamo
977 2491 1121 2586 Woyua
1139 2514 1210 2562 non
1227 2489 1469 2563 consentiente
1482 2493 1631 2571 tantum,
1653 2489 1716 2560 sed
1740 2490 1845 2562 etiam
1862 2491 2037 2574 hortante,
2053 2501 2161 2586 atque
2179 2491 2281 2584 adju·

483 2633 598 2706 primum
653 2609 759 2684 'vante
780 2611 964 2684 Sociorum
988 2621 1148 2697 conatus,
1165 2611 1333 2706 triumphi
1358 2611 1424 2683 fuit
1449 2612 1588 2684 initium
1614 2635 1636 2682 a
1664 2612 1716 2684 III
1745 2613 1920 2701 kalendas
1940 2615 2098 2698 sextiles,
2124 2614 2283 2709 vesperis

483 2715 623 2852 {effll
656 2733 760 2808 beato
773 2737 920 2842 parenti
945 2745 1067 2809 nostro
1086 2736 1208 2809 sacris.
1227 2736 1376 2807 Duravit
1403 2733 1588 2807 celebritas
1606 2734 1681 2808 dies
1695 2743 1786 2808 octo.
1817 2738 1920 2810 Curae
1934 2738 1970 2809 in
1984 2760 2028 2811 ea
2041 2746 2076 2812 et
2090 2737 2206 2811 studia
2230 2737 2285 2810 sic

485 2879 554 2932 tum.
658 2857 854 2955 dispertita.
885 2861 1042 2934 Interdiu
1071 2863 1224 2957 aprima
1239 2860 1318 2932 luce
1343 2859 1389 2930 ad
1415 2881 1579 2932 occasum
1603 2859 1754 2966 populus
1772 2883 1850 2932 oum
1872 2861 2091 2955 proceribus,
2112 2877 2286 2955 perquam

485 2985 579 3043 vura.
657 2986 717 3058 ille
735 2987 911 3083 frequens,
926 2996 961 3062 et
977 2995 1147 3084 tanquam
1164 2986 1211 3060 ad
1237 2988 1260 3060 J
1264 2986 1429 3060 ubilaeum
1451 3007 1621 3071 convena,
1642 2983 1838 3069 sacrificiis,
1854 2984 2093 3070 concionibus,
2108 2983 2285 3079 supplica-

658 3110 812 3184 tionibus
826 3111 1011 3196 intererat,
1027 3135 1212 3206 avespera
1225 3111 1358 3207 pariter
1375 3110 1421 3181 ad
1435 3109 1655 3187 concubium.
1670 3115 1830 3180 arrectus
1848 3108 1893 3179 ad
1920 3108 2058 3202 ignium
2076 3107 2284 3180 artificioso·

658 3259 735 3307 rum
749 3236 962 3330 spectacula,
975 3237 1021 3310 ad
1035 3238 1180 3311 festivos
1193 3235 1398 3308 bellicarum
1411 3233 1562 3307 tonitrus
1576 3256 1620 3305 ex
1633 3231 1809 3304 montibus
1823 3239 1858 3304 et
1871 3231 2012 3304 arcibus
2025 3231 2283 3318 machinarum,

486 3351 615 3486 {affl}
659 3361 705 3433 ad
723 3361 876 3435 musicos
892 3385 912 3436 e
929 3363 1084 3435 turribus
1111 3370 1301 3436 concentus
1318 3359 1502 3462 vigilabat.
1524 3360 1574 3432 Ut
1590 3359 1661 3432 tria
1682 3339 1756 3430 tum
1774 3356 1887 3430 Sociis
1903 3364 2005 3431 erant
2020 3357 2057 3428 iu
2070 3359 2158 3432 urbe
2175 3358 2287 3430 domi-

438 3501 442 3508 '
487 3509 571 3565 orites
584 3509 612 3565 eo
660 3485 754 3568 cilia,
782 3509 803 3560 e
834 3485 998 3594 singulis,
1028 3475 1185 3559 consiliis
1219 3493 1254 3560 et
1284 3509 1393 3581 opera
1422 3485 1574 3566 collatis,
1607 3483 1643 3554 in
1667 3483 1829 3556 ornanda
1862 3482 2068 3556 celebritate
2098 3489 2283 3557 certatum.

486 3591 638 3660 apparatus
659 3608 820 3705 Templa,
838 3611 985 3697 scholae,
1006 3611 1110 3694 odea,
1132 3619 1260 3696 turres,
1283 3613 1391 3698 aedes,
1414 3603 1532 3695 arcu's,
1552 3617 1664 3706 portae
1682 3615 1809 3703 paratu
1826 3605 2061 3706 splendebant
2074 3607 2285 3702 conquisito.

660 3734 701 3805 In
716 3733 866 3828 singulis
879 3733 1077 3816 domiciliis,
1087 3732 1237 3829 singulis
1251 3757 1315 3830 per
1328 3734 1366 3806 id
1375 3742 1512 3829 tempus
1526 3733 1662 3816 diebus,
1672 3731 1908 3826 pascebantur
1921 3732 2035 3830 coacti
2044 3731 2287 3803 mendicorum

659 3879 812 3951 greges3
832 3857 879 3928 ad
898 3879 1039 3929 mensas
1053 3856 1224 3951 patribus,
1249 3859 1497 3950 grandioribus
1511 3866 1610 3944 natu,
1631 3857 1926 3930 ministrantibus
1942 3859 2043 3932 Bene
2056 3860 2100 3931 de
2113 3858 2289 3932 Societale

660 3979 865 4073 meritorum
886 4001 943 4052 res
966 3980 1054 4052 bene
1073 3986 1208 4073 gestas,
1228 3979 1266 4051 in
1284 3979 1406 4077 primis
1427 3981 1670 4052 Romanorum
1696 3980 1921 4067 Pontificum,
1942 3989 2017 4054 tum
2035 4006 2160 4078 regum
2179 3981 2287 4054 Polo-

663 4103 744 4190 niae‚
773 4103 959 4178 Societatis
990 4109 1026 4177 et
1059 4103 1260 4176 Academiae
1295 4103 1474 4179 Vilnensis
1508 4111 1677 4188 tutorum,
1714 4112 1787 4177 tum
1821 4105 2005 4180 Valeriani
2039 4107 2288 4181 Snusrkovskii

543 4249 547 4260 ’
661 4228 854 4300 conditoris
880 4227 1102 4300 academici:
1127 4227 1254 4300 deinde
1280 4251 1413 4314 eorum,
1436 4229 1496 4322 qui
1521 4228 1693 4323 praeclare
1726 4227 1919 4302 academici
1946 4231 2150 4304 cancellarii
2174 4229 2289 4304 admi·

663 4353 874 4426 nistrassent
886 4374 1034 4426 munera
1050 4377 1058 4424 :
1076 4351 1204 4424 deinde
1230 4375 1414 4448 procerum
1439 4351 1611 4426 beneficia
1631 4376 1639 4422 :
1666 4350 1816 4446 denique
1842 4354 2034 4449 primorum
2052 4355 2173 4456 decem
2189 4353 2289 4426 beati

662 4478 817 4572 parentis
844 4476 1023 4550 Sociorum
1050 4476 1190 4560 merita,
1211 4475 1363 4570 singulis
1387 4476 1620 4559 orationibus,
1636 4473 1774 4569 publice
1791 4474 1935 4562 habitis,
1961 4477 2171 4551 collaudata.
2190 4479 2293 4552 Inter

663 4600 741 4672 haec
768 4599 892 4672 diebus
922 4600 1028 4674 certis
1047 4623 1110 4694 pro
1135 4598 1342 4682 demortuis,
1363 4599 1400 4670 in
1425 4600 1538 4672 tribus
1561 4596 1715 4691 templis,
1749 4609 1918 4693 apparatu
1947 4600 2101 4687 funebri,
2128 4601 2292 4674 excitatis

615 4767 617 4770 v
664 4724 853 4820 magnifice
870 4725 1104 4820 cenotaphiis,
1131 4724 1281 4796 litatum.
1304 4723 1396 4802 Quid
1420 4724 1466 4795 ad
1488 4723 1706 4820 triumphum
1731 4726 1941 4801 scholastica
1968 4752 2106 4824 quoque
2119 4729 2293 4824 juventus

664 4851 862 4936 contulerit,
873 4851 1070 4946 jucundum
1083 4849 1563 4924 commeminisseOrnaruut
1580 4858 1615 4924 et
1628 4851 1697 4946 ipsi
1706 4875 1871 4948 magnam
1884 4857 2005 4952 templi
2021 4859 2076 4930 sui
2094 4859 2293 4934 academici

661 4982 798 5072 partem
824 4976 897 5047 suis
924 4974 1048 5072 opibus
1076 4999 1084 5047 :
1110 4975 1236 5070 elogiis
1253 4973 1408 5060 scilicet,
1433 4973 1621 5071 symbolis,
1648 4974 1883 5072 imaginibus,
1913 4980 1970 5056 his
1994 4989 2125 5077 praeter
2141 4983 2213 5056 alia
2235 5009 2244 5056 τ
2266 5007 2293 5058 a

708 5115 748 5196 (l)
770 5114 834 5176 Vid.
859 5118 1061 5198 Panegyricum
1086 5117 1250 5190 inscriptum
1273 5133 1281 5176 :
1303 5114 1395 5172 Flora
1417 5106 1614 5172 Luoliseanae.
