4896 6650
658 797 699 862 94
1027 799 1302 862 utvuamcauuu
1326 801 1537 862 sectaveris
1557 803 1643 864 insu
1667 800 1919 862 ursicampum

486 994 548 1048 rust
660 985 759 1079 rique
777 989 1018 1078 oppugnarent
1038 1007 1045 1053 :
1068 989 1172 1077 atque
1199 988 1393 1077 opportune
1423 979 1575 1075 quidem,
1600 980 1703 1052 Duna
1728 979 1891 1054 videlicet
1917 1001 2031 1052 arcem
2057 979 2281 1061 interfluente

484 1071 635 1206 ffiiffi,
659 1115 694 1180 et
718 1130 795 1180 eam
821 1105 998 1191 insulam;
1032 1114 1164 1178 mutato
1194 1112 1383 1200 propterea
1408 1105 1565 1188 consilio,
1586 1112 1736 1178 castrum
1768 1102 1861 1176 inter
1885 1111 1921 1176 et
1950 1103 2077 1187 forum,
2099 1107 2278 1201 regionem

485 1240 616 1311 signatur.
659 1230 776 1326 oppidi
796 1251 885 1300 novo
908 1228 1083 1300 domicilio
1108 1229 1271 1323 princeps
1297 1228 1531 1314 determinat;
1554 1227 1773 1321 aedilemque,
1795 1225 1946 1320 quirem
1972 1225 2153 1300 Sociorum
2175 1252 2281 1324 quam

660 1351 928 1448 diligentissime
953 1358 1127 1446 procuret,
1149 1350 1377 1424 Franciscum
1393 1353 1481 1435 Zuk,
1502 1355 1593 1426 arcis
1613 1375 1687 1424 suae
1706 1351 1899 1434 custodem,
1914 1351 2026 1446 jubet.
2098 1413 2099 1416 ,

709 1480 921 1555 Posscvinus
941 1481 1034 1586 inde,
1054 1477 1254 1574 perlaturus
1273 1500 1316 1551 ea
1342 1476 1380 1547 in
1398 1476 1628 1582 Moscoviam,
1649 1501 1729 1574 quaa
1756 1479 1822 1550 sibi
1846 1479 2013 1552 Pontifex
2040 1481 2278 1566 commiserat,

660 1605 875 1701 propositum
898 1628 977 1677 cum
996 1603 1107 1677 Sociis
1133 1603 1315 1696 ingressus
1332 1608 1386 1673 est
1403 1601 1489 1687 iter;
1516 1604 1669 1697 acceptis
1684 1627 1707 1676 a
1723 1626 1808 1698 rege
1834 1605 1879 1675 ad
1907 1605 2093 1699 praefectos
2120 1606 2223 1679 Orsae
2245 1614 2282 1681 et

485 1700 611 1833 ξξζᾝι
661 1729 896 1800 Dombrovnae
923 1727 1146 1800 castellorum
1172 1723 1467 1799 commendatitiis
1499 1723 1637 1806 litteris,
1656 1735 1691 1801 et
1717 1728 1904 1822 prodromo
1933 1751 1997 1824 per
2027 1751 2086 1802 eas
2116 1731 2281 1826 regiones

484 1856 608 1913 Moseovi-
658 1853 803 1938 Basilio,
836 1851 1046 1926 Cosacorum
1076 1852 1300 1937 nostratium,
1334 1849 1611 1922 voluntariorum
1646 1854 1808 1935 militum,
1843 1853 2034 1950 primipilo.
2067 1856 2175 1929 Haud
2207 1857 2282 1932 sine

483 1952 632 2069 iim„
659 2001 777 2074 operae
802 1975 915 2072 pretio
941 1975 1028 2047 illud
1055 1975 1119 2048 fuit
1146 1998 1247 2046 suum
1272 1976 1406 2048 homini
1432 1975 1606 2064 officium;
1628 2001 1650 2050 a
1669 1979 1854 2052 Photianis
1881 2001 2005 2074 nempe
2032 1981 2224 2064 erroribus,
2247 1983 2283 2055 in

483 2092 597 2148 runem.
658 2099 784 2194 quibus
810 2095 922 2170 adhuc
947 2097 1091 2192 ignarus
1121 2097 1343 2183 versabatur,
1380 2099 1424 2170 ad
1457 2097 1664 2194 religionem
1695 2101 1905 2174 catholicam
1941 2123 2003 2195 per
2033 2104 2280 2192 Posscvinum,

658 2223 741 2294 dum
773 2223 841 2295 iter
866 2222 1033 2306 facerent,
1068 2228 1242 2293 revocato.
1275 2223 1500 2295 Transmisso
1533 2224 1579 2295 ab
1614 2225 1705 2298 Orsa
1732 2225 1969 2322 Borysthene,
2003 2227 2280 2316 Dombrovnam,

656 2350 737 2423 inde
763 2349 809 2421 ad
835 2349 943 2443 ipsos,
977 2345 1103 2442 quibus
1133 2344 1300 2440 regiones
1326 2347 1567 2421 Moscoviticae
1595 2371 1618 2420 a
1644 2350 1840 2423 Lituanicis
1875 2351 2122 2446 sejunguntur,
2152 2353 2283 2428 limites

656 2479 811 2546 ventum.
832 2470 980 2545 Relictis
1008 2470 1071 2555 ibi,
1088 2470 1148 2564 qui
1178 2469 1273 2565 ipsos
1304 2470 1460 2564 praesidii
1484 2493 1592 2542 causa
1620 2492 1662 2542 eo
1693 2471 1937 2554 deduxerant,
1970 2472 2146 2567 equitibus
2166 2473 2276 2570 (quod

657 2596 879 2682 verebantur,
899 2619 982 2670 nea
1008 2595 1179 2678 Moschis,
1201 2579 1398 2668 continenti
1423 2592 1650 2689 populatione
1677 2614 1785 2686 agros
1809 2593 2025 2667 Polonorum
2043 2597 2277 2684 vastantibus,

658 2719 907 2815 caederentur),
937 2719 1031 2790 viam
1048 2741 1153 2814 porro
1180 2719 1336 2791 inierunt
1362 2716 1586 2790 deterrimam
1612 2723 1647 2788 et
1663 2714 1873 2788 lutulentam
1900 2716 2041 2812 oppid0,
2067 2742 2132 2815 per
2161 2720 2282 2816 sylvas

656 2841 929 2925 inextricabiles,
949 2841 1056 2913 ramis
1073 2847 1241 2936 perpetuo
1259 2841 1411 2936 quodam
1430 2863 1523 2912 nexu
1540 2840 1632 2912 inter
1658 2861 1696 2910 se
1723 2838 1774 2910 ita
1800 2839 1988 2935 colligatis,
2010 2850 2048 2913 ut
2066 2843 2124 2914 via
2148 2845 2282 2938 passim

481 2947 630 3082 ssfflm
656 2965 847 3063 aperienda
863 2971 958 3038 esset
975 2963 1168 3049 securibus,
1184 2987 1376 3060 currusque
1395 2985 1489 3058 saepe
1506 2960 1670 3034 manibus
1687 2984 1751 3057 per
1771 2961 1942 3057 uliginem
1960 2964 2167 3050 trahendus,
2184 2989 2281 3062 saepe

481 3105 630 3161 noscenti·
657 3091 812 3164 humeris
829 3090 935 3162 etiam
957 3087 1234 3162 transferendus.
1253 3089 1295 3160 In
1312 3111 1356 3162 ea
1374 3087 1510 3162 itineris
1542 3083 1745 3158 difficultate
1762 3085 1991 3174 luctantibus,
2011 3097 2282 3184 vesperascente

480 3187 513 3243 οἱ·
652 3217 726 3310 jam
756 3213 858 3298 coelo,
896 3235 1007 3307 eoque
1037 3211 1191 3298 turbido,
1219 3212 1298 3286 loco
1324 3212 1473 3307 palustri
1503 3217 1608 3304 atque
1633 3209 1778 3304 insuper
1803 3211 1929 3295 obsito,
1950 3210 1987 3283 in
2013 3211 2101 3307 ipsis
2126 3210 2280 3285 ferarum

658 3340 831 3416 cubilibus
856 3340 954 3435 quies
978 3338 1185 3434 defatigatis
1203 3338 1407 3434 corporibus
1425 3346 1502 3411 erat
1519 3334 1722 3433 quaerenda,
1743 3334 1906 3428 quodque
1931 3334 2206 3420 formidolosius,
2224 3334 2281 3406 in-

656 3477 711 3542 ter
735 3468 831 3562 ipsos
855 3465 1031 3549 latrones3
1060 3465 1349 3538 concursantibus
1368 3464 1459 3535 ultro
1477 3462 1634 3554 citroque
1655 3465 1691 3530 et
1707 3457 1978 3530 vociferantibus
2005 3457 2161 3542 (losacis,
2187 3481 2281 3553 prae·

657 3591 806 3666 donibus
823 3587 1094 3661 immanissimis.
1112 3589 1360 3662 Pernoctatum
1378 3587 1496 3679 itaque
1514 3584 1605 3657 inter
1617 3607 1661 3656 ea
1673 3583 1742 3657 loci
1757 3607 1827 3657 non
1840 3584 2141 3680 tranquillissime.
2159 3586 2282 3658 Primo

657 3716 775 3802 statim
793 3711 959 3794 diluculo,
970 3711 1187 3784 insomnibus
1206 3712 1347 3784 omnino
1366 3707 1620 3803 completisque
1638 3709 1792 3782 occurrit
1804 3731 1883 3781 cum
1901 3709 2077 3803 equitibus
2095 3710 2284 3804 sexaginta

658 3848 693 3915 et
710 3837 911 3936 patentibus
927 3834 1011 3908 fidei
1033 3834 1183 3930 publicae
1205 3835 1333 3908 litteris
1359 3833 1567 3907 Theodorus
1595 3831 1880 3905 Pacbionleimus
1897 3833 2051 3926 legionis
2077 3833 2278 3927 praefectus,

657 3989 679 4037 a
696 3961 877 4036 Mosccvia
895 3959 1021 4030 missus
1037 3958 1190 4031 obviam.
1219 3958 1439 4032 Intellectum
1456 3962 1511 4028 est
1528 3954 1680 4041 demum,
1701 3955 1806 4028 certis
1825 3955 1927 4028 Orsae
1954 3964 2017 4028 aut
2044 3957 2281 4031 bombrovnae

656 4084 930 4184 praestolandum
946 4081 1053 4154 fuisse
1070 4080 1202 4154 nuntiis
1221 4081 1263 4153 de
1281 4083 1434 4154 adventu
1453 4078 1528 4172 ejus
1558 4077 1737 4171 praesidii;
1771 4079 1808 4150 id
1833 4077 1927 4172 quod
1953 4078 1998 4150 ad
2030 4079 2181 4152 confinia
2208 4079 2283 4152 dux

657 4212 731 4306 ipse¹
749 4214 877 4303 praesto
900 4207 1055 4278 futurum
1080 4204 1300 4300 promiserat.
1321 4204 1399 4275 Hoc
1421 4199 1529 4294 septis
1560 4198 1740 4283 comitatu,
1761 4208 1886 4273 octavo
1914 4200 1992 4272 idus
2019 4201 2175 4286 sextiles,
2196 4223 2275 4273 cum

585 4365 592 4379 ·
656 4334 868 4410 amoenibus
886 4327 1079 4406 Sm'olensci
1095 4331 1236 4426 longius
1262 4331 1429 4403 abessent
1455 4324 1583 4409 adhuc,
1603 4347 1666 4418 per
1690 4322 1902 4396 subornatos
1933 4323 2174 4419 exploratores
2203 4347 2279 4396 mo-

571 4539 577 4554 ,
656 4459 734 4541 niti,
754 4457 937 4529 effundunt
959 4476 996 4526 se
1019 4453 1159 4526 obviam
1187 4477 1231 4526 ex
1254 4452 1341 4524 urbe
1366 4449 1502 4544 equites
1527 4445 1708 4519 honorarii
1734 4444 1966 4540 quadrageni,
1988 4447 2127 4520 seriscis
2156 4469 2280 4521 omnes

486 4539 627 4693 iffi&
657 4581 833 4676 fulgentes
859 4585 894 4650 et
927 4600 1034 4660 auro,
1076 4577 1164 4649 duce
1196 4575 1334 4647 loanne
1371 4571 1628 4653 Abramovicz‚
1661 4568 1734 4641 filio
1765 4569 1926 4662 praesidis
1960 4568 2282 4644 Smolensccnsium

488 4702 627 4772 excipitur.
658 4704 827 4780 Palatini.
845 4703 892 4786 Is,
912 4710 951 4772 ut
968 4701 1011 4771 ad
1037 4722 1163 4794 equum
1191 4697 1496 4770 conscendendum
1514 4693 1675 4767 invitavit
1689 4693 1886 4764 Romanum
1905 4693 2091 4787 Legatum,
2112 4693 2282 4765 continuo

657 4835 837 4928 parentem
864 4829 1005 4898 excusat
1022 4844 1136 4905 suum,
1157 4821 1250 4916 quod
1277 4842 1348 4891 non
1373 4827 1408 4892 et
1426 4820 1501 4912 ipse
1519 4818 1658 4890 obviam
1677 4814 1859 4910 prodierit,
1880 4839 1994 4910 neque
2020 4817 2112 4888 enim
2138 4815 2204 4887 sibi
2221 4816 2283 4888 vel

657 4954 781 5051 pedem
807 4974 851 5024 ex
877 4969 958 5020 arce
985 4945 1124 5028 efferre,
1154 4967 1230 5018 esse
1256 4945 1447 5040 integrum.
1469 4945 1560 5016 Tum
1588 4944 1630 5014 de
1657 4946 1823 5039 Gregorii
1853 4946 2035 5019 Pontificis
2060 4945 2279 5032 valetudine,

657 5087 769 5179 deque
804 5079 941 5157 itinere,
974 5081 1013 5146 ut
1036 5072 1217 5145 habuisset
1242 5075 1475 5159 commodum,
1509 5074 1723 5174 sciscitatus,
1755 5072 1792 5142 in
1817 5071 1940 5144 urbem
1965 5081 2068 5167 atque
2098 5075 2135 5145 in
2159 5096 2284 5148 arcem

658 5213 763 5287 etiam
789 5208 869 5304 (quo
895 5204 1012 5278 aditus
1040 5199 1141 5285 nulli,
1175 5223 1220 5272 ne
1246 5200 1401 5272 Romani
1431 5198 1569 5293 quidem
1610 5195 1851 5291 Imperatoris,
1884 5196 2021 5289 quicum
2046 5197 2201 5270 sanctior
2225 5205 2285 5270 ast
