4936 6658
701 794 810 853 66666
831 759 1222 874 66616666666-6666).
1257 861 1258 864 ,
1749 793 1810 858 646

184 975 355 1048 Immanis
377 973 561 1068 utriusque
578 972 694 1067 gentis
712 973 779 1057 vis,
805 972 917 1046 millia
934 996 1006 1046 non
1022 974 1138 1046 minus
1154 982 1326 1060 trecenta,
1346 977 1470 1070 iraque
1489 977 1565 1071 jam
1590 977 1649 1048 diu
1673 977 1810 1050 inflam-

183 1106 296 1182 mata,
315 1099 352 1170 in
365 1098 556 1194 perniciem
574 1097 791 1170 Polonorum
809 1098 943 1192 pariter
955 1098 1123 1170 incubuit.
1147 1099 1517 1206 Causacommoveudi
1535 1122 1634 1172 arma
1650 1101 1812 1175 barbaris

183 1220 286 1295 nulla
303 1221 369 1294 suit
377 1223 497 1317 justa;
519 1221 807 1316 praetendebatur
823 1229 942 1294 autem
968 1221 1152 1316 multiplex
1174 1252 1179 1292 :
1204 1223 1332 1318 religio
1351 1225 1557 1296 Graecorum
1575 1224 1738 1310 maxime,
1756 1227 1813 1321 qui

184 1370 227 1419 66
243 1368 356 1440 nuper
374 1368 453 1418 cum
470 1344 632 1418 Ecclesia
650 1345 815 1417 Romana
836 1367 900 1439 per
929 1347 1102 1441 synodum
1120 1347 1332 1418 Brestanam
1363 1348 1639 1442 conjunxissent.
1666 1349 1816 1443 Indigna

185 1455 328 1564 quidem
337 1468 404 1540 hoc
418 1466 495 1578 loco
513 1468 667 1540 barbara
680 1468 743 1540 illa
752 1467 943 1562 perduellis
957 1468 1131 1562 signiferi,
1147 1469 1184 1541 in
1197 1493 1260 1542 suo
1274 1479 1367 1542 coetu
1385 1469 1519 1555 habita,
1536 1471 1662 1555 oratio;
1675 1471 1814 1565 quando

185 1603 308 1666 tamen
336 1593 430 1665 facta
448 1593 554 1665 etiam
585 1615 649 1665 sua
678 1591 855 1664 166666616
872 1615 1017 1666 narrare
1043 1617 1114 1665 non
1132 1594 1241 1689 piget,
1275 1583 1368 1668 hanc
1400 1619 1537 1691 quoque
1567 1596 1716 1671 recitare
1744 1619 1815 1671 non
1908 1631 1911 1643 ·

184 1717 321 1814 pudeat
339 1742 382 1791 ex
404 1718 593 1790 annalibus
607 1718 819 1814 Vespasiani
837 1717 1058 1790 Kochovskii
1073 1716 1119 1812 (6).
1862 1710 1865 1716 ’

243 1879 261 1910 κ
282 1850 361 1921 Viri
392 1848 552 1932 tribules,
573 1838 698 1942 inquit,
730 1845 870 1932 61616616,
891 1869 960 1940 666
973 1868 1037 1940 per
1054 1845 1213 1917 dominos
1228 1853 1378 1932 vestros,
1400 1846 1568 1930 Polonos,
1596 1872 1654 1922 666
1688 1858 1816 1922 vestrae
1840 1869 1931 1927 66666

191 2005 211 2035 u
233 1973 392 2048 61661666
410 1973 639 2045 :interversis
658 1969 822 2044 videlicet
838 1971 1081 2066 episcoporum
1094 1976 1202 2065 atque
1218 1971 1469 2044 asceteriorum
1482 1975 1717 2068 patrimoniis,
1734 1999 1817 2048 con·
1842 1948 1948 2021 [m]

191 2128 211 2158 κ
228 2099 338 2171 temni
367 2097 501 2193 passim
530 2105 666 2168 vestros
697 2095 895 2179 antistites;
917 2094 1012 2177 dum,
1039 2093 1288 2190 jurisdictione
1323 2095 1500 2191 spirituali
1532 2107 1665 2194 erepta,
1687 2099 1820 2172 1666666

186 2253 208 2284 a
231 2223 329 2295 Uniti
347 2222 441 2296 ferro
460 2222 505 2294 ad
513 2221 691 2317 jugulum;
704 2227 766 2292 aut
782 2221 804 2292 J
808 2220 1002 2292 6661666666
1016 2217 1302 2303 missiouariis,si
1320 2242 1388 2314 quo
1403 2220 1519 2294 adbuc
1533 2223 1570 2294 iu
1599 2223 1730 2317 angulo
1749 2223 1819 2296 sin-

189 2377 211 2408 «
231 2370 315 2420 cera
347 2355 489 2443 patrum
520 2345 609 2418 fides
627 2353 798 2429 maneret,
819 2344 1018 2439 improbata
1042 2342 1293 2437 praejudiciose
1309 2343 1554 2419 inferentibus.
1586 2350 1732 2421 Interim
1757 2371 1822 2443 per

190 2500 211 2531 κ
234 2471 456 2544 comitiorum
470 2492 629 2544 recessus
646 2468 740 2542 eludi
764 2475 827 2540 aut
853 2466 986 2539 differri
1013 2465 1287 2561 supplicantium
1304 2490 1441 2564 preces,
1457 2470 1515 2542 661
1533 2471 1608 2543 6616
1626 2472 1828 2570 schismatis

194 2625 215 2658 κ
237 2595 340 2669 616616
372 2586 514 2668 exosas.
549 2595 631 2668 Jam
648 2616 732 2666 6666
751 2593 975 2665 obliteratum
1000 2589 1136 2663 militiae
1168 2593 1440 2686 Zaporohiensis
1459 2595 1588 2681 decus;
1610 2597 1669 2668 ubi
1694 2595 1826 2669 bellum

191 2720 395 2815 «ingruat,
425 2718 567 2791 obtrudi
593 2718 745 2790 Cosacos
771 2715 951 2811 periculis,
979 2713 1198 2809 mulcerique
1227 2716 1449 2810 profuturam
1474 2718 1601 2792 alienis
1632 2719 1824 2792 commodis

191 2871 212 2904 a
234 2841 500 2927 fortitudinem3
516 2841 576 2913 ubi
595 2840 750 2913 defuncti
763 2837 933 2935 periculo,
955 2838 1061 2910 vilem
1077 2839 1301 2933 sanguinem,
1323 2863 1365 2913 66
1382 2836 1579 2937 postremos
1599 2843 1800 2916 mortalium
1815 2869 1824 2928 ;

189 2997 211 3028 a
235 2966 388 3040 censeri.
411 2965 513 3039 Nihil
525 2989 548 3037 a
562 2965 771 3060 quartianis,
786 2962 987 3058 legionibus
1004 2959 1190 3056 polonicis,
1212 2963 1395 3051 omissum,
1422 2965 1543 3038 hostili
1560 2967 1720 3039 66166116
1735 2966 1824 3051 6616,

190 3120 211 3151 κ
239 3090 743 3176 116666166;61161116666666666
760 3089 803 3160 ab
833 3087 929 3161 heris
948 3087 1119 3174 saevitiae3
1140 3087 1201 3182 qui
1219 3111 1358 3163 omnem
1375 3090 1504 3164 furoris
1524 3092 1579 3164 sui
1604 3093 1771 3188 impetum
1789 3092 1826 3164 in

189 3245 210 3276 u
235 3216 352 3310 capita
379 3215 617 3288 innocentium
644 3211 962 3308 consumpsissent;
984 3212 1021 3282 in
1043 3210 1266 3284 insimulatos
1285 3217 1518 3288 contumaciae
1536 3217 1727 3289 immittunt
1745 3238 1825 3289 6666

189 3370 210 3401 κ
235 3342 412 3429 cohortes,
433 3366 455 3414 a
472 3341 598 3436 quibus
616 3340 827 3434 quandoque
842 3339 983 3431 integra
1002 3336 1194 3430 municipia
1208 3337 1368 3431 stirpitus
1383 3339 1646 3414 exscindantur.
1664 3342 1824 3436 Denique

189 3495 210 3526 κ
238 3467 485 3560 abjectissimae
498 3465 658 3539 servituti
671 3487 743 3536 non
757 3486 837 3535 esse
850 3461 991 3534 modum
1003 3485 1011 3545 ;
1024 3483 1130 3554 quam
1143 3461 1303 3533 recutitae
1316 3464 1433 3557 gentis
1448 3464 1469 3536 J
1473 3465 1608 3538 udaicae
1627 3466 1819 3539 dominatio

192 3620 212 3652 κ
237 3590 548 3664 intolerabiliorem
565 3589 709 3662 faceret.
731 3589 778 3660 Et
794 3588 885 3668 haec,
903 3593 941 3657 ut
958 3584 1097 3680 publice
1127 3585 1325 3678 tangentia,
1343 3587 1374 3658 si
1400 3588 1467 3660 viri
1485 3589 1591 3676 estis,
1609 3591 1774 3662 excutite.
1798 3625 1816 3657 2

187 3715 288 3786 Tum
306 3714 350 3788 de
364 3716 450 3798 suis,
467 3713 568 3809 quasi
585 3736 657 3785 nou
682 3735 746 3784 suo
771 3717 953 3805 pateretur
983 3708 1121 3793 merito,
1150 3710 1389 3803 queribundus
1416 3711 1567 3808 injuriis
1587 3712 1749 3786 viderent
1767 3735 1819 3797 se,

187 3838 364 3935 postulat,
382 3861 423 3911 66
436 3840 490 3910 661
506 3837 769 3910 misererentur.
789 3863 806 3894 6
824 3831 1136 3928 Zaporoviensium
1150 3833 1340 3920 notarium,
1362 3842 1415 3907 tot
1429 3836 1606 3932 stipendia
1624 3838 1821 3920 emeritum,

191 3996 211 4026 a
238 3964 458 4038 barbaricam
475 3963 713 4059 captivitatem
730 3983 950 4055 perpessum,
976 3958 1058 4029 dum
1076 3957 1164 4029 rude
1191 3957 1317 4029 donari
1331 3968 1505 4054 expectat,
1526 3962 1663 4038 nullum
1689 3963 1824 4036 obsce

189 4119 210 4150 κ
238 4089 307 4171 166,
326 4089 396 4161 6161
422 4089 515 4182 66661
537 4088 664 4160 6666166
690 4083 852 4180 tyrannis
870 4081 998 4176 volupe
1024 4081 1082 4164 sit,
1116 4078 1319 4175 periclitari.
1351 4081 1515 4214 06616666
1538 4086 1607 4159 sibi
1637 4084 1827 4160 crudeliter

190 4244 210 4276 a
238 4211 352 4284 filium
386 4238 394 4284 :
433 4211 620 4284 abductam
645 4211 679 4281 vi
709 4231 855 4281 uxorem
876 4231 884 4278 :
902 4213 1061 4300 ereptum
1087 4205 1352 4299 patrimonium,
1387 4229 1442 4284 rae
1475 4218 1560 4306 equo
1591 4210 1826 4305 quidamque

190 4368 210 4398 κ
239 4313 392 4442 mereret
404 4335 541 4419 6611666,
562 4334 751 4406 novissime
768 4315 982 4404 destinatam
1009 4327 1113 4400 morti
1133 4327 1313 4398 victimam
1330 4311 1463 4439 666661.
1485 4337 1604 4430 Neque
1621 4334 1719 4409 aliud
1733 4357 1826 4406 eme-

189 4493 210 4522 κ
238 4460 307 4531 6166
325 4459 439 4543 militi,
460 4466 540 4554 post
556 4459 738 4554 profusum
764 4445 1042 4550 sanguinemet
1059 4451 1218 4523 lacerum
1245 4474 1307 4546 per
1340 4453 1496 4532 6616666
1519 4481 1656 4553 corpus
1691 4465 1828 4532 restare

191 4615 212 4648 a
237 4583 405 4679 amplius,
434 4583 566 4654 616166
595 4583 682 4655 falso
714 4579 898 4654 seditionis
926 4576 1073 4649 crimine
1091 4575 1157 4648 sub
1175 4574 1358 4651 carnificis
1377 4585 1484 4653 manu
1515 4580 1693 4652 moriatur.
1728 4581 1828 4653 Prae·

191 4741 212 4774 a
232 4709 409 4803 judiciose
443 4708 503 4802 agi
531 4730 662 4791 secum,
692 4716 739 4792 et,
772 4713 958 4802 postquam
975 4703 1012 4774 in
1039 4723 1102 4772 suo
1134 4699 1250 4794 capite
1281 4704 1512 4794 processerit,
1542 4703 1687 4776 exitium
1713 4703 1828 4775 immi-

192 4867 214 4898 u
238 4857 325 4908 nere
354 4833 541 4906 universis.
579 4865 595 4898 a
1319 4891 1321 4900 ,
1384 4917 1390 4930 ,

252 4959 306 5030 En
330 4957 583 5053 perduellionis
610 4964 645 5029 et
667 4955 860 5034 facinorum
889 4959 1031 5025 tottam
1049 4949 1254 5022 immanium
1283 4939 1444 5023 causas‘i
1469 4955 1553 5026 61166
1577 4976 1655 5026 6666
1681 4953 1827 5026 Ρ616616

190 5087 414 5160 Cosacorum
440 5051 610 5154 animas:
645 5079 909 5174 Zaporovianos
934 5074 1101 5171 periculis
1133 5072 1238 5184 objici
1270 5073 1308 5145 16
1338 5074 1520 5148 Ρ61661666
1545 5077 1791 5170 ingruentibus
1815 5103 1828 5175 :¹

241 5223 287 5298 (11
313 5224 374 5282 Lib.
391 5225 419 5281 t.
436 5221 601 5297 (1116666661,
617 5235 684 5300 pag.
702 5221 751 5278 65.
