4896 6650
687 773 796 834 LIBER
818 772 975 833 TERTIUS
996 769 1210 853 (1580·l590).
1728 770 1787 836 109

219 965 389 1050 Sueciam,
410 987 454 1037 ex
483 959 642 1036 adversis
670 949 800 1032 Baltici
830 959 927 1031 sinus
950 956 1129 1030 littoribus
1156 955 1221 1028 sibi
1239 956 1449 1052 oppositam,
1468 962 1604 1051 spectat
1621 955 1783 1029 Livonia.
1814 969 1881 1024 1oaa

181 1093 268 1166 Hanc
285 1088 526 1165 excolentibus
554 1086 666 1160 Sociis
684 1084 936 1178 superveniunt
965 1083 1027 1155 alii
1045 1105 1183 1166 novem,
1203 1081 1572 1176 operum'salutarium
1597 1082 1789 1178 adjutores,
1814 1049 1928 1212 35th

180 1245 213 1292 er
227 1213 413 1314 provinciis
441 1211 640 1285 Germaniae
658 1231 681 1280 a
699 1207 845 1280 Claudio
870 1206 1037 1279 Generali
1061 1205 1172 1287 missi,
1201 1227 1223 1276 a
1242 1205 1420 1300 Campano
1447 1206 1675 1290 Prouinciali,
1696 1207 1791 1286 Qua·
1815 1219 1925 1288 Dorpatr

180 1340 365 1436 dragesima
397 1337 553 1419 ineunte,
574 1333 730 1405 adducti.
751 1332 806 1403 Ex
823 1331 880 1402 his
910 1331 1109 1424 Campanus
1127 1331 1215 1400 duos
1233 1329 1434 1402 sacerdotes
1452 1330 1569 1426 posuit
1598 1330 1635 1401 in
1651 1329 1790 1402 colonia
1813 1318 1886 1394 ”lm
1901 1304 1945 1358 So-

179 1463 303 1559 ltigae:
341 1461 564 1534 Leonardurn
596 1457 785 1531 Rubenum
817 1455 1102 1534 Essendiensem,
1130 1460 1166 1524 et
1194 1450 1406 1525 Vithardum
1435 1452 1576 1526 Vitardi
1610 1453 1787 1526 Novoma-
1814 1397 1930 1518 ddbbib

178 1595 335 1689 giensem,
356 1611 378 1660 a
395 1588 523 1661 Rheno
541 1584 692 1668 aceit0s;
714 1577 862 1674 Dorpati
877 1583 1027 1671 quatuor
1047 1602 1054 1647 :
1075 1575 1334 1650 Theodorioum
1361 1578 1522 1650 Hausese
1539 1578 1785 1673 Vestphalum,

179 1715 245 1786 novi
274 1714 464 1786 Rectorem
494 1709 657 1804 Collegit,
691 1707 863 1779 Thomam
896 1704 1064 1776 Busaeum
1092 1703 1287 1788 Geldrium,
1315 1705 1543 1778 Valentinum
1575 1706 1789 1803 Hengelium

178 1841 332 1922 Bessum,
348 1844 384 1908 et
399 1837 421 1909 J
425 1857 575 1907 oannem
595 1828 817 1905 Ambrosium
836 1826 1049 1899 Volcherum
1065 1826 1310 1924 Thuringum
1330 1832 1387 1903 his
1401 1856 1481 1904 mox
1498 1832 1610 1905 additi
1626 1834 1649 1907 J
1652 1857 1786 1908 oannes
1919 1925 1925 1938 ¹

177 1964 299 2038 Urbani
315 1960 438 2046 Vilna,
458 1968 493 2033 et
518 1959 587 2030 duo
606 1957 668 2029 alii
684 1953 916 2046 Brunsberga
933 1951 1114 2047 adjutores
1131 1953 1226 2070 laici.
1248 1957 1456 2052 Dorpatum,
1476 1958 1551 2030 sive
1576 1958 1783 2055 Torpatum,
1811 1922 1953 2072 {mbo

176 2089 266 2161 aliter
283 2087 471 2167 Debetum,
504 2080 656 2155 Rutenis
682 2077 872 2176 aliquando
903 2075 1033 2149 dictum
1065 2077 1353 2174 Juriogorodum,
1375 2080 1568 2154 seeundum
1593 2081 1725 2177 Rigam
1752 2090 1788 2155 et

176 2212 346 2286 Revaliam
377 2209 461 2281 urbs
490 2206 650 2279 Livoniae
681 2202 872 2297 praecipua,
894 2222 1005 2294 eaque
1035 2200 1307 2289 mediterranea,
1327 2205 1373 2276 ad
1391 2206 1522 2277 Becum
1553 2206 1628 2278 sive
1659 2205 1786 2281 Embe·

175 2361 254 2420 cum,
285 2330 524 2428 navigabilem
554 2328 700 2400 fluvium
730 2333 764 2397 et
795 2325 1049 2422 pisculentum;
1080 2328 1206 2423 quiin
1236 2331 1394 2427 Peipum,
1424 2332 1553 2404 accolis
1578 2332 1784 2420 Beibasum,

175 2463 294 2536 Lacum
324 2459 519 2533 Moscoviae
554 2455 720 2538 nobilem,
754 2452 912 2552 lngriam
942 2475 1065 2526 versus
1095 2461 1219 2528 octavo
1253 2454 1335 2528 hino
1365 2455 1482 2552 lapide
1512 2454 1705 2543 evolvitur;
1740 2457 1786 2530 ad

174 2589 286 2662 collem
316 2606 503 2679 arcamque
528 2582 565 2654 in
598 2586 724 2674 aperta
753 2601 964 2672 amoenaque
980 2576 1138 2674 planitie,
1166 2577 1244 2652 loco
1271 2580 1418 2664 salubri,
1452 2582 1541 2666 sita;
1574 2581 1784 2656 ann01230

173 2709 404 2784 aTeutonicae
422 2705 556 2779 militiae
590 2703 766 2799 equitibus
792 2697 985 2796 crucigeris
1011 2713 1181 2796 occupata
1211 2727 1289 2777 cum
1319 2705 1501 2801 provincia
1524 2706 1714 2780 universa:
1744 2731 1789 2780 ex

174 2859 232 2930 quo
249 2833 373 2909 deinde
399 2841 557 2926 tempore
586 2828 652 2901 fuit
682 2825 784 2899 sedes
810 2825 980 2921 episcopi.
1014 2826 1083 2899 Hic
1114 2827 1313 2923 Ompanus
1343 2852 1422 2902 cum
1447 2830 1560 2903 Sociis
1587 2853 1610 2902 a
1643 2831 1785 2906 civitate

172 2960 351 3034 honorifice
387 2963 574 3051 exceptus;
607 2975 672 3025 neo
689 2952 767 3034 fuit,
789 2949 848 3045 qui
878 2948 935 3021 vel
959 2949 1136 3024 hirriisset
1166 2974 1211 3024 ex
1240 2952 1401 3026 omnibus
1431 2953 1622 3040 haereticis,
1655 2963 1786 3051 praeter

173 3109 268 3158 unum
286 3106 389 3155 suum
418 3079 579 3152 rabulam
608 3075 829 3159 ministrum;
866 3081 972 3170 atque
1001 3076 1060 3151 hic
1078 3077 1219 3173 quidem
1250 3077 1340 3175 ipse,
1360 3103 1440 3176 quae
1470 3088 1594 3154 contra
1610 3083 1783 3169 Jesuitas,

171 3209 379 3294 PontificioS,
414 3215 452 3278 ut
485 3202 648 3287 vocabat,
679 3199 868 3295 signiferos
899 3197 1153 3296 satellitesque,
1187 3203 1301 3298 prima
1334 3206 1501 3281 concione
1537 3206 1783 3294 declamasset,

170 3333 273 3408 altera
289 3355 383 3418 mox,
400 3331 504 3425 jussu
531 3334 677 3400 senatus
707 3323 822 3407 civici,
852 3320 1024 3395 dictorum
1055 3327 1291 3420 reprehensor
1318 3353 1461 3402 suorum
1490 3330 1683 3416 damnavit,
1703 3330 1787 3426 quin

170 3457 277 3530 multis
294 3456 401 3528 etiarn
423 3451 539 3524 verbis
566 3449 773 3544 dignitatem
803 3449 984 3545 hospitum
1001 3451 1232 3545 praedicavit;
1266 3454 1459 3550 professus,
1489 3478 1639 3540 omnam,
1661 3455 1692 3527 si
1718 3479 1788 3550 qua

170 3582 316 3654 eruditus
335 3583 440 3661 esset,
463 3574 658 3648 doctrinam
684 3573 832 3646 Jesuitis
868 3596 919 3657 se,
954 3574 1026 3646 suis
1059 3598 1173 3671 nuper
1201 3577 1239 3649 in
1265 3577 1442 3673 Pragensi
1464 3580 1662 3676 gymnasio,
1687 3580 1787 3676 cujus

170 3711 236 3775 tum
254 3700 401 3796 Collegii
431 3699 523 3771 idem
559 3697 761 3791 Campanus
792 3704 888 3769 esset
922 3704 1051 3782 rector,
1079 3700 1260 3795 magistris
1286 3702 1419 3775 referre
1449 3709 1642 3798 acceptam.
1677 3701 1786 3782 Quasi

170 3851 244 3899 vero
262 3851 320 3900 aas
338 3825 446 3898 etiam
464 3819 697 3894 maledicendi
715 3829 823 3905 artes,
845 3828 907 3892 aut
924 3821 1027 3905 istuc,
1058 3824 1151 3917 quod
1177 3824 1250 3895 suis
1268 3824 1491 3920 praedicaret,
1511 3848 1641 3898 novum
1668 3825 1785 3900 Evan-

170 3950 290 4045 gelium
302 3971 420 4045 praeco
437 3945 623 4042 impudens
641 3943 836 4016 didicisset.

215 4075 255 4146 At
280 4075 385 4168 Rigas
411 4070 568 4165 ejusdem
594 4067 720 4140 farinae
746 4068 956 4154 mortalium,
977 4070 1225 4143 haereticorum
1242 4071 1277 4143 in
1294 4071 1387 4145 fanis
1404 4096 1619 4169 praeconum,
1641 4072 1783 4145 sellula-

168 4198 287 4270 riorum
303 4198 386 4269 item
405 4191 581 4288 opificum,
610 4199 645 4264 et
670 4214 859 4286 puerorum
877 4193 1012 4277 turbas,
1042 4218 1104 4289 per
1120 4195 1257 4290 plateas
1275 4196 1388 4269 sibilis
1409 4196 1640 4292 convitiisque
1657 4196 1781 4270 Socios

168 4321 414 4403 insectantium,
449 4315 625 4409 Georgius
656 4313 858 4388 Radivillus
887 4316 1110 4391 Vilnensium
1145 4319 1306 4404 antistes
1340 4341 1404 4414 pro
1446 4341 1531 4415 rege
1560 4321 1779 4415 gubernator

168 4444 326 4530 Livoniae,
348 4465 412 4518 suo
444 4449 479 4514 et
509 4447 654 4513 senatus
684 4439 784 4512 civici
810 4440 964 4527 decreto,
985 4442 1106 4536 virgas
1139 4443 1292 4515 minatus
1326 4442 1520 4529 maledicis,
1554 4444 1781 4539 petulantiam
1808 4454 1934 4546 retran-

166 4569 320 4642 coercuit.
344 4565 616 4661 Autographum
635 4561 752 4646 edicti,
774 4587 853 4636 oum
872 4562 1087 4638 declamaret
1112 4589 1131 4638 e
1159 4576 1328 4663 suggesto
1346 4590 1463 4662 praeco
1488 4569 1691 4657 haereticus,
1713 4593 1777 4644 suo
1808 4537 1940 4672 Qum

165 4693 201 4764 in
232 4694 318 4778 lano,
356 4701 513 4786 tempore
543 4686 691 4759 allatum
721 4694 776 4759 est
805 4711 891 4762 sane
921 4697 1130 4784 opportuno,
1167 4691 1213 4762 ab
1249 4690 1375 4762 eodem
1404 4690 1597 4765 clamatore
1626 4692 1781 4787 promul·

165 4816 336 4911 gaudum:
371 4817 478 4913 plane
511 4821 599 4900 tum,
632 4836 712 4886 cum
747 4813 937 4885 secundam
962 4812 1131 4885 orationis
1161 4839 1237 4889 suae
1272 4822 1420 4912 partem,
1451 4815 1715 4890 maledictorum
1741 4817 1779 4889 in
1896 4793 1900 4802 '

164 4939 311 5014 Jesuitas
336 4940 502 5015 refertam
521 4937 690 5022 omnium,
711 4935 897 5030 occiperet,
922 4956 985 5030 per
1010 4935 1169 5008 calonem
1196 4939 1447 5033 praetorianum
1465 4960 1509 5011 ea
1538 4939 1619 5011 dica
1643 4938 1780 5013 rabulae

164 5062 306 5158 impacta
322 5074 387 5138 est.
416 5063 533 5136 Haesit
562 5063 712 5158 primum
742 5065 1007 5140 consternatus;
1040 5058 1187 5131 consilio
1214 5059 1365 5154 deniquo
1395 5063 1431 5133 in
1462 5061 1601 5157 capillis
1628 5063 1776 5157 quaesito

163 5187 295 5275 frustra,
327 5214 390 5286 pro
434 5188 608 5272 convitiis,
650 5208 729 5280 quae
764 5186 799 5256 in
851 5185 1017 5258 extremis
1060 5187 1136 5282 jam
1182 5185 1249 5257 sibi
1300 5185 1411 5259 labris
1453 5195 1570 5273 erant,-
1609 5189 1776 5285 principis
