4948 6654
664 771 726 835 222
1046 769 1321 832 hll'llleCAllUltl
1345 771 1555 834 soclsrhrrs
1576 775 1663 836 msu
1688 775 1942 840 HISTOllldllUltl
2012 847 2015 854 ,

494 963 557 1019 16¹0
666 958 736 1031 sita
748 966 802 1031 est
815 957 907 1042 urbs,
921 955 1116 1029 editissimo
1134 955 1283 1028 coloniae
1296 956 1480 1030 Sociorum
1498 957 1691 1052 assignatae
1701 959 1747 1032 ab
1757 958 1962 1032 Alexandro
1982 957 2133 1031 Corvino
2152 956 2299 1030 (100100-

490 1042 636 1177 3,,,3,8,,,,
665 1083 757 1169 skio,
775 1082 1096 1157 Smolenscensinm
1114 1081 1271 1175 palatino
1292 1081 1484 1178 :templum
1500 1085 1694 1180 domusque
1716 1081 1882 1156 condita:
1900 1081 2085 1176 sexaginta
2103 1079 2180 1176 agri
2190 1081 2295 1175 juge·

487 1211 619 1266 Sociorum
666 1207 762 1279 ribus
776 1206 889 1280 eidem
902 1204 1090 1277 attributis
1108 1203 1225 1308 Vilnae
1242 1203 1416 1287 incendio,
1437 1213 1538 1277 extra
1555 1205 1698 1287 moenia,
1721 1204 1766 1276 D.
1783 1202 1953 1297 Stephani
1966 1201 2135 1295 templum
2152 1224 2289 1284 verane,

489 1293 617 1349 domicili-

487 1395 541 1433 um.
665 1328 751 1402 hora
765 1335 847 1402 ante
864 1327 1046 1402 meridiem
1065 1334 1190 1400 octava
1202 1329 1368 1414 excitato,
1388 1354 1471 1426 pars
1485 1333 1595 1405 multo
1609 1331 1721 1426 major
1750 1328 1903 1400 civitatis
1927 1329 2113 1423 potiorque
2130 1324 2294 1398 kalendis

546 1469 579 1524 39
665 1451 869 1545 quintilibus
882 1449 1126 1544 conflagravit.
1149 1451 1376 1525 Communem
1390 1455 1486 1526 urbis
1500 1455 1636 1528 cladem
1652 1477 1708 1526 res
1726 1453 1861 1547 pariter
1878 1459 2012 1535 nostra,
2036 1451 2172 1523 exustis
2186 1449 2290 1523 colle·

486 1551 623 1690 {0¹23ssss
665 1577 715 1671 gii
732 1575 918 1648 academici
932 1583 968 1647 et
989 1574 1201 1645 novitiorum
1215 1573 1388 1660 domibus,
1411 1579 1557 1672 aceepit.
1579 1577 1633 1650 Eo
1652 1577 1820 1672 periculo,
1842 1577 1920 1671 jam
1939 1576 2041 1649 tectis
2064 1575 2284 1659 imminente,

664 1701 804 1772 domum
827 1697 1062 1793 professorum
1079 1696 1259 1791 prohibuit
1276 1697 1386 1782 Deus
1414 1722 1560 1772 excusso
1590 1709 1736 1795 repente
1760 1700 1902 1772 nimbo:
1924 1723 2011 1780 rem,
2045 1711 2083 1770 ut
2119 1697 2291 1770 creditum

663 1835 729 1910 est,
746 1823 833 1896 aedis
850 1821 973 1894 honori
991 1844 1054 1892 suo
1077 1821 1251 1893 dedicatae
1271 1822 1359 1893 Divo
1392 1822 1562 1895 Casimiro
1582 1832 1807 1920 protegente;
1840 1825 1938 1916 cujus
1965 1821 2136 1894 beneficio
2150 1823 2288 1916 regium

660 1973 798 2048 quoque
812 1947 980 2022 sacellum
994 1969 1108 2030 sunm,
1126 1947 1169 2019 ad
1189 1945 1302 2018 aedem
1316 1947 1397 2020 Divi
1410 1949 1580 2021 Stanislai
1592 1948 1761 2045 episcopi,
1778 1971 1857 2020 cum
1871 1945 1949 2018 aliis
1967 1953 2140 2030 exustam,
2158 1945 2290 2040 pariter

659 2081 917 2150 conservatum.
935 2072 1157 2165 Consumptis
1170 2071 1333 2143 incendio
1360 2074 1465 2146 rebus
1479 2073 1620 2170 collegii
1638 2069 1843 2156 academici,
1872 2070 2053 2143 auditores
2068 2069 2284 2155 scholastici,

658 2199 815 2292 theologi
832 2195 1045 2278 Nesvisium,
1078 2193 1279 2291 philosophi
1298 2197 1500 2272 Pultoviam
1531 2225 1610 2274 cum
1633 2199 1706 2272 suis
1725 2199 1859 2270 dimissi
1878 2198 2165 2293 praeceptoribus.
2188 2197 2287 2269 Tiro-

657 2350 739 2398 num
761 2324 885 2395 domus
915 2319 1100 2403 maturius,
1134 2341 1240 2413 quam
1269 2322 1336 2416 ipsi
1372 2335 1589 2419 sperassent,
1620 2350 1684 2401 sex
1712 2327 1853 2400 circiter
1876 2327 2050 2399 mensium
2082 2325 2284 2411 intervallo,

656 2457 822 2544 reparata
843 2473 852 2532 ;
881 2443 999 2516 divina
1018 2445 1235 2538 benignitate
1266 2451 1416 2524 servulis
1431 2453 1508 2538 suis
1538 2455 1664 2548 stipem
1696 2453 1904 2525 mirabiliter
1933 2451 2127 2525 offerente:
2150 2461 2188 2524 ut
2214 2459 2288 2524 turn

656 2569 794 2652 accidit,
831 2590 909 2639 cum
941 2568 992 2638 rei
1019 2566 1175 2639 curatori
1205 2571 1434 2663 coquinariae,
1463 2597 1593 2669 pancos
1621 2574 1826 2646 nummulos
1853 2573 1901 2645 ad·
1931 2571 2115 2646 macellum
2140 2572 2282 2658 ferenti,

654 2705 772 2791 atque,
789 2693 872 2788 quid
882 2692 950 2765 cibi
964 2692 1075 2764 Sociis
1089 2691 1172 2764 dato
1185 2694 1314 2766 triente
1328 2706 1434 2781 emat,
1451 2697 1613 2783 sollicito,
1631 2699 1848 2792 marsupium
1862 2697 1979 2769 aureis
1995 2695 2145 2767 nummis
2155 2720 2279 2790 grave,

613 2879 617 2886 -
651 2825 729 2897 loco
750 2821 895 2894 offendit
921 2821 1054 2914 pervio.
1072 2821 1210 2892 Intacta
1224 2843 1282 2894 res
1296 2820 1452 2916 praeconi
1473 2846 1481 2906 ;
1503 2822 1563 2916 qui
1581 2821 1761 2894 dominum
1778 2820 1823 2893 ad
1846 2844 1921 2894 rem
1935 2843 2034 2893 suam
2049 2843 2112 2916 per
2126 2819 2281 2893 tubame

649 2948 815 3045 praetorio
834 2945 1034 3027 advocaret,
1070 2944 1250 3038 subjecta;
1275 2945 1416 3018 nemine
1446 2945 1513 3016 sibi
1548 2967 1626 3017 eam
1663 2945 1877 3028 vindicante,
1911 2943 2039 3028 eidem,
2073 2943 2130 3015 cui
2158 2943 2282 3015 divino

482 3106 614 3164 senonen
648 3069 817 3144 beneficio
840 3066 1537 3151 100000001010100,0000100000.
1559 3067 1739 3163 Spectavit
1752 3067 1913 3140 dolenter
1926 3069 2023 3140 urbis
2047 3066 2184 3140 cladem
2203 3090 2278 3139 suae

481 3187 612 3318 ssssnsstssl]
648 3191 853 3268 Constantia
870 3190 996 3285 regina
1018 3211 1098 3260 cum
1124 3188 1287 3291 privigno
1305 3215 1369 3265 suo
1396 3191 1555 3286 principe
1571 3189 1754 3262 Vladislao
1776 3215 1783 3262 :
1802 3189 1969 3263 miserata
1996 3191 2158 3284 inprimis
2184 3191 2273 3263 tiro·

481 3358 521 3397 no
537 3279 625 3395 ergali-
645 3343 729 3393 num
746 3324 946 3390 nostrorum
960 3307 1127 3410 inopiam,
1159 3336 1317 3387 annuum
1348 3336 1368 3386 e
1386 3313 1618 3408 vectigalibus
1632 3314 1705 3386 suis
1730 3314 1881 3387 reditum
1907 3324 2040 3389 certum
2059 3315 2242 3388 constituit
2263 3341 2272 3400 ;

481 3435 564 3495 ΜΨ·
649 3445 709 3542 qui
722 3444 764 3515 ad
782 3463 913 3514 aunum
931 3440 1036 3523 1631,
1053 3461 1254 3534 supremum
1266 3435 1434 3534 principis
1453 3437 1629 3510 munificae
1646 3449 1798 3536 tempus,
1823 3449 2027 3526 constanter
2041 3443 2274 3537 pendebatur.

647 3567 704 3641 Ad
727 3562 929 3637 sarciendae
961 3561 1118 3656 ejusdem
1149 3561 1273 3633 domus
1307 3561 1428 3632 ruinas
1458 3562 1656 3656 complures
1690 3564 1752 3637 alii
1783 3589 1868 3660 opes
1897 3566 2077 3641 contulere
2103 3589 2188 3640 suas
2211 3569 2276 3640 :in

648 3690 772 3791 primis
785 3686 947 3758 Andreas
965 3685 1115 3767 Bobola,
1141 3685 1380 3780 regundorum
1394 3683 1516 3757 finium
1533 3689 1636 3783 regni
1650 3689 1849 3784 praefectus,
1867 3691 1955 3777 sive,
1977 3701 2015 3764 ut
2033 3700 2173 3778 vocant,
2191 3694 2276 3766 Suc-

480 3882 596 3940 Novius
651 3811 868 3891 camerarius
886 3809 1054 3882 Nicotaus
1073 3799 1271 3894 Wolskius,
1300 3806 1449 3902 polonus
1472 3831 1579 3904 eques
1601 3837 1607 3878 :
1627 3811 1826 3884 Stanislaus
1845 3813 2145 3920 Wilczopolskius
2174 3839 2281 3889 cano·

480 3967 634 4017 rumreotor
654 3941 752 4014 nicus
769 3933 962 4006 Vilnensis
980 3931 1290 4004 convalescentem
1304 3941 1480 4026 utcunque
1506 3933 1648 4006 domum
1679 3944 1794 4009 rector
1823 3937 1978 4009 Micheel
1997 3938 2159 4012 Beeanus
2188 3963 2283 4011 anno

480 4043 598 4179 {mit
657 4069 806 4138 exeunte
829 4057 971 4152 rehquit
995 4055 1264 4150 gubernandam
1295 4057 1487 4128 Laurentio
1513 4059 1676 4145 Bartilio,
1715 4060 1789 4155 ipse
1807 4061 1853 4131 ad
1880 4060 2032 4133 officinm
2068 4061 2226 4157 theologi
2244 4061 2283 4134 in

481 4199 619 4257 sortitiae.
656 4189 740 4261 aula
769 4184 868 4280 regia
896 4181 1094 4254 faciendum
1129 4203 1148 4252 a
1178 4179 1407 4274 Sigismundo
1440 4189 1600 4254 vocatus.
1634 4181 1663 4252 E
1700 4181 1858 4277 Collegio
1886 4183 2107 4257 Pultoviensi
2125 4185 2282 4281 ingressi

657 4309 881 4386 mortalitatis
910 4308 1003 4378 iter:
1021 4305 1201 4386 Martinus
1231 4305 1498 4392 Rohalinensis,
1537 4313 1609 4380 tres
1641 4313 1676 4378 et
1702 4307 1847 4402 triginta
1878 4330 1993 4382 annos
2023 4293 2151 4403 partim
2173 4310 2282 4396 domi,

481 4485 548 4541 Socii
573 4499 632 4549 pes·
657 4435 785 4535 partim
815 4433 851 4504 in
869 4430 995 4504 castris
1013 4426 1231 4524 Sigismundi
1251 4428 1303 4501 lll
1325 4429 1523 4502 animorum
1551 4439 1771 4524 procurator,
1797 4431 1896 4503 verbi
1929 4432 2040 4504 divini
2074 4456 2190 4528 praeco
2209 4435 2286 4506 exi-

482 4563 631 4622 casublam.
657 4559 748 4633 mins
768 4583 776 4629 :
795 4580 815 4628 e
837 4553 1059 4627 Nesvisiensi
1085 4553 1263 4625 domicilio
1288 4552 1457 4626 Albertus
1473 4553 1645 4638 Avienus,
1665 4553 1719 4626 vir
1746 4553 1912 4627 salutaris
1929 4554 2018 4627 lucri
2036 4578 2099 4650 per
2116 4557 2285 4650 apostoli-

656 4707 716 4759 cos
732 4683 872 4757 labores
890 4678 1124 4774 percupidus:
1148 4677 1306 4750 Mathias
1336 4676 1535 4764 GalminuS,
1564 4687 1680 4750 rector
1712 4701 1823 4773 nuper
1850 4679 2091 4752 Nesvisiensis
2117 4680 2280 4776 Collegii,

655 4811 865 4910 prudentiae,
886 4809 1107 4891 constantiae,
1133 4832 1210 4880 eum
1228 4807 1432 4903 integritate
1448 4817 1489 4884 ,et
1507 4810 1742 4882 submissione
1755 4811 1865 4882 animi
1883 4814 2093 4908 conjunctae,
2113 4814 2282 4890 laudibus

655 4944 801 5010 ornatus
823 4961 830 5008 :
852 4957 871 5006 e
890 4931 1066 5006 domicilio
1085 4931 1246 5004 Vilnensi
1271 4932 1317 5004 ad
1346 4932 1428 5004 ltivi
1457 4932 1620 5005 Casimiri
1648 4935 1720 5008 ΡΡ.
1743 4934 1920 5031 Georgius
1945 4939 2152 5025 Vonderau,
2173 4948 2284 5036 gente

655 5063 846 5144 PrutennS,
867 5068 903 5131 et
927 5059 1086 5132 Adamus
1120 5057 1320 5130 Martianus
1338 5057 1375 5129 in
1395 5058 1561 5130 Lituania
1591 5068 1708 5132 natus.
1739 5051 1879 5132 Primus
1907 5060 2047 5148 horum,
2070 5065 2202 5138 exactis
2216 5066 2284 5140 LV

654 5185 782 5268 relatio,
804 5183 917 5256 XXX
935 5183 1022 5278 ipsis
1048 5181 1084 5252 in
1111 5179 1289 5256 Societate
1319 5181 1435 5266 annis,
1456 5181 1540 5255 alibi
1566 5189 1814 5255 veteranorum
1839 5192 1969 5269 rector,
1990 5185 2142 5260 tironum
2161 5189 2284 5270 Socie-
