4906 6642
570 754 574 762 ·
679 801 719 867 16
1045 801 1323 865 LlTUANlCARUM
1346 802 1664 864 6666161661εεῦ
1688 803 1941 864 HISTORIARUM
2017 891 2020 898 Ι

680 984 817 1059 uxoriae
833 1005 1085 1080 possessorem,
1105 984 1280 1081 excipias;
1304 970 1419 1079 neque
1435 984 1529 1059 hunc
1546 984 1687 1080 quidem
1712 985 1825 1058 bonus
1846 992 1966 1080 pastor
1990 982 2082 1058 inter
2108 1006 2193 1058 oves
2217 1006 2302 1060 suas

677 1132 804 1205 passus
819 1117 897 1184 est:
919 1111 1037 1185 oblato
1057 1113 1155 1208 justo
1172 1113 1299 1208 pretio,
1319 1110 1463 1185 noxium
1485 1111 1663 1184 hominem
1689 1109 1831 1183 amovit.
1859 1108 2045 1204 Templum
2071 1108 2204 1182 Plociae
2229 1108 2303 1204 pri·

676 1235 836 1318 marium,
856 1241 995 1308 veteres
1023 1235 1208 1309 demolitus
1237 1235 1442 1331 parietinas,
1462 1259 1481 1310 6
1499 1235 1684 1308 ruderibus
1712 1233 1902 1319 excitavit;
1923 1232 2008 1306 alibi
2035 1232 2156 1306 domos
2181 1255 2303 1305 sacras

677 1357 733 1429 vel
751 1357 940 1430 aedificavit
955 1357 1011 1431 vel
1033 1358 1166 1433 refecit.
1187 1359 1298 1432 Sociis
1316 1359 1529 1433 domicilium
1547 1355 1724 1431 Pultoviaa
1751 1363 1934 1451 certosque
1960 1355 2118 1428 redditus
2143 1355 2303 1451 assigna-

542 1497 544 1502 ·
677 1482 738 1568 vit,
771 1506 813 1555 ac
845 1483 1026 1595 stabilivit.
1056 1485 1257 1558 Communis
1284 1485 1377 1557 idem
1410 1483 1590 1578 egentium
1617 1488 1731 1580 pater,
1760 1481 1897 1578 injuriis
1924 1480 2160 1554 laborantium
2190 1487 2300 1564 tutor,

507 1869 572 1925 Vita
583 1869 657 1924 stan.

510 1947 622 2004 Kostka.

506 2025 650 2081 Rostlrorie

506 2103 631 2176 patrimo·

505 2187 578 2241 nium
599 2185 658 2241 su·

507 2268 592 2324 nislai.

677 1604 848 1678 bonorum
867 1607 935 1679 sibi
954 1608 1218 1681 commissorum
1235 1608 1391 1704 prudens
1418 1607 1653 1702 dispensator,
1669 1607 1806 1703 jurium
1832 1607 2150 1683 ecclesiasticorum
2173 1629 2303 1702 propu-

680 1738 808 1824 gnator
825 1731 1030 1805 acerrimus.
1047 1731 1195 1804 Praefirit
1209 1731 1352 1804 dioecesi
1366 1731 1531 1804 Plocensi
1545 1733 1633 1804 duos
1652 1742 1687 1805 et
1705 1732 1830 1827 viginti
1843 1755 1968 1804 annos.

731 1854 761 1926 E
779 1856 1117 1953 Romanotyronum
1131 1856 1317 1929 Societatis
1333 1853 1510 1928 domicilio
1520 1854 1566 1926 ad
1580 1856 1720 1928 beatam
1732 1855 1859 1928 civium
1883 1855 2134 1928 immortalium
2149 1857 2305 1952 patriam

682 1977 821 2050 transiit
838 2001 930 2051 anno
944 1979 1068 2051 salutis
1089 1985 1265 2074 reparatae
1287 1979 1493 2064 156619ΠΜ
1517 1979 1689 2054 kalendas
1709 1982 1938 2076 septembres,
1961 1981 2118 2076 religiosi
2141 1982 2306 2077 tyrocinii

682 2122 800 2172 mense
818 2101 965 2189 decimo,
988 2103 1110 2176 beatus
1128 2110 1249 2175 noster
1265 2102 1458 2198 popularis,
1476 2103 1674 2177 Stanislaus
1693 2103 1846 2177 Kostka.
1868 2104 1954 2192 Tria
1971 2113 2054 2177 sunt
2070 2105 2249 2200 praecipua
2265 2104 2305 2174 iu

680 2223 748 2296 hac
764 2225 946 2319 provincia
971 2227 1142 2299 carissimi
1159 2228 1244 2300 civis
1262 2233 1487 2299 monumenta
1504 2250 1512 2297 ε
1529 2227 1565 2298 in
1591 2227 1725 2321 primis,
1754 2227 1900 2321 antiqua
1925 2226 1987 2299 illa
2015 2225 2235 2298 Kostkarum
2262 2248 2305 2298 ac

680 2349 795 2443 petria
812 2350 926 2436 sedes,
946 2349 983 2423 in
1009 2352 1227 2425 Zakrocimia
1252 2350 1425 2425 Maeoniae
1441 2349 1668 2446 provinciola,
1689 2351 1900 2436 Rostkovia,
1921 2351 2019 2424 locus
2047 2349 2153 2422 hodie
2177 2349 2305 2422 divinis

679 2471 831 2569 inclytus
849 2474 1028 2548 beneficiis
1045 2499 1053 2546 :
1072 2476 1128 2549 hic
1141 2476 1340 2550 Stanislaus
1355 2482 1472 2561 natus,
1493 2473 1731 2568 educatusque
1748 2472 1848 2544 annis
1865 2471 2078 2544 rudioribus.
2097 2471 2304 2544 Haeredium

617 2651 620 2658 .
678 2595 759 2678 hoc,
780 2619 800 2670 6
825 2597 1021 2671 latifundiis
1040 2597 1207 2672 Stanislai
1223 2599 1381 2695 paternis
1401 2598 1598 2672 Lituauicae
1614 2621 1728 2693 nuper
1745 2598 1871 2691 obtigit
1894 2598 2096 2692 provinciae.
2118 2594 2304 2690 Templum

677 2717 735 2791 hic
751 2719 855 2792 beato
873 2720 1007 2802 haeredi
1031 2722 1223 2808 conditum,
1243 2729 1455 2817 procurante
1482 2720 1719 2814 Pultouiensis
1745 2718 1894 2815 Collegii
1918 2728 2067 2802 rectore,
2096 2719 2181 2791 anni
2209 2719 2304 2790 1744

678 2841 823 2916 kalend.
844 2842 960 2916 sextil.
976 2843 1097 2940 populi
1115 2845 1266 2939 undique
1283 2846 1523 2922 concurrentis
1540 2845 1736 2920 celebritati
1753 2846 2011 2940 apertumDuo
2029 2844 2067 2915 in
2079 2843 2203 2916 eadem
2220 2864 2302 2936 pro-

679 2963 796 3037 vincia
823 2966 1056 3040 observantur
1080 2989 1165 3039 cara
1190 2967 1360 3041 Stanislai
1384 2970 1546 3066 pignora,
1568 2967 1665 3040 miris
1688 2967 1942 3040 commendatae
1961 2966 2072 3062 signis
2098 2967 2298 3061 imagines:

681 3087 866 3185 Kaczycis,
886 3089 924 3162 in
947 3090 1071 3164 villula
1084 3092 1320 3165 Pultovieusis
1343 3093 1504 3189 collegii,
1524 3092 1649 3178 altera,
1669 3091 1794 3177 altera,
1814 3091 1851 3163 in
1869 3089 1996 3164 sacello
2013 3088 2302 3164 Academicorum

681 3213 875 3300 Sodalium,
904 3216 1039 3303 Vilnaa;
1056 3224 1162 3312 atque
1187 3217 1265 3290 haec
1283 3218 1423 3312 quidem
1441 3218 1584 3290 Urbano
1605 3217 1692 3290 Vlll
1717 3215 1889 3290 Pontifice
1914 3215 2063 3288 antistiti
2079 3215 2300 3289 Vilnensium

661 3338 833 3434 deor-gio
851 3339 1089 3436 Tyszkievica,
1110 3349 1195 3414 tunc
1219 3341 1335 3415 adhuc
1352 3343 1610 3438 Samogitarum
1641 3342 1819 3437 episcopo,
1839 3362 1862 3412 a
1880 3337 2064 3412 Vladislao
2082 3339 2134 3410 IV
2150 3362 2236 3446 rege
2253 3341 2301 3412 ad

678 3462 811 3536 Urbem
836 3465 972 3558 Legato
998 3465 1069 3562 (an.
1102 3465 1217 3562 1638),
1238 3489 1262 3538 6
1286 3466 1440 3560 Georgio
1466 3464 1685 3538 Academicis
1711 3463 1839 3538 oblata.
1871 3463 1986 3548 Hanc,
2016 3487 2080 3559 pro
2107 3486 2171 3535 suo
2200 3464 2302 3558 quasi

676 3585 830 3682 palladio
848 3587 1017 3674 habitam,
1037 3588 1238 3676 Vilnenses,
1259 3590 1406 3663 ardente
1427 3589 1520 3662 bello
1536 3587 1778 3672 Moscovitico,
1798 3587 2003 3660 Dantiscum
2028 3587 2267 3660 subduxerant
2288 3612 2296 3660 :

676 3710 855 3795 restincto,
875 3711 1016 3784 domum
1034 3714 1105 3808 (an.
1129 3713 1233 3809 1666)
1258 3712 1465 3786 retulerunt.
1486 3713 1666 3788 Beneficia
1694 3711 1862 3810 Stanislai
1888 3712 1925 3783 in
1950 3711 2117 3784 mortales
2147 3712 2204 3783 ad·
2221 3734 2300 3784 eam

676 3834 866 3930 imaginem
885 3836 1010 3909 crebra
1032 3843 1167 3908 suntet
1190 3836 1357 3932 insignia
1375 3837 1425 3909 Ut
1441 3835 1512 3909 alia
1530 3837 1700 3922 omittam,
1718 3835 1867 3909 relatam
1886 3859 1980 3910 anno
2002 3836 2095 3910 1675
2112 3859 2157 3910 ex
2174 3836 2300 3909 Turcis

676 3959 859 4033 victoriam
877 3983 941 4034 rex
959 3959 1174 4032 Polonorum
1198 3960 1221 4032 J
1224 3983 1357 4034 oannes
1375 3962 1442 4047 lll,
1459 3961 1531 4033 dux
1547 3960 1764 4035 exercituum
1781 3985 1825 4035 ea
1843 3969 2065 4057 tempestate,
2081 3962 2187 4057 hujus
2203 3962 2299 4034 beati

669 4084 869 4178 patrocinio
887 4084 1083 4169 deberem,
1104 4082 1303 4180 professus;
1323 4085 1379 4157 cui
1396 4085 1572 4159 fortunam
1588 4085 1673 4158 belli
1690 4085 1829 4158 hortatu
1852 4108 1915 4158 suo
1937 4108 2000 4180 per
2026 4085 2298 4180 supplicationes

675 4205 876 4280 Academici
892 4207 1040 4281 Sodales
1061 4208 1357 4296 commendarent,
1383 4227 1488 4305 quam
1506 4209 1566 4282 diu
1583 4209 1758 4282 exercitus
1771 4216 1973 4282 versaretur
1989 4209 2028 4280 in
2039 4207 2133 4297 acie;
2150 4207 2186 4281 id
2203 4208 2298 4302 quod

676 4331 770 4424 apud
801 4327 943 4405 eosdem
970 4331 1111 4426 reliquit
1146 4339 1311 4406 testatum
1346 4330 1448 4405 donis
1480 4331 1679 4428 insignibus
1712 4331 1869 4406 Michael
1898 4333 1985 4416 Pac,
2018 4331 2090 4404 dux
2123 4330 2297 4405 exercitus

677 4452 864 4527 Lituauici.

726 4584 795 4664 Qui
813 4583 981 4656 Stanislai
997 4585 1104 4658 vitam
1120 4584 1324 4682 perscripsit
1341 4583 1470 4668 italice,
1492 4579 1738 4654 animadvertit
1756 4579 1844 4654 illud
1860 4579 1985 4652 Daniel
2004 4578 2182 4665 Bartolus,
2202 4571 2297 4674 quod

619 4807 623 4814 ι
675 4716 750 4780 tum
778 4707 900 4780 Socios
929 4707 1057 4802 gaudio
1075 4709 1205 4781 afficiat
1229 4730 1371 4803 magno,
1393 4712 1543 4801 oportet,
1564 4726 1696 4790 omnes,
1716 4711 1791 4775 tum
1817 4710 1990 4776 nostrates
2017 4701 2190 4798 compleat
2205 4725 2297 4798 prae·

676 4833 789 4928 cipue.
813 4860 829 4892 a
853 4831 932 4914 Hic,
952 4831 1064 4927 inquit
1088 4831 1161 4916 illc,
1181 4832 1364 4905 considero
1386 4829 1594 4904 admirabile
1613 4827 1743 4901 divinae
1766 4827 2002 4901 Providentiae
2020 4826 2205 4900 consilium
2223 4829 2260 4922 (ι)
2283 4853 2292 4898 :

678 4988 694 5020 u
715 4958 831 5054 ipsum
857 4958 1074 5033 Stanislaum
1105 4981 1126 5031 e
1156 4959 1333 5033 Societate
1358 4957 1513 5030 omnium
1534 4978 1613 5029 esse
1635 4956 1798 5051 primum,
1819 4955 1878 5049 qui
1902 4961 2060 5027 mortuus
2078 4955 2123 5029 sit
2141 4954 2295 5028 novitius

677 5111 694 5144 κ
714 5084 818 5180 (adde
839 5107 848 5155 ι
866 5082 967 5180 isque
991 5107 1036 5158 ea
1064 5105 1130 5156 sua
1148 5082 1321 5178 aetatula),
1336 5082 1396 5179 qui
1421 5080 1580 5178 sepultus
1606 5079 1653 5153 sit
1678 5079 1804 5152 Romae
1830 5080 1941 5175 (isque
1965 5079 2129 5176 advena);
2156 5102 2201 5153 ex
2224 5103 2294 5175 quo

716 5285 757 5363 (1)
773 5285 804 5345 P.
824 5287 924 5348 Adalb.
939 5285 1089 5360 Tylkovski
1105 5288 1131 5344 in
1147 5285 1209 5346 Vita
1224 5284 1258 5347 B.
1273 5284 1405 5345 stanislai
1419 5285 1446 5342 in
1462 5284 1558 5358 poton.
1576 5297 1724 5344 conversa.
