4896 6650
474 4954 604 5024 Stephani

478 5036 604 5091 rationes.

658 787 717 854 118
1017 792 1291 854 LlTUANlCARUM
1313 775 1528 854 Soclssvlrls
1548 789 1634 854 ‚lESU
1657 773 1911 855 lllSTORldllUll

659 1000 675 1032 ιι
697 996 833 1049 morum
850 978 1017 1073 impendi.
1043 980 1145 1059 Quod
1172 981 1203 1052 si
1221 981 1339 1075 justas
1359 981 1601 1076 operariorum
1622 979 1746 1051 liceret
1770 977 1935 1051 continuo
1953 977 2086 1051 habere
2110 977 2279 1066 familiae,

655 1127 676 1206 ιι
698 1100 812 1174 minus
839 1110 933 1174 esset
957 1101 1181 1177 incommodi.
1203 1105 1274 1178 Sed
1302 1105 1445 1200 explere
1458 1105 1577 1177 statim
1602 1103 1776 1198 collegia,
1796 1101 1893 1174 nullo
1914 1102 2030 1189 modo,
2054 1110 2093 1174 nt
2112 1127 2205 1176 nnnc
2223 1128 2281 1178 res

660 1253 676 1284 ι
697 1232 791 1311 sunt,
811 1225 913 1300 licet:
933 1211 1095 1322 primum,¹
1117 1230 1211 1323 quod
1223 1254 1295 1302 non
1314 1238 1396 1302 sunt
1408 1235 1571 1327 prompta
1588 1227 1768 1314 subsidia;
1794 1227 1934 1312 deinde,
1956 1226 2051 1322 quod
2068 1235 2123 1300 est
2139 1229 2280 1324 gravis-

660 1376 677 1410 ιι
702 1349 840 1434 simum,
861 1351 953 1445 quod
972 1374 1084 1446 neque
1101 1352 1241 1425 idoneae
1261 1353 1362 1442 nobis
1381 1376 1493 1453 neque
1517 1352 1624 1447 plane
1643 1349 1725 1422 ullae
1742 1358 1933 1445 suppetunt
1947 1351 2060 1444 copiae
2079 1352 2277 1427 Sociorum.

660 1503 676 1534 ι
698 1471 799 1546 Nihil
811 1474 873 1559 ita,
894 1497 957 1548 rex
982 1476 1113 1571 optime
1139 1477 1185 1572 (et
1202 1485 1286 1548 ante
1304 1477 1424 1550 oculos
1445 1485 1528 1549 sunt
1549 1475 1652 1571 plura
1671 1474 1855 1570 exempla),
1877 1476 1966 1547 nihil
1986 1476 2036 1548 ita
2057 1499 2200 1572 pessum
2218 1479 2280 1551 dat

662 1629 677 1659 ι
700 1600 946 1672 auctoritatem
964 1601 1224 1696 religiosorum,
1242 1601 1371 1674 obterit
1395 1601 1629 1696 disciplinam,
1651 1623 1767 1672 mores
1785 1601 1917 1673 sensim
1935 1603 2143 1698 corrumpit,
2161 1612 2199 1676 ut
2216 1603 2281 1676 mi·

658 1753 674 1785 ιι
701 1731 804 1796 nutes
817 1723 852 1794 in
871 1731 983 1797 coetus
1002 1727 1183 1821 dissipatae
1198 1727 1355 1799 familiae.
1370 1727 1470 1807 Quod
1489 1727 1519 1797 si
1533 1725 1694 1798 omnibus
1713 1733 1767 1797 est
1781 1727 1924 1798 noxium
1938 1727 2141 1812 ordinibus;
2159 1735 2280 1801 nostro

657 1881 673 1913 ι
699 1861 807 1932 certe,
825 1844 880 1923 cui
907 1875 976 1923 non
998 1852 1093 1924 intra
1121 1859 1221 1947 septa
1245 1852 1439 1937 latendum,
1461 1851 1526 1924 sed
1550 1850 1795 1947 prodeundum
1816 1851 1853 1922 in
1876 1851 1986 1924 solem
2009 1853 2194 1947 aciemque
2209 1860 2278 1937 est,

657 2006 673 2036 ι
697 1976 899 2072 pestiferum
913 1975 1019 2071 plane
1037 1983 1101 2050 e'sl.
1120 1977 1206 2056 Quis
1223 1977 1362 2060 melius,
1384 1999 1490 2072 quam
1503 1985 1564 2049 tua
1582 1977 1750 2070 majestas
1768 1975 1948 2071 intelligit,
1962 1977 2080 2050 valido
2105 1977 2280 2050 exercitui

657 2099 896 2203 “enervando
928 2099 1016 2171 nihil
1042 2122 1121 2171 esse
1153 2099 1379 2194 praesentiae,
1412 2123 1516 2194 quam
1557 2100 1587 2172 si
1625 2100 1661 2170 in
1693 2100 1843 2194 exiguas
1873 2101 2070 2195 discerptus
2100 2101 2278 2184 cohortes,

653 2253 669 2284 ι
691 2224 728 2296 in
753 2223 870 2295 varias
888 2221 1074 2316 ablegetur
1104 2224 1324 2316 provinciasl
1353 2223 1401 2295 At
1431 2223 1525 2297 enim
1551 2224 1609 2296 hic
1635 2222 1734 2295 locus
1761 2222 1994 2318 periclitatur,
2016 2232 2051 2298 et
2081 2222 2143 2297 ille
2173 2223 2278 2306 alter,

654 2379 670 2410 ι
691 2350 845 2443 itemque
874 2348 1000 2421 tertius
1022 2372 1030 2419 :
1051 2355 1169 2442 atque·
1186 2348 1244 2420 hic
1273 2348 1364 2420 bene
1396 2347 1545 2442 gerendi
1563 2371 1638 2420 rem
1662 2348 1818 2441 alibique
1845 2346 1993 2420 offertur
2011 2349 2173 2435 occasio;
2194 2372 2280 2421 num

652 2500 670 2533 ι
690 2472 799 2567 igitur
820 2473 975 2567 prudens
1000 2471 1083 2545 belli
1118 2473 1310 2567 imperator
1345 2494 1443 2567 spem
1469 2473 1622 2567 partium
1652 2493 1826 2544 summam
1857 2472 1893 2543 in
1923 2472 2122 2566 periculum
2155 2472 2280 2545 dabitl

653 2625 669 2656 ι
694 2596 876 2669 Praeterea
906 2597 1007 2668 nobis
1033 2595 1128 2668 haud
1161 2596 1300 2692 privata
1326 2618 1447 2681 causa,
1468 2596 1530 2668 sed
1547 2595 1595 2667 ad
1613 2594 1777 2667 effectum
1807 2617 2040 2690 eorumquae
2066 2603 2277 2682 tractamus,

651 2751 667 2782 «
689 2721 891 2794 necessaria
904 2727 959 2793 est
975 2721 1156 2792 hominum
1171 2721 1418 2794 benevolentia
1435 2727 1541 2814 atque
1559 2719 1783 2793 existimatio
1807 2719 1854 2792 At
1871 2741 1990 2792 rerum
2007 2721 2174 2816 imperiti,
2195 2722 2281 2794 dum

651 2875 668 2908 ιι
688 2845 810 2917 vident
823 2851 896 2915 tam
909 2842 1032 2930 multa,
1050 2851 1183 2939 quanta
1198 2867 1286 2939 opus
1305 2851 1387 2916 sunt
1404 2843 1452 2916 ad
1465 2867 1636 2917 novorum
1648 2843 1878 2917 fundamenta
1893 2843 2132 2938 collegiorum
2145 2844 2277 2932 addici,

651 2997 668 3030 ιι
690 2992 759 3040 non
779 2967 893 3040 solum
909 2967 1081 3052 haeretici,
1098 2991 1221 3042 verum
1239 2970 1344 3041 etiam
1357 2969 1535 3055 catholici,
1557 2969 1678 3040 nonin
1696 2990 1739 3042 ea
1760 2969 1880 3040 vocari
1899 2991 1979 3054 nos,
1996 2968 2064 3042 sed
2082 2967 2280 3064 irrumpere

651 3123 668 3155 ιι
688 3093 1140 3188 interpretantur.Quidam
1158 3092 1279 3178 odere,
1296 3094 1389 3188 quod
1406 3101 1550 3188 sperata
1567 3093 1635 3165 sibi
1657 3093 1751 3165 bona
1766 3093 1950 3166 interverti
1963 3100 2101 3188 putant.
2118 3093 2280 3188 Denique

653 3249 668 3281 ι
689 3217 797 3312 vulgo
815 3218 889 3291 iere
902 3239 1039 3302 omnesf
1052 3241 1126 3300 non
1153 3218 1350 3290 animarum
1373 3219 1487 3313 magis
1510 3241 1588 3302 nos,
1605 3239 1710 3311 quam
1729 3219 1959 3313 pecuniarum
1985 3218 2110 3290 avidos
2122 3218 2275 3313 jactant.

653 3371 669 3404 ιι
694 3344 786 3415 Tum
802 3365 885 3415 vero
909 3341 991 3436 quid
1013 3340 1196 3436 reliquum,
1218 3343 1286 3413 nisi
1300 3349 1339 3413 ut
1353 3365 1500 3436 quorum
1518 3343 1591 3412 vita
1612 3341 1705 3437 (jure
1727 3364 1790 3414 seu
1815 3343 1959 3437 injuria,
1979 3342 2125 3436 perinde
2140 3341 2199 3414 hic
2212 3344 2279 3439 est)

652 3495 669 3529 ιι
695 3466 897 3563 despicitur,
924 3489 1045 3574 eorum
1063 3473 1099 3539 et
1121 3465 1281 3538 doctrina
1295 3465 1523 3561 repudieturi
1538 3466 1662 3560 ltaque
1685 3463 1928 3560 amplexantes
1942 3473 2017 3538 toto
2034 3467 2153 3546 animo
2177 3489 2278 3540 oscu-

652 3621 668 3653 ιι
693 3591 878 3686 lentosque
906 3593 998 3664 hanc
1025 3599 1098 3662 tuae
1115 3591 1310 3685 majestatis
1337 3612 1423 3685 erga
1449 3589 1752 3672 mecharitatem,
1777 3595 1814 3661 et
1838 3589 1906 3660 hoc
1924 3589 2106 3683 singulare
2127 3591 2278 3686 juvandi

651 3746 668 3778 ιι
688 3716 839 3812 populos
868 3717 1024 3788 studium
1054 3722 1277 3796 venerantes,
1296 3737 1483 3809 precamur
1509 3721 1544 3786 et
1561 3714 1791 3796 obtestamur,
1811 3719 1851 3784 ut
1869 3712 2012 3784 Ordinis
2026 3715 2131 3810 hujus
2147 3715 2224 3799 tibi,
2247 3717 2280 3788 si

650 3869 666 3902 ιι
689 3863 761 3913 non
785 3839 881 3912 aliud
908 3839 1138 3913 addictissimi
1155 3838 1402 3934 patrocinium,
1424 3836 1519 3931 quod
1540 3837 1737 3920 instituisti,
1756 3836 1850 3908 tueri
1868 3858 2013 3931 pergas,
2029 3861 2092 3932 pro
2111 3845 2279 3934 certoque

648 3995 664 4026 ι
687 3964 834 4048 habeas,
853 3971 936 4037 tunc
948 3971 1045 4037 recte
1066 3985 1132 4035 nos
1148 3961 1372 4035 consulturos
1387 3960 1583 4034 rationibus
1604 3959 1765 4056 publicis,
1791 3982 1872 4032 cum
1887 3959 1988 4054 leges
2011 3962 2272 4038 servaverimus

647 4117 664 4150 ιι
684 4097 847 4174 nostras;
866 4095 942 4160 tum
955 4088 1027 4160 tuis
1040 4087 1141 4159 bonis
1158 4087 1250 4158 votis
1268 4086 1398 4182 optime
1416 4107 1663 4180 responsuros
1680 4107 1760 4156 cum
1782 4083 1850 4178 ipsi
1861 4082 2031 4158 fuerimus
2044 4085 2180 4181 optimi.
2205 4121 2222 4156 a

694 4213 810 4286 Haesit
840 4213 1051 4286 deliberanti
1069 4211 1194 4284 similis
1212 4235 1287 4296 rex,
1315 4217 1350 4284 et
1375 4209 1469 4306 qnod
1487 4233 1530 4282 ex
1555 4209 1633 4305 ipso
1659 4207 1782 4280 habitu
1802 4209 1875 4281 oris
1893 4209 2083 4294 eminebat,
2110 4211 2276 4286 oratione

644 4337 812 4433 Campani
839 4337 1078 4434 perturbatus.
1100 4336 1228 4408 Vereri
1254 4341 1386 4418 orator,
1408 4357 1453 4406 ne
1482 4332 1567 4428 quid
1587 4334 1678 4405 forte
1700 4330 1899 4426 peccaverit
1924 4333 1961 4403 in
1987 4332 2276 4408 benevolentiam

642 4462 812 4558 principis
840 4461 988 4533 liberior
1017 4483 1083 4534 sua
1114 4458 1329 4555 deprecatio.
1350 4459 1525 4551 Utrinque
1550 4456 1633 4529 hinc
1657 4454 1724 4527 fuit
1750 4455 1950 4540 silentium;
1981 4479 2023 4529 ac
2053 4456 2278 4554 Stephanum

644 4586 785 4682 quidem
798 4585 880 4658 hinc
898 4586 1119 4681 deprecantis
1135 4609 1158 4656 a
1176 4584 1289 4657 Sociis
1308 4582 1380 4670 suis
1399 4605 1454 4667 ea,
1476 4605 1555 4676 quae
1573 4579 1740 4654 mortales
1754 4578 1857 4652 facile
1869 4589 2131 4675 aucuparentur
2148 4583 2272 4669 etiam,

644 4731 854 4804 suspensum
871 4709 984 4782 tenuit
996 4707 1211 4793 moderatio;
1232 4705 1328 4778 illinc
1341 4728 1415 4790 eoa,
1437 4727 1524 4800 quos
1538 4705 1717 4790 invitaret,
1730 4711 1861 4799 praesto
1873 4703 2029 4776 habendi
2042 4705 2272 4780 desiderium.

643 4832 819 4908 Meditata
831 4832 1036 4928 aliquandiu
1051 4831 1174 4905 eodem
1188 4833 1223 4903 in
1237 4829 1389 4926 vestigio
1402 4852 1454 4911 re,
1463 4829 1640 4924 princeps,
1654 4827 1871 4922 Campanum
1884 4827 2031 4901 intuitus
2047 4853 2056 4906 ε
2076 4859 2093 4890 ιι
2111 4853 2179 4926 ego
2194 4855 2273 4917 vos,

647 4987 663 5019 ιι
683 4958 810 5052 inquit,
830 4979 909 5030 mea
926 4956 1125 5052 praesertim
1138 4978 1255 5040 causa,
1277 4955 1313 5026 in
1331 4954 1512 5026 bominum
1538 4953 1708 5025 invidiam
1733 4958 1773 5025 ut
1788 4973 1923 5036 vocem,
1939 4959 2002 5026 ant
2019 4953 2064 5026 de
2085 4954 2277 5028 sanctitate

646 5113 662 5142 ιι
685 5081 795 5154 vestri
811 5081 963 5154 instituti
983 5079 1176 5152 detractum
1198 5087 1237 5152 ut
1253 5079 1384 5163 velim;
1405 5099 1493 5172 quos
1511 5083 1697 5172 tantopere
1723 5084 1759 5149 et
1775 5100 1868 5161 amo,
1890 5083 1926 5150 et
1943 5083 2059 5150 sartos
2093 5083 2278 5172 tectosque

646 5237 663 5268 ιι
683 5206 839 5302 undique
851 5213 891 5282 ut
902 5213 1080 5305 praestem,
1100 5206 1210 5277 curol
1228 5204 1345 5278 Hodie
1358 5202 1493 5276 scilieet
1509 5201 1645 5298 cogniti
1659 5224 1803 5288 sumus;
1818 5209 1881 5274 aut
1897 5207 1972 5276 tam
1985 5207 2103 5297 grata,
2119 5210 2275 5298 eportet,
