4896 6650
651 839 692 902 86
823 813 825 816 Ι
1019 842 1295 906 LlTUleCARUM
1317 846 1527 907 SOClll‘lATlS
1548 845 1632 904 JESU
1656 841 1908 902 lllSl'OllldllUll

563 1041 629 1097 1580
703 1019 759 1092 Ex
787 1041 830 1093 ea
858 1021 1009 1095 statione
1040 1023 1169 1096 Petrus
1197 1024 1338 1120 Sharga
1366 1049 1443 1098 rem
1472 1047 1552 1097 cum
1577 1021 1715 1095 infenso
1745 1017 1910 1091 Palatino
1936 1018 2117 1112 agitabat;
2148 1017 2279 1091 oblatis

654 1145 760 1218 etiam
786 1145 897 1240 regiis
925 1144 976 1216 illi
1003 1146 1143 1231 litteris,
1164 1149 1288 1243 quibus
1319 1150 1555 1222 monebatur:
1580 1174 1596 1206 κ
1624 1151 1811 1240 praestaret
1845 1143 2048 1228 maximam,
2085 1167 2203 1238 quam,
2241 1167 2280 1217 se

656 1303 672 1335 u
688 1272 821 1369 judice,
858 1281 1088 1361 mererentur,
1122 1275 1402 1350 benevolentiam
1429 1274 1626 1370 hospitibus
1663 1292 1671 1340 τ
1703 1267 1861 1340 traderet
1889 1265 1959 1338 illis
1994 1267 2107 1362 primo
2140 1289 2279 1363 quoque

656 1427 672 1458 u
692 1403 849 1491 tempore
867 1404 902 1469 et
929 1397 1047 1490 fanum
1063 1398 1101 1500 in
1117 1422 1199 1474 arce
1225 1391 1451 1486 Rutenicum,
1481 1407 1517 1474 et
1542 1400 1697 1482 domum,
1719 1420 1825 1492 quam
1850 1397 1917 1471 sibi
1934 1399 2001 1494 ipsi
2019 1399 2229 1494 delegerint.
2259 1436 2276 1467 a

653 1525 802 1598 Plenum
817 1525 853 1596 id
880 1526 1012 1598 homini
1027 1527 1241 1624 implacabili
1259 1533 1336 1604 erat
1353 1525 1494 1599 invidiae
1516 1549 1523 1597 :
1545 1525 1670 1630 ecquid
1689 1522 1711 1595 J
1714 1512 1841 1596 esuitae'
1853 1521 1913 1595 isti
1931 1523 2152 1618 requirerent
2171 1525 2280 1599 ctiam

653 1649 835 1722 Polociael
857 1679 873 1709 u
895 1650 1062 1746 Nunquid
1087 1662 1167 1748 post
1192 1654 1516 1746 Brunsbergenses,
1536 1649 1739 1732 Vilnenses‚
1760 1647 1919 1743 aliasque
1944 1647 1983 1720 in
2009 1649 2176 1722 Lituania
2200 1673 2280 1722 cum

655 1803 671 1835 a
687 1773 904 1866 hominibus,
933 1773 1099 1869 dogmata
1131 1776 1376 1872 profitentibus
1410 1797 1481 1846 non
1511 1772 1689 1857 Romana,
1718 1773 1854 1856 turbas,
1887 1771 1923 1842 in
1952 1770 2085 1845 Russia
2122 1771 2279 1846 vellentl

631 1930 671 1966 .«
694 1901 819 1995 quibus
845 1899 983 1993 quantis
1015 1923 1053 1973 se
1084 1901 1243 1974 artificiis
1274 1900 1497 1973 inanimum
1532 1897 1628 1992 regis
1661 1902 1764 1991 atque
1802 1895 1956 1986 ineam
1985 1897 2100 1992 ipsam
2135 1918 2279 1969 causam

654 2053 670 2084 κ
691 2023 912 2106 insinuarint,
942 2029 1017 2095 tum
1048 2047 1113 2119 per
1146 2034 1288 2098 coactos
1319 2046 1341 2095 a
1376 2046 1414 2097 se
1444 2032 1568 2107 coetus,
1598 2028 1672 2092 tum
1708 2021 1745 2091 in
1776 2019 2004 2092 conventibus
2043 2019 2172 2092 civium
2202 2023 2280 2116 ejus

654 2147 903 2244 «provinciae,
942 2156 1049 2243 atque
1089 2149 1126 2221 in
1163 2148 1249 2245 ipsis
1286 2150 1393 2222 etiam
1427 2147 1654 2244 generalibus
1697 2145 1801 2239 regni
1837 2145 2006 2230 comitiis,
2037 2144 2279 2240 queribundus

654 2300 671 2332 κ
691 2271 882 2366 rogitabat.
905 2252 926 2338 'n
956 2271 1267 2367 Tergiversantem
1294 2281 1419 2347 eontra
1445 2273 1561 2347 edicta
1590 2271 1692 2365 regia
1715 2270 1911 2365 palatinum
1935 2269 2024 2342 nihil
2053 2269 2180 2342 morati
2207 2271 2280 2342 Pa·

649 2404 736 2483 tres,
755 2397 823 2492 ipsi
840 2398 963 2472 urbem
983 2398 1262 2493 circumspicere,
1285 2405 1332 2484 et,
1353 2421 1423 2493 quo
1440 2397 1518 2470 loco
1535 2397 1647 2492 possit
1663 2396 1844 2467 commode
1867 2393 2032 2467 collocari
2049 2393 2276 2478 domicilium,

649 2524 849 2598 observare.
884 2526 991 2600 Festo
1026 2526 1187 2599 divorum
1214 2524 1314 2598 Petri
1347 2529 1383 2596 et
1417 2520 1522 2594 Pauli
1553 2518 1794 2614 apostolorum
1832 2519 1902 2605 die,
1935 2542 1980 2591 ex
2013 2542 2096 2592 arce
2126 2521 2280 2617 compita

649 2647 746 2720 urbis
772 2655 934 2745 tectaque
961 2648 1072 2722 oculis
1097 2649 1331 2747 perlustrans,
1352 2647 1480 2719 Petrus
1506 2643 1648 2737 Skarga
1677 2642 1928 2716 animadvertit
1955 2665 2089 2727 aream,
2108 2650 2216 2739 atque
2242 2645 2281 2717 in

648 2793 691 2844 ea
708 2772 875 2866 templum
901 2773 1076 2847 Photiano
1101 2775 1171 2847 ritu
1199 2775 1312 2848 beatis
1335 2774 1443 2844 Petro
1474 2776 1509 2843 et
1539 2769 1652 2841 Paulo
1679 2768 1849 2865 apostolis
1880 2768 2092 2852 dedicatum,
2113 2769 2281 2866 aedesque

647 2896 850 2990 proximas;
879 2898 1072 2993 exquibus
1107 2898 1233 2971 incolae
1252 2898 1329 2993 jam
1363 2903 1451 2978 tum,
1489 2894 1589 2991 quasi
1624 2891 1809 2976 admoniti,
1838 2917 1879 2965 ac
1918 2900 2013 2966 metu
2049 2895 2169 2966 nescio
2208 2918 2280 2989 quo

646 3018 811 3112 perculsi,
843 3019 1110 3093 succedentibus
1136 3021 1187 3092 uti
1212 3019 1379 3092 cederent
1412 3017 1621 3114 hospitibus,
1654 3015 1724 3086 alio
1755 3037 1794 3087 se
1824 3015 1974 3110 impigre
1999 3016 2276 3090 transferebant.

647 3143 780 3215 Locum
810 3143 860 3217 ita
889 3152 1081 3240 repentea
1115 3145 1189 3218 suis
1227 3143 1406 3216 desertum
1451 3139 1710 3216 habitatoribus
1735 3138 1850 3211 visum
1888 3145 1942 3212 est
1973 3139 2091 3236 ipsum
2114 3141 2278 3215 divinum

645 3283 776 3334 numen
811 3262 925 3336 Sociis
958 3265 1172 3360 assignasse.
1212 3267 1512 3367 Quandoquidem¹
1544 3268 1655 3364 igitur
1684 3266 1870 3341 Palatinus
1909 3269 2143 3344 certissimum
2173 3272 2272 3366 regis

427 3405 430 3422 ·
474 3388 594 3445 Primum
646 3387 829 3482 imperium
855 3410 918 3483 per
935 3388 1190 3461 contumaciam
1209 3391 1419 3488 negligeret,
1439 3393 1506 3490 ipsi
1532 3395 1775 3491 exequendum
1804 3420 1867 3492 per
1898 3420 1976 3471 sese
2000 3399 2095 3472 Socii
2126 3417 2299 3478 censue·

475 3467 621 3619 {fflffi‘
645 3517 728 3582 runt
748 3498 762 3584 :⁴
779 3513 833 3584 usi
857 3512 1009 3584 maxime
1034 3512 1072 3585 in
1095 3513 1240 3608 negotio
1266 3538 1374 3609 opera
1400 3517 1476 3611 ejus
1494 3518 1551 3590 sui
1576 3519 1771 3606 Francisci,
1807 3519 1961 3593 Castello
1990 3521 2168 3595 Praefecti.
2191 3525 2277 3621 lpse

474 3625 583 3683 ibidem.
646 3641 785 3706 nostros
810 3634 846 3705 in
874 3633 1040 3708 aediculas
1061 3658 1083 3708 a
1101 3635 1233 3709 civibus
1258 3637 1400 3711 relictas
1436 3639 1629 3713 introduxit
1653 3641 1824 3738 hospites,
1845 3644 2034 3740 fanumque
2064 3644 2153 3716 illud
2179 3645 2280 3720 diuo-

646 3781 723 3829 rum
736 3756 986 3854 Apostolorum
1004 3759 1055 3832 eis
1073 3761 1226 3854 aperuit,
1244 3762 1475 3858 nequicquam
1493 3763 1679 3836 Photianis
1697 3788 1777 3837 cum
1794 3765 1958 3840 Palatino
1977 3769 2272 3863 repugnantibus.

544 3968 545 3972 Ἴ
645 3885 804 3980 Purgato
831 3886 991 3971 delubro,
1014 3887 1149 3981 riteque
1175 3888 1327 3983 expiato,
1357 3887 1477 3983 primi·
1503 3889 1541 3960 in
1570 3910 1612 3962 eo
1639 3888 1764 3962 hostiis
1783 3889 1858 3962 Deo
1875 3890 1926 3964 Vl
1954 3914 2067 3964 nonas
2093 3891 2275 3987 quintiles,

647 4006 704 4082 die
733 4009 957 4083 Beatissimae
986 4011 1129 4106 Virgini
1155 4034 1268 4097 sacro,
1289 4010 1504 4107 perlitatum.

693 4131 828 4207 Aderat
858 4133 1057 4208 celebritati
1085 4156 1196 4207 sacrae
1222 4142 1352 4230 praeter
1383 4135 1472 4208 alios
1502 4134 1659 4207 Palatini
1685 4137 1825 4232 conjux,
1854 4145 2012 4213 materna
2037 4163 2081 4213 ex
2106 4139 2276 4216 illustris·

643 4259 732 4331 sima
760 4258 984 4356 Woynarnm
1001 4259 1149 4345 familia,
1169 4261 1298 4333 cultrix
1315 4261 1496 4356 religionis
1514 4261 1698 4334 cathohcae
1714 4261 2001 4335 constantissima
2015 4289 2023 4349 ;
2044 4265 2123 4338 haee
2140 4263 2274 4337 deinde

643 4383 734 4456 clam
764 4406 829 4458 suo
855 4384 1081 4458 marito‘suis
1097 4384 1172 4481 ipsa
1199 4385 1323 4481 opibus
1347 4384 1524 4480 hospitum
1549 4385 1704 4480 inopiam
1721 4387 1954 4460 sustentabat.
1975 4388 2090 4483 AEgro
2115 4388 2275 4462 malevo-

642 4507 784 4580 lentiam
818 4508 983 4582 Palatino
1009 4514 1045 4582 et
1070 4507 1294 4580 Rutenorum
1324 4508 1486 4604 episcopo
1513 4507 1826 4593 dissimulantibus,
1862 4509 2059 4605 complures
2094 4535 2174 4584 mox
2208 4511 2275 4602 alii
2406 4537 2407 4544 ¹

641 4655 686 4713 ,cx
704 4630 827 4705 eadem
851 4631 1033 4726 provincia
1049 4630 1172 4716 coorti,
1193 4637 1306 4702 coetus
1332 4655 1415 4704 suos
1441 4632 1610 4705 adversus
1627 4631 1649 4704 J
1653 4633 1784 4704 esuitas
1809 4634 2006 4729 cogebant3
2040 4635 2277 4732 omnibusque

643 4757 736 4829 inter
760 4777 798 4828 se
829 4753 1144 4827 consultationibus
1170 4756 1271 4827 nouis
1301 4754 1427 4829 incolis
1461 4757 1658 4851 coquebant
1689 4754 1902 4850 perniciem;
1939 4781 1983 4832 ne
2013 4757 2099 4852 quid
2127 4760 2274 4833 interim

642 4879 826 4965 auderent,
848 4877 1126 4974 prohibebantur
1152 4880 1325 4975 tantisper
1350 4889 1444 4954 metu
1470 4881 1649 4978 principis,
1666 4903 1745 4952 cum
1771 4879 1863 4954 inter
1893 4881 1970 4954 haec
1994 4905 2076 4956 ecce
2094 4884 2158 4955 tibi
2178 4884 2279 4960 dele·

642 5017 764 5107 gatum
798 5033 821 5082 a
854 5030 939 5102 rege
973 5015 1249 5103 proquaestorem
1288 5008 1476 5091 Lituaniae,
1513 5007 1737 5080 Theodorum
1766 5007 1997 5096 Shnminum;
2029 5012 2089 5105 qui
2126 5019 2272 5108 nostros

644 5134 844 5230 inspiceret,
865 5155 932 5228 quo
957 5133 1034 5205 loco
1053 5132 1266 5206 domicilium
1292 5132 1329 5204 in
1359 5132 1487 5227 oppido
1518 5139 1787 5227 compararent:
1809 5135 1908 5229 cujus
1937 5134 2012 5229 opis
2029 5143 2205 5229 egerent:
2241 5139 2276 5210 si

646 5259 830 5355 quicquam
865 5256 990 5351 coeptis
1024 5255 1098 5329 suis
1130 5256 1297 5330 officeret.
1332 5255 1542 5351 Assignatur
1572 5279 1636 5351 per
1671 5256 1819 5329 eundem
1854 5259 2056 5353 peramplus
2091 5258 2271 5334 domicilio
