4906 6642
695 798 715 862 2
1012 896 1013 904 ἵ
1052 801 1325 866 LITUANICARUM
1349 801 1560 864 sociareris
1580 804 1666 866 JESU
1688 804 1940 866 uisvottmttum

522 994 644 1130 inpius
696 983 801 1080 idque
823 1008 865 1059 eo
882 991 1003 1060 nostro
1017 985 1175 1074 consilio,
1192 996 1232 1061 ut
1243 995 1318 1060 tum
1330 985 1590 1074 beneficiorum,
1617 989 1731 1062 aDeo
1749 987 1786 1061 in
1802 1011 1867 1062 nos
1884 987 2104 1070 collatorum,
2121 992 2304 1082 grataeque

522 1093 553 1132 ¹⁵
575 1091 602 1130 ⁰''
695 1109 886 1183 voluntatis
903 1118 1036 1184 nostrae
1053 1119 1313 1185 monumentum
1325 1111 1466 1206 aliquod
1481 1111 1538 1184 vel
1550 1113 1586 1184 in
1602 1112 1658 1185 his
1677 1119 1791 1187 exstet
1797 1111 1943 1208 pagellis
1960 1137 1970 1200 ς
1984 1118 2056 1184 tum
2077 1108 2310 1206 superiorum,

697 1256 776 1327 quae
793 1234 1077 1319 memorabimus,
1097 1235 1278 1331 exemplis,
1299 1235 1422 1330 patriis
1439 1239 1589 1310 maxime
1606 1237 1677 1308 illis
1693 1260 1736 1310 ac
1752 1236 1965 1321 domesticis,
1986 1233 2087 1307 bonis
2110 1233 2251 1329 quidem
2271 1231 2315 1303 ad

695 1356 937 1443 imitationem,
958 1358 1059 1430 malis
1085 1359 1131 1430 ad
1156 1360 1368 1448 cautionem,
1389 1365 1592 1438 excitemur.
1614 1367 1729 1446 Quam
1754 1368 1798 1440 ob
1825 1390 1900 1440 rem
1925 1366 2004 1438 haec
2030 1364 2158 1460 partim
2175 1386 2220 1437 ex
2237 1363 2317 1436 uni·

696 1511 809 1562 versae
827 1488 1009 1564 Societatis
1027 1490 1174 1564 historia
1191 1491 1307 1564 verbis
1325 1491 1553 1565 exscribimus
1570 1492 1713 1577 nostris,
1733 1489 1871 1587 partim,
1892 1489 1937 1561 ab
1961 1487 2067 1583 hujus
2091 1485 2319 1583 scriptoribus

697 1615 838 1700 omissa,
855 1637 875 1687 e
892 1615 1095 1710 provinciali
1112 1616 1286 1689 tabulario
1305 1615 1547 1710 diuturnisque
1559 1615 1714 1688 tenebris
1731 1615 1767 1687 in
1784 1613 1899 1687 lucem
1916 1611 2124 1709 proferimus
2136 1610 2184 1707 (r).
2218 1609 2319 1691 Quod

698 1737 812 1832 ipsum
842 1737 995 1810 studium
1008 1747 1167 1812 nostrum
1189 1739 1410 1840 opellamque
1426 1739 1519 1812 hanc
1547 1745 1586 1811 ut
1618 1740 1715 1811 Deus
1747 1737 1908 1834 Optimus
1940 1736 2120 1810 Maximus
2155 1741 2259 1830 grata
2285 1740 2322 1805 et

699 1866 845 1956 accepta
861 1860 1004 1948 habeat,
1030 1884 1186 1957 peream
1211 1861 1462 1957 benignitatem
1476 1885 1576 1937 suam
1594 1871 1629 1938 et
1645 1864 1914 1961 providentiam,
1942 1885 2012 1959 qua
2024 1861 2194 1937 familiam
2210 1861 2317 1942 hanc,

700 2008 764 2058 suo
781 1986 803 2058 J
806 1985 901 2058 ESU
917 1983 1122 2080 insignitam
1139 1985 1291 2070 nomine,
1314 1984 1352 2058 in
1368 1987 1436 2061 hac
1466 1989 1649 2082 provincia
1676 1989 1831 2063 condidit
1847 1995 1883 2062 et
1916 1989 2105 2084 gubernat,
2121 2006 2319 2082 precamur.

528 2143 678 2200 strumo.
752 2112 805 2183 De
832 2111 937 2183 rebus
966 2132 1051 2203 ergo
1081 2109 1267 2200 Societatis
1292 2110 1392 2195 lesu,
1416 2113 1452 2184 in
1484 2111 1670 2186 Lituanica
1694 2113 1804 2209 gestis
1828 2109 2021 2208 provincia,
2041 2117 2249 2183 narraturus
2275 2105 2322 2178 ab

704 2233 861 2318 exordio,
883 2232 1109 2328 repetendam
1134 2233 1170 2304 in
1195 2233 1316 2328 primis
1342 2258 1466 2310 censeo
1492 2239 1712 2334 superiorum
1725 2237 1931 2310 memoriam
1959 2244 2177 2331 temporum3
2194 2229 2324 2327 quibus

706 2384 876 2437 novarum
894 2362 932 2433 in
952 2362 1114 2434 Ecclesia
1140 2383 1260 2434 rerum
1277 2361 1435 2458 magistri
1451 2371 1486 2436 et
1502 2364 1695 2450 molitores,
1711 2386 1730 2436 e
1744 2361 1874 2436 scholis
1888 2361 1978 2445 Arii,
1999 2359 2133 2444 Photii,
2155 2357 2320 2453 Zvinglii,

708 2483 844 2569 Luteri,
865 2482 1014 2571 Caluini,
1031 2505 1292 2578 quoquoversus
1309 2483 1455 2568 dimissi,
1471 2508 1534 2581 per
1553 2493 1708 2582 stragem
1724 2485 1906 2582 religionis
1924 2483 2119 2569 catholicae,
2140 2479 2324 2576 religionis

534 2625 618 2756 lump
637 2713 676 2751 re·
711 2609 867 2705 Olgerdo
901 2607 1077 2681 Lituaniae
1095 2603 1131 2704 (a)
1157 2609 1327 2724 principe,
1351 2611 1493 2698 vixdum
1520 2609 1677 2693 orientis,
1710 2611 1836 2684 deinde
1864 2611 1910 2682 ab
1944 2607 2092 2703 Olgerdi
2120 2605 2207 2692 filio,
2235 2602 2326 2676 Vla·

533 2780 583 2846 ng.
612 2775 681 2830 obp.
710 2737 823 2809 dislao
850 2734 1034 2830 Jagellone
1072 2735 1121 2831 (a),
1152 2736 1367 2808 Polonorum
1402 2758 1500 2830 rege,
1530 2733 1760 2807 Lituanorum
1786 2732 1888 2817 duce,
1912 2731 1998 2805 item
2024 2727 2227 2810 christiano,
2252 2725 2326 2797 suis

535 2849 686 2986 ffixiam
709 2861 877 2959 exemplis
895 2859 993 2955 genti
1011 2859 1275 2942 commendatae,
1292 2860 1442 2956 indeque
1459 2882 1587 2954 magno
1606 2858 1721 2930 studio
1742 2880 1805 2953 per
1822 2854 2034 2952 apostolicos
2058 2851 2167 2938 viros,
2188 2873 2207 2924 a
2225 2847 2325 2921 sami-

708 2987 765 3059 liis
790 2985 940 3057 maxime
965 2983 1121 3054 divorum
1147 2981 1318 3090 Dominici
1345 2991 1380 3056 et
1405 2983 1586 3058 Francisci
1603 2981 1800 3076 relig‘osos,
1821 2986 2038 3077 propagatae,
2055 2981 2322 3073 grassarentur;

708 3114 787 3188 haec
803 3115 895 3186 enim
912 3113 1074 3207 princeps
1092 3133 1208 3196 causa,
1227 3133 1290 3183 cur
1307 3133 1330 3182 a
1346 3107 1618 3203 religiosissimis
1635 3103 1878 3190 Pontificibus,
1894 3125 2021 3175 munus
2036 3123 2138 3174 suum
2155 3097 2325 3172 adversus

709 3242 923 3311 crescentem
939 3236 976 3306 in
993 3235 1068 3309 dies
1085 3233 1259 3306 malorum
1274 3233 1551 3328 magnitudinem
1568 3254 1666 3326 aegre
1685 3228 1951 3312 sustinentibus
1968 3227 2006 3299 in
2017 3233 2154 3322 partem
2164 3221 2327 3295 laborum
2443 3249 2444 3256 ¹

708 3388 927 3441 vocaremur.
948 3363 1084 3450 Altera,
1111 3387 1190 3437 cum
1215 3363 1281 3435 hac
1306 3347 1603 3459 conjunctissima,
1631 3354 1722 3429 ratio
1739 3378 1748 3426 :
1764 3353 1857 3448 quod
1875 3351 1968 3426 cives
1992 3351 2031 3424 in
2056 3371 2193 3446 summa
2209 3367 2328 3419 rerum

710 3492 907 3564 divinarum
933 3498 969 3564 et
993 3489 1228 3560 humanarum
1253 3486 1472 3582 ignoratione
1490 3479 1736 3564 versabantur,
1755 3499 1869 3572 neque
1886 3475 2107 3573 gymnasium
2125 3469 2329 3546 excolendae
2382 3517 2386 3526 ·

705 3619 881 3718 juventuti
899 3626 976 3692 erat
992 3616 1124 3702 ullum;
1143 3624 1183 3689 ut
1197 3621 1385 3712 propterea
1401 3614 1580 3708 oporteret
1596 3603 1736 3678 scholas
1753 3603 1864 3698 quaeri
1881 3623 2044 3698 peregre,
2060 3620 2190 3692 magno
2203 3595 2329 3668 dome-

710 3746 809 3821 sticae
827 3744 880 3820 rei
897 3742 1092 3839 dispendio,
1113 3743 1246 3838 majore
1265 3735 1529 3834 corrumpendae
1544 3729 1672 3803 indolis
1689 3729 1792 3801 bonae
1809 3725 1986 3824 periculo;
2005 3745 2120 3818 neque
2139 3727 2215 3793 tum
2236 3719 2331 3792 enim

709 3873 747 3945 in
765 3871 1002 3954 Germaniam,
1018 3868 1131 3942 aliove
1149 3867 1238 3940 mitti
1257 3868 1497 3941 adolescentes
1512 3866 1627 3932 tutum
1645 3860 1734 3938 erat,
1760 3851 1943 3948 pestiferos
1959 3847 2092 3946 passim
2105 3843 2332 3942 vulgantibus

709 3995 849 4069 morbos
865 3992 1114 4067 haereticorum
1139 3989 1364 4085 magisteriis.
1387 3983 1534 4084 Experti
1551 3979 1671 4053 multis
1690 3977 1762 4050 suis
1778 3976 1814 4048 id
1833 3973 1971 4048 damnis
1996 3978 2186 4056 nostrates,
2203 3970 2332 4041 Craco·

708 4119 849 4194 vienses
878 4116 1030 4190 maxime
1059 4113 1252 4187 academici
1277 4113 1334 4209 (l);
1356 4131 1479 4207 quare,
1508 4110 1651 4179 auctore
1685 4100 1844 4196 inprimis
1873 4095 2099 4193 Sigismundo
2127 4094 2143 4167 I
2170 4091 2332 4165 Poloniae

709 4269 808 4341 rege,
826 4243 908 4338 lege
933 4241 970 4312 in
988 4239 1146 4344 comitiis
1165 4237 1391 4334 generalibus
1410 4238 1480 4332 (an.
1501 4231 1604 4324 1541)
1618 4234 1772 4311 cautum,
1788 4247 1834 4297 ne
1840 4225 1992 4320 juvenes
2007 4218 2206 4318 litterarum
2224 4237 2335 4290 causa

710 4369 757 4443 ad
793 4366 1039 4440 haereticorum
1069 4362 1209 4436 scholas
1238 4363 1492 4435 mitterentur:
1521 4351 1636 4447 siqui
1663 4350 1710 4422 ad
1735 4340 1881 4431 sectam,
1913 4343 2135 4419 acatholica
2158 4340 2334 4435 religione

712 4493 878 4578 alienam,
893 4485 1163 4582 transfugerint,
1184 4483 1269 4558 moti
1287 4483 1360 4556 suis
1376 4480 1478 4566 locis,
1497 4484 1603 4572 atque
1620 4497 1664 4548 ex
1682 4472 1847 4568 Equestri
1863 4471 1970 4545 etiarn
1992 4466 2125 4540 Ordine
2138 4463 2332 4548 exturbati,

757 4748 800 4832 (l)
814 4744 1029 4816 deductisque
1043 4741 1077 4800 ad
1091 4754 1150 4798 rem
1166 4737 1339 4812 propositam
1355 4733 1536 4810 iaciunt‚vide
1550 4733 1578 4790 in
1590 4727 1790 4804 Appendiculis
1802 4730 1937 4788 librorum
1956 4721 2175 4806 singulis-(t)
2193 4719 2335 4801 Olgerdus

714 4865 856 4941 baptismo
866 4857 991 4917 initiatus
1002 4867 1067 4912 ann.
1081 4851 1150 4910 circ.
1168 4847 1256 4906 1330.
1275 4847 1337 4905 Vid.
1367 4844 1548 4903 Miscellanea
1574 4837 1752 4912 Kojatovicii,
1776 4850 1841 4915 pag.
1859 4835 1908 4893 37.
1929 4867 1965 4877 -
1979 4830 2020 4907 (3)
2036 4829 2116 4889 Anno
2140 4829 2228 4902 ilbi,
2248 4825 2338 4888 Vitne

717 4982 745 5039 iu
758 4973 886 5034 Comitiis
896 4966 1076 5049 generalibus
1088 4961 1198 5022 Lituani
1212 4959 1378 5018 catholicam
1394 4949 1515 5028 professi
1529 4949 1704 5022 religionem.
1718 4945 1796 5005 idam
1809 4957 1854 5000 an.
1880 4941 1958 5000 itta
1981 4939 2053 5013 aput
2080 4935 2234 4995 Horodlam
2264 4949 2337 4993 cou-

718 5085 872 5145 tlrmarunt.
896 5072 1069 5134 Vid.Vol.1
1091 5074 1195 5150 legum,
1210 5085 1239 5143 p.
1262 5067 1310 5125 69.
1327 5064 1368 5122 De
1395 5059 1481 5120 initiis
1506 5057 1667 5117 christiane
1690 5051 1849 5132 religionis,
1873 5048 1937 5107 vide
1953 5045 1999 5104 hie
2020 5059 2096 5104 num.
2112 5043 2148 5100 15
2161 5039 2339 5114 :Religionis

677 5203 681 5210 “
719 5199 748 5254 et
771 5191 812 5249 rei
837 5183 981 5245 litterariae
1005 5185 1095 5241 status
1123 5179 1151 5236 in
1176 5173 1303 5235 Lituania
1332 5179 1361 5231 et
1386 5168 1486 5230 meinis
1510 5163 1674 5239 provinciis.
1690 5192 1731 5204 -
1750 5157 1790 5236 (4)
1815 5155 1877 5215 Vid.
1904 5151 2065 5213 Hartknocb
2095 5151 2133 5209 de
2156 5147 2279 5223 Republ.
2305 5151 2335 5206 et

720 5300 857 5374 loannem
869 5293 928 5354 Leo
940 5291 969 5349 in
984 5287 1108 5349 Historia
1123 5284 1259 5354 Prussiae,
1276 5295 1343 5360 pag.
1361 5279 1431 5338 457.
