4948 6672
875 715 1109 778 APPENDICES.
1732 701 1793 769 451

170 921 212 994 S.
235 923 284 996 R.
301 925 344 998 E.
376 927 607 1018 inimicorum,
640 935 855 1031 incapacium
885 937 998 1010 omnis
1032 937 1068 1009 iu
1098 936 1231 1008 animas
1260 941 1295 1008 et
1325 955 1494 1029 personas
1519 929 1788 1026 jurisdictionis

222 1033 264 1105 9⁰
281 1035 363 1108 Non
380 1039 463 1114 licet
479 1043 571 1116 bona
596 1045 698 1120 unius
724 1048 883 1122 ecclesiae
905 1048 1100 1132 catholicae,
1132 1047 1235 1120 alteri
1259 1046 1417 1120 ecclesiae
1446 1041 1629 1116 catholicae
1651 1041 1792 1115 tradere

169 1145 252 1220 sine
281 1171 454 1225 consensu
473 1154 589 1238 Sedis.
603 1157 829 1254 Apostolicae.
859 1161 956 1256 Ergo
973 1160 1083 1232 multo
1110 1159 1224 1231 minus
1254 1159 1336 1231 licet
1356 1156 1495 1229 tradere
1512 1152 1709 1227 non-unitis
1731 1153 1790 1247 qui

167 1266 257 1331 sunt
278 1268 379 1332 extra
397 1264 592 1340 Ecclesiam
620 1271 842 1358 catholicam,
872 1282 908 1347 et
935 1274 1055 1370 hostes
1085 1271 1254 1344 Ecclesiae
1272 1268 1468 1353 catholicae,
1485 1267 1545 1363 qui
1558 1265 1694 1338 malunt
1713 1286 1791 1338 esse

165 1367 332 1444 haeretici
350 1397 453 1468 quam
470 1379 645 1453 catholici.
660 1381 883 1458 Antecedens
901 1383 1071 1479 probatur
1087 1406 1131 1456 cx
1153 1382 1313 1472 omnibus
1331 1378 1400 1450 illis
1428 1377 1651 1450 Summarum
1668 1376 1790 1448 Ponti·

164 1477 279 1551 ficum
301 1487 619 1574 constitutionibus
640 1515 727 1586 quas
741 1517 849 1590 supra
861 1495 975 1568 attuli.
999 1495 1133 1575 Quibus
1151 1493 1243 1565 addo
1262 1498 1378 1565 textus
1393 1487 1491 1561 luris
1508 1486 1677 1562 canonici
1693 1487 1729 1557 in
1749 1486 1789 1559 Ο.

163 1595 251 1662 Non
271 1597 349 1665 licet
368 1597 429 1668 :in
448 1597 486 1672 C.
513 1605 679 1687 macone,
700 1603 738 1674 iu
756 1605 793 1678 (l.
818 1613 1005 1698 Quidquid,
1035 1609 1072 1680 in
1087 1608 1126 1681 Ο.
1155 1612 1352 1686 Manemus,
1368 1603 1405 1673 in
1424 1601 1463 1675 G.
1485 1606 1647 1691 Quisquis
1658 1605 1789 1692 episco-

162 1726 251 1792 pus,
274 1705 310 1776 in
330 1706 369 1780 O.
386 1713 469 1781 Sine
498 1718 698 1801 conceptione
718 1717 775 1802 ln,
792 1719 840 1791 9:
864 1720 901 1792 2.
923 1721 959 1792 in
992 1720 1030 1792 Ο.
1051 1722 1162 1804 Nulli,
1181 1718 1219 1790 iu
1253 1717 1290 1789 Ο.
1321 1719 1360 1788 Si
1380 1719 1459 1804 pais
1474 1717 1732 1804 presbyterum,
1753 1713 1789 1786 in

165 1813 206 1886 Ο.
226 1815 266 1888 2.
286 1822 339 1888 De
351 1824 455 1892 rebus
473 1829 625 1896 ecclesia
642 1850 711 1897 non
725 1833 923 1903 alienandis
941 1832 977 1903 iu
992 1831 1031 1904 0.
1053 1837 1088 1904 et
1104 1831 1141 1901 in
1156 1830 1325 1903 Clement.
1350 1828 1414 1898 lma
1430 1831 1483 1897 De
1499 1828 1605 1898 redas
1624 1829 1789 1898 Ecclesiae
1848 1877 1850 1882 <

164 1947 241 1996 non
267 1932 476 2004 alienandis
500 1934 568 2006 Hic
592 1934 683 2009 addo
702 1940 946 2015 auctoritatem
973 1942 1093 2037 legum
1115 1938 1349 2035 imperialium
1372 1939 1408 2010 in
1434 1937 1475 2009 L.
1496 1939 1664 2008 iubemus
1687 1935 1726 2008 Ο.
1745 1941 1788 2008 de

163 2040 377 2112 Sacrosanc.
411 2047 589 2127 Ecclesiis,
626 2052 660 2119 et
693 2071 757 2144 per
787 2058 921 2125 textum
938 2053 975 2125 in
1001 2055 1024 2146 ξ
1053 2055 1262 2141 Nosipitar.
1285 2074 1319 2120 a.
1349 2052 1525 2121 alienatio.
1554 2049 1595 2120 In
1624 2047 1784 2121 authent.

165 2147 211 2220 de
229 2172 304 2223 non
316 2151 513 2228 alienandis
535 2163 597 2229 aut
614 2161 853 2252 permutandis
866 2164 971 2237 rebus
987 2163 1169 2248 Ecclesiae,
1191 2163 1215 2256 ἓ
1236 2165 1325 2239 Quia
1336 2181 1423 2233 ‘ccco
1440 2169 1503 2234 etc.

794 2407 993 2466 sumamus
1005 2385 1137 2461 ‘ranno
1156 2405 1171 2458 :·

282 2544 340 2613 An
355 2545 465 2632 possit
476 2549 637 2633 permitti
650 2550 823 2620 institutio
840 2571 902 2620 seu
919 2553 1046 2620 erectio
1063 2552 1145 2620 uoci
1160 2551 1379 2638 episcopatus
1398 2549 1673 2620 Macislauicnsis

801 2706 873 2774 pro
889 2687 1120 2756 schismaticis
1137 2688 1153 2754 t

182 2875 330 2951 ,Rasa
365 2876 451 2950 Cum
482 2879 718 2953 distinctione.
757 2880 796 2953 Si
829 2881 1006 2955 non-uniti
1034 2903 1079 2955 ex
1110 2905 1173 2956 suo
1208 2882 1419 2978 patrimonio
1444 2880 1668 2954 instituerent
1693 2881 1788 2954 huuc

162 3014 296 3064 novum
322 2993 573 3088 episcopatum,
603 2993 691 3067 nihil
732 2993 933 3090 usurpando
965 3016 1008 3066 ex
1046 2992 1149 3067 bonis
1178 2994 1434 3090 archiepiscopi
1467 2992 1673 3067 Poloeensis
1698 2991 1786 3066 uniti

165 3104 440 3178 eteoclesiarum
456 3105 508 3176 illi
532 3107 780 3201 subjectarum,
800 3111 920 3202 posset
938 3105 1014 3179 sine
1037 3105 1188 3200 positiva
1201 3107 1453 3181 catholicorum
1477 3104 1733 3201 approbatione
1751 3111 1787 3177 et

165 3239 342 3290 consensu
368 3240 430 3312 per
446 3217 554 3290 talem
570 3219 836 3313 permissionem
861 3227 896 3292 et
925 3217 1146 3292 tolerantiam
1164 3219 1224 3292 ille
1249 3221 1470 3315 episcopatus
1503 3217 1671 3314 permitti,
1696 3217 1786 3290 sicut

166 3327 383 3420 permittitur
401 3329 532 3402 erectio
540 3329 623 3402 novi
636 3330 828 3425 lupanaris,
842 3337 877 3403 et
893 3353 963 3401 non
977 3329 1069 3425 plue.
1083 3328 1124 3400 ld
1139 3329 1245 3416 enim,
1266 3331 1349 3402 dum
1361 3330 1490 3403 adsunt
1511 3353 1628 3402 causae
1642 3351 1782 3424 graves,

164 3437 249 3512 licet
283 3441 498 3534 permittere,
536 3447 573 3514 ut
604 3440 730 3514 docent
766 3451 907 3518 sanctus
936 3444 1092 3517 Thomas
1125 3443 1173 3538 (2.
1199 3444 1235 3516 2.
1260 3467 1293 3538 q.
1320 3446 1363 3518 10
1387 3466 1409 3514 a
1441 3442 1496 3539 11)
1525 3447 1561 3517 et
1590 3443 1667 3540 ejus
1693 3466 1783 3517 com·

162 3557 391 3639 mentatores,
418 3553 581 3627 Becanus
599 3554 635 3625 in
664 3559 828 3626 Manuali
843 3559 1178 3640 controuersiarum,
1199 3553 1262 3626 lib.
1276 3553 1320 3626 V.
1338 3578 1367 3626 c.
1390 3555 1450 3627 17.

215 3663 255 3736 Si
272 3686 356 3736 vero
373 3688 436 3760 pro
461 3665 566 3762 hujus
585 3666 805 3762 episcopatus
823 3667 997 3741 erectione
1014 3665 1205 3740 auferenda
1229 3673 1311 3739 suut
1332 3666 1426 3738 bona
1441 3672 1476 3740 et
1492 3666 1651 3740 redditus
1668 3664 1782 3738 unito·

164 3797 245 3846 rum
259 3777 494 3862 sacerdotum,
511 3777 557 3849 ad
574 3778 812 3874 episcopatum
830 3777 966 3849 unitum
983 3775 1213 3852 Poloeensem
1232 3777 1473 3873 spectantium,
1490 3801 1569 3872 quae
1586 3778 1678 3849 bona
1695 3797 1781 3848 non·

162 3887 256 3958 uniti
280 3888 463 3960 manifeste
486 3887 553 3960 sibi
571 3889 662 3972 dari,
692 3891 902 3985 etepiscopo
930 3887 1118 3961 Poloeensi
1132 3888 1229 3960 unito
1256 3889 1385 3962 auferri
1394 3894 1526 3985 petunt,
1553 3910 1625 3960 non
1663 3893 1783 3984 posset

161 3999 319 4090 permitti
341 3999 424 4072 talis
442 4023 533 4072 nora
551 4001 681 4073 erectio
708 4002 812 4096 hujus
831 4000 1050 4095 episcopatus
1065 3999 1376 4096 Mscislaviensisc
1389 4000 1472 4096 quia
1484 4001 1521 4072 in
1550 3997 1615 4071 tali
1635 3999 1781 4094 permis·

162 4108 263 4182 sione
281 4109 519 4185 involveretur
535 4112 686 4208 positiva
713 4113 912 4207 cooperatio
930 4113 975 4184 ad
1009 4110 1169 4183 illicitam
1199 4111 1368 4183 honorum
1387 4111 1425 4184 S.
1456 4108 1625 4184 Ecclesiae
1650 4108 1781 4183 aliena·

161 4217 307 4306 tionem,
327 4221 416 4294 adeo
434 4223 549 4317 rigide
562 4222 612 4318 (ut
629 4231 808 4296 ostensum
822 4223 886 4316 est)
901 4223 1046 4296 vetitam
1060 4233 1095 4295 et
1112 4223 1314 4294 damnatam
1326 4223 1408 4316 jure
1424 4221 1541 4295 divino
1560 4229 1594 4295 et
1610 4222 1778 4295 humano.

162 4329 420 4404 Patrimonium
436 4334 527 4406 enirn
542 4334 712 4407 Ecclesiae
730 4335 833 4408 debet
850 4335 1051 4408 conservari
1068 4332 1218 4405 illaesum
1235 4333 1289 4430 (L.
1309 4336 1490 4417 labemus,
1507 4332 1544 4404 in
1556 4331 1626 4405 line
1648 4335 1681 4406 1.
1703 4330 1779 4405 Col.

163 4441 201 4514 C.
219 4442 265 4516 de
281 4447 519 4516 Sacrosanctis
532 4445 792 4541 ecclesiasticis).
806 4445 911 4518 Unde
922 4445 1107 4539 deponitur
1119 4443 1280 4516 alienans
1296 4444 1467 4538 praedium
1489 4442 1659 4518 Ecclesiae
1676 4445 1782 4518 etiam

163 4553 329 4649 exiguum
343 4555 391 4650 (0.
415 4560 627 4645 Quicumque
644 4557 676 4629 l.
692 4558 729 4628 in
747 4554 843 4651 17.q.
860 4557 1017 4650 4).Unde
1031 4556 1268 4652 sequiturnon
1281 4552 1500 4650 posse‘talem
1516 4555 1781 4649 permissionem

161 4662 243 4760 lege
258 4665 419 4752 stabiliri,
435 4669 517 4762 quia
533 4691 604 4741 non
621 4675 694 4741 tam
711 4668 895 4765 permissio
909 4691 1014 4764 quam
1030 4665 1237 4765 approbatio
1251 4665 1302 4740 rei
1319 4663 1452 4738 illicitae
1468 4672 1571 4739 esset.
1590 4666 1727 4764 Netnpe
1744 4669 1781 4740 in

161 4774 225 4847 tali
259 4775 338 4872 lege
372 4787 501 4874 praeter
531 4779 793 4875 obligationem,
826 4803 930 4875 quam
963 4780 1075 4852 omnis
1109 4778 1169 4856 lex
1201 4781 1346 4866 inducit,
1379 4780 1563 4855 accederet
1589 4806 1780 4858 consensus

161 4884 278 4981 legem
295 4887 399 4963 talem
413 4891 568 4985 iniquam
581 4891 791 4965 serentium:
812 4915 1016 4975 consensus,
1026 4892 1181 4987 inquam,
1201 4894 1321 4967 iurem
1337 4892 1495 4966 ilhcitam
1512 4900 1547 4966 et
1559 4895 1775 4983 damnatam,

161 5000 346 5084 animabus
360 5003 604 5098 perniciosam,
629 5002 708 5099 puri
727 5002 840 5076 cultus
868 5004 977 5076 divini
993 5003 1244 5100 impeditivam,
1261 5005 1525 5079 innumerarum
1541 5004 1777 5102 blasphemia-

160 5130 253 5200 rum,
285 5122 322 5190 et
353 5113 530 5188 haeresum
558 5114 836 5204 seminatricem;
861 5137 904 5190 ac
920 5116 1067 5212 proinde
1084 5123 1179 5191 esset
1195 5117 1442 5212 gravissimum
1457 5123 1652 5214 peceatum.
1672 5119 1777 5194 Unde
