<?xml version="1.0" encoding="UTF-8"?>
<!DOCTYPE html PUBLIC "-//W3C//DTD XHTML 1.0 Transitional//EN"
    "http://www.w3.org/TR/xhtml1/DTD/xhtml1-transitional.dtd">
<html xmlns="http://www.w3.org/1999/xhtml" xml:lang="en" lang="en">
 <head>
  <title>
</title>
<meta http-equiv="Content-Type" content="text/html;charset=utf-8" />
  <meta name='ocr-system' content='tesseract 3.04.00' />
  <meta name='ocr-capabilities' content='ocr_page ocr_carea ocr_par ocr_line ocrx_word'/>
</head>
<body>
  <div class='ocr_page' id='page_1' title='image "./lituanicarumsoc00rostgoog_0161.png"; bbox 0 0 4896 6650; ppageno 0'>
   <div class='ocr_carea' id='block_1_1' title="bbox 623 824 1908 898">
    <p class='ocr_par' dir='ltr' id='par_1_1' title="bbox 623 824 1908 898">
     <span class='ocr_line' id='line_1_1' title="bbox 623 824 1908 898; baseline 0.003 -10"><span class='ocrx_word' id='word_1_1' title='bbox 623 824 682 898; x_wconf 79' lang='lat'><strong>134</strong></span> <span class='ocrx_word' id='word_1_2' title='bbox 1008 831 1284 894; x_wconf 80' lang='lat' dir='ltr'><strong>LITUANlCARUll</strong></span> <span class='ocrx_word' id='word_1_3' title='bbox 1309 832 1523 895; x_wconf 80' lang='lat' dir='ltr'><strong>SOClEl&#39;h&#39;l&#39;lS</strong></span> <span class='ocrx_word' id='word_1_4' title='bbox 1543 831 1629 893; x_wconf 83' lang='lat' dir='ltr'>JESU</span> <span class='ocrx_word' id='word_1_5' title='bbox 1653 832 1908 894; x_wconf 80' lang='lat' dir='ltr'><strong>lllS&#39;l&#39;Othlthl</strong></span> 
     </span>
    </p>
   </div>
   <div class='ocr_carea' id='block_1_2' title="bbox 452 1031 2259 5210">
    <p class='ocr_par' dir='ltr' id='par_1_2' title="bbox 452 1031 2259 5210">
     <span class='ocr_line' id='line_1_2' title="bbox 621 1031 2249 1091; baseline 0.003 -10"><span class='ocrx_word' id='word_1_6' title='bbox 621 1031 704 1084; x_wconf 80' lang='lat' dir='ltr'><strong>sar.</strong></span> <span class='ocrx_word' id='word_1_7' title='bbox 728 1033 929 1086; x_wconf 75' lang='grc'><strong>00000000.</strong></span> <span class='ocrx_word' id='word_1_8' title='bbox 967 1036 1230 1091; x_wconf 74' lang='grc'><strong>0000000000.</strong></span> <span class='ocrx_word' id='word_1_9' title='bbox 1264 1035 1742 1090; x_wconf 76' lang='lat' dir='ltr'><strong>suenuvnsnr.nosr1rnns.</strong></span> <span class='ocrx_word' id='word_1_10' title='bbox 1775 1040 1806 1090; x_wconf 90' lang='lat' dir='ltr'><strong>s.</strong></span> <span class='ocrx_word' id='word_1_11' title='bbox 1841 1038 2017 1091; x_wconf 79' lang='grc'><strong>00000000.</strong></span> <span class='ocrx_word' id='word_1_12' title='bbox 2037 1033 2249 1088; x_wconf 76' lang='grc'><strong>0000000000.</strong></span> 
     </span>
     <span class='ocr_line' id='line_1_3' title="bbox 620 1156 2253 1215; baseline 0.002 -10"><span class='ocrx_word' id='word_1_13' title='bbox 620 1156 1021 1212; x_wconf 81' lang='lat' dir='ltr'><strong>rnovnnru.nornv1r.</strong></span> <span class='ocrx_word' id='word_1_14' title='bbox 1055 1161 1264 1214; x_wconf 81' lang='lat' dir='ltr'><strong>omnoaruu.</strong></span> <span class='ocrx_word' id='word_1_15' title='bbox 1293 1163 1451 1214; x_wconf 80' lang='lat' dir='ltr'><strong>onnrnrs.</strong></span> <span class='ocrx_word' id='word_1_16' title='bbox 1484 1161 1514 1212; x_wconf 88' lang='grc'><strong>0.</strong></span> <span class='ocrx_word' id='word_1_17' title='bbox 1547 1162 1747 1214; x_wconf 83' lang='lat' dir='ltr'><strong>rnnncrsor.</strong></span> <span class='ocrx_word' id='word_1_18' title='bbox 1773 1163 1962 1215; x_wconf 80' lang='lat' dir='ltr'><strong>rnnrnuu.</strong></span> <span class='ocrx_word' id='word_1_19' title='bbox 1989 1159 2253 1214; x_wconf 72' lang='lat' dir='ltr'><strong>morumne.</strong></span> 
     </span>
     <span class='ocr_line' id='line_1_4' title="bbox 620 1281 2252 1340; baseline 0.003 -11"><span class='ocrx_word' id='word_1_20' title='bbox 620 1281 883 1333; x_wconf 79' lang='lat' dir='ltr'><strong>ossnnvnnrm.</strong></span> <span class='ocrx_word' id='word_1_21' title='bbox 915 1284 1173 1338; x_wconf 80' lang='lat' dir='ltr'><strong>nunrcarrorus.</strong></span> <span class='ocrx_word' id='word_1_22' title='bbox 1196 1288 1227 1338; x_wconf 94' lang='grc'><strong>0.</strong></span> <span class='ocrx_word' id='word_1_23' title='bbox 1249 1288 1482 1338; x_wconf 65' lang='grc'><strong>0000000000.</strong></span> <span class='ocrx_word' id='word_1_24' title='bbox 1503 1283 1695 1338; x_wconf 69' lang='grc'><strong>0000000.</strong></span> <span class='ocrx_word' id='word_1_25' title='bbox 1718 1289 1811 1338; x_wconf 74' lang='lat' dir='ltr'><strong>snm.</strong></span> <span class='ocrx_word' id='word_1_26' title='bbox 1832 1288 2012 1340; x_wconf 76' lang='lat' dir='ltr'><strong>rsornns.</strong></span> <span class='ocrx_word' id='word_1_27' title='bbox 2041 1285 2252 1338; x_wconf 73' lang='lat' dir='ltr'><strong>summus.</strong></span> 
     </span>
     <span class='ocr_line' id='line_1_5' title="bbox 620 1401 2250 1468; baseline 0.004 -15"><span class='ocrx_word' id='word_1_28' title='bbox 620 1401 734 1455; x_wconf 79' lang='lat' dir='ltr'><strong>saror.</strong></span> <span class='ocrx_word' id='word_1_29' title='bbox 751 1405 917 1458; x_wconf 78' lang='lat' dir='ltr'><strong>cusavrr.</strong></span> <span class='ocrx_word' id='word_1_30' title='bbox 935 1409 994 1462; x_wconf 82' lang='lat' dir='ltr'><strong>au.</strong></span> <span class='ocrx_word' id='word_1_31' title='bbox 1011 1410 1107 1459; x_wconf 81' lang='lat' dir='ltr'><strong>nnrn.</strong></span> <span class='ocrx_word' id='word_1_32' title='bbox 1129 1411 1282 1468; x_wconf 84' lang='lat' dir='ltr'><strong>ouooun.</strong></span> <span class='ocrx_word' id='word_1_33' title='bbox 1298 1413 1359 1462; x_wconf 82' lang='lat' dir='ltr'><strong>arn</strong></span> <span class='ocrx_word' id='word_1_34' title='bbox 1374 1410 1504 1463; x_wconf 79' lang='lat' dir='ltr'><strong>ornan.</strong></span> <span class='ocrx_word' id='word_1_35' title='bbox 1524 1411 1658 1462; x_wconf 77' lang='lat' dir='ltr'><strong>mucra.</strong></span> <span class='ocrx_word' id='word_1_36' title='bbox 1677 1412 1842 1464; x_wconf 80' lang='lat' dir='ltr'><strong>naonvrr.</strong></span> <span class='ocrx_word' id='word_1_37' title='bbox 1861 1413 1912 1464; x_wconf 79' lang='lat' dir='ltr'><strong>ru.</strong></span> <span class='ocrx_word' id='word_1_38' title='bbox 1930 1411 2121 1466; x_wconf 77' lang='lat' dir='ltr'><strong>onnrrorus.</strong></span> <span class='ocrx_word' id='word_1_39' title='bbox 2139 1408 2250 1460; x_wconf 75' lang='lat' dir='ltr'><strong>saar.</strong></span> 
     </span>
     <span class='ocr_line' id='line_1_6' title="bbox 618 1528 2248 1590; baseline 0.004 -14"><span class='ocrx_word' id='word_1_40' title='bbox 618 1528 781 1580; x_wconf 79' lang='lat' dir='ltr'><strong>nssrnun.</strong></span> <span class='ocrx_word' id='word_1_41' title='bbox 799 1531 969 1588; x_wconf 82' lang='grc'><strong>0000000.</strong></span> <span class='ocrx_word' id='word_1_42' title='bbox 992 1533 1163 1590; x_wconf 79' lang='grc'><strong>0000000.</strong></span> <span class='ocrx_word' id='word_1_43' title='bbox 1191 1535 1352 1586; x_wconf 80' lang='lat' dir='ltr'><strong>correns.</strong></span> <span class='ocrx_word' id='word_1_44' title='bbox 1380 1534 1585 1586; x_wconf 79' lang='lat' dir='ltr'><strong>aroannrn.</strong></span> <span class='ocrx_word' id='word_1_45' title='bbox 1606 1535 1743 1586; x_wconf 79' lang='lat' dir='ltr'><strong>maran.</strong></span> <span class='ocrx_word' id='word_1_46' title='bbox 1777 1538 1989 1588; x_wconf 81' lang='lat' dir='ltr'><strong>nonnosum.</strong></span> <span class='ocrx_word' id='word_1_47' title='bbox 2022 1532 2248 1586; x_wconf 80' lang='lat' dir='ltr'><strong>vocasarun.</strong></span> 
     </span>
     <span class='ocr_line' id='line_1_7' title="bbox 620 1653 2250 1722; baseline 0.004 -21"><span class='ocrx_word' id='word_1_48' title='bbox 620 1653 804 1704; x_wconf 83' lang='lat' dir='ltr'><strong>nrconnus.</strong></span> <span class='ocrx_word' id='word_1_49' title='bbox 836 1655 1052 1710; x_wconf 80' lang='lat' dir='ltr'><strong>nnnzrwrm.</strong></span> <span class='ocrx_word' id='word_1_50' title='bbox 1083 1658 1246 1709; x_wconf 81' lang='grc'><strong>0000000.</strong></span> <span class='ocrx_word' id='word_1_51' title='bbox 1275 1659 1517 1722; x_wconf 75' lang='lat' dir='ltr'><strong>onnnrssruns.</strong></span> <span class='ocrx_word' id='word_1_52' title='bbox 1539 1659 1621 1710; x_wconf 79' lang='grc'><strong>000.</strong></span> <span class='ocrx_word' id='word_1_53' title='bbox 1649 1660 1777 1712; x_wconf 80' lang='lat' dir='ltr'><strong>ranas.</strong></span> <span class='ocrx_word' id='word_1_54' title='bbox 1809 1661 1866 1713; x_wconf 79' lang='lat' dir='ltr'><strong>ur.</strong></span> <span class='ocrx_word' id='word_1_55' title='bbox 1904 1662 1964 1712; x_wconf 81' lang='lat' dir='ltr'><strong>nx.</strong></span> <span class='ocrx_word' id='word_1_56' title='bbox 1998 1655 2250 1710; x_wconf 80' lang='lat' dir='ltr'><strong>rusrnunnro.</strong></span> 
     </span>
     <span class='ocr_line' id='line_1_8' title="bbox 619 1775 2249 1844; baseline 0.001 -18"><span class='ocrx_word' id='word_1_57' title='bbox 619 1775 837 1833; x_wconf 79' lang='grc'><strong>0000000000.</strong></span> <span class='ocrx_word' id='word_1_58' title='bbox 856 1780 939 1834; x_wconf 84' lang='lat' dir='ltr'><strong>cum.</strong></span> <span class='ocrx_word' id='word_1_59' title='bbox 956 1782 1174 1835; x_wconf 80' lang='lat' dir='ltr'><strong>nncusrnus.</strong></span> <span class='ocrx_word' id='word_1_60' title='bbox 1196 1783 1334 1836; x_wconf 81' lang='lat' dir='ltr'><strong>rosnrr.</strong></span> <span class='ocrx_word' id='word_1_61' title='bbox 1351 1785 1494 1836; x_wconf 75' lang='lat' dir='ltr'><strong>ancara.</strong></span> <span class='ocrx_word' id='word_1_62' title='bbox 1518 1782 1616 1835; x_wconf 77' lang='lat' dir='ltr'><strong>naus.</strong></span> <span class='ocrx_word' id='word_1_63' title='bbox 1638 1785 1821 1844; x_wconf 73' lang='grc'><strong>0000000.</strong></span> <span class='ocrx_word' id='word_1_64' title='bbox 1843 1785 1942 1836; x_wconf 79' lang='lat' dir='ltr'><strong>anos.</strong></span> <span class='ocrx_word' id='word_1_65' title='bbox 1963 1785 2065 1834; x_wconf 80' lang='lat' dir='ltr'><strong>noar.</strong></span> <span class='ocrx_word' id='word_1_66' title='bbox 2085 1781 2249 1834; x_wconf 82' lang='lat' dir='ltr'><strong>nonnum.</strong></span> 
     </span>
     <span class='ocr_line' id='line_1_9' title="bbox 627 1899 2256 1960; baseline 0.002 -11"><span class='ocrx_word' id='word_1_67' title='bbox 627 1899 802 1952; x_wconf 74' lang='lat' dir='ltr'><strong>nurnero.</strong></span> <span class='ocrx_word' id='word_1_68' title='bbox 823 1903 1005 1960; x_wconf 77' lang='grc'><strong>0000000.</strong></span> <span class='ocrx_word' id='word_1_69' title='bbox 1027 1907 1191 1958; x_wconf 78' lang='lat' dir='ltr'><strong>suranco.</strong></span> <span class='ocrx_word' id='word_1_70' title='bbox 1207 1908 1359 1960; x_wconf 72' lang='lat' dir='ltr'><strong>mrnrrs.</strong></span> <span class='ocrx_word' id='word_1_71' title='bbox 1386 1908 1477 1958; x_wconf 76' lang='lat' dir='ltr'><strong>snm.</strong></span> <span class='ocrx_word' id='word_1_72' title='bbox 1497 1907 1608 1958; x_wconf 76' lang='lat' dir='ltr'><strong>anuo.</strong></span> <span class='ocrx_word' id='word_1_73' title='bbox 1637 1909 1709 1959; x_wconf 79' lang='lat' dir='ltr'><strong>rm.</strong></span> <span class='ocrx_word' id='word_1_74' title='bbox 1739 1910 1789 1960; x_wconf 81' lang='lat' dir='ltr'><strong>ns.</strong></span> <span class='ocrx_word' id='word_1_75' title='bbox 1815 1909 1959 1960; x_wconf 84' lang='lat' dir='ltr'><strong>nourno.</strong></span> <span class='ocrx_word' id='word_1_76' title='bbox 1991 1904 2211 1958; x_wconf 84' lang='lat' dir='ltr'><strong>osnonmrvrr</strong></span> <span class='ocrx_word' id='word_1_77' title='bbox 2231 1905 2256 1952; x_wconf 79' lang='lat' dir='ltr'><strong>n</strong></span> 
     </span>
     <span class='ocr_line' id='line_1_10' title="bbox 452 1986 2250 2126; baseline -0.003 -50"><span class='ocrx_word' id='word_1_78' title='bbox 452 1986 549 2126; x_wconf 42' lang='grc' dir='ltr'><strong>ἓξὲξ*</strong></span> <span class='ocrx_word' id='word_1_79' title='bbox 625 2027 857 2079; x_wconf 79' lang='lat' dir='ltr'><strong>snnvnrrorsu.</strong></span> <span class='ocrx_word' id='word_1_80' title='bbox 886 2029 1026 2084; x_wconf 83' lang='lat' dir='ltr'><strong>norum.</strong></span> <span class='ocrx_word' id='word_1_81' title='bbox 1059 2031 1619 2084; x_wconf 80' lang='lat' dir='ltr'><strong>u.n.o.v.r.nmnss.rrovnunn1.</strong></span> <span class='ocrx_word' id='word_1_82' title='bbox 1646 2031 1720 2082; x_wconf 85' lang='lat' dir='ltr'><strong>nm.</strong></span> <span class='ocrx_word' id='word_1_83' title='bbox 1750 2029 1859 2081; x_wconf 76' lang='lat' dir='ltr'><strong>nona.</strong></span> <span class='ocrx_word' id='word_1_84' title='bbox 1881 2027 2053 2080; x_wconf 78' lang='lat' dir='ltr'><strong>nunrorrs.</strong></span> <span class='ocrx_word' id='word_1_85' title='bbox 2080 2021 2250 2082; x_wconf 79' lang='lat' dir='ltr'><strong>oumouu.</strong></span> 
     </span>
     <span class='ocr_line' id='line_1_11' title="bbox 456 2149 1197 2206; baseline 0.007 -5"><span class='ocrx_word' id='word_1_86' title='bbox 456 2149 527 2205; x_wconf 83' lang='lat' dir='ltr'><strong>roos.</strong></span> <span class='ocrx_word' id='word_1_87' title='bbox 624 2150 742 2202; x_wconf 84' lang='lat' dir='ltr'><strong>rmus.</strong></span> <span class='ocrx_word' id='word_1_88' title='bbox 765 2150 822 2202; x_wconf 82' lang='lat' dir='ltr'><strong>nr.</strong></span> <span class='ocrx_word' id='word_1_89' title='bbox 851 2151 993 2206; x_wconf 77' lang='lat' dir='ltr'><strong>ramus.</strong></span> <span class='ocrx_word' id='word_1_90' title='bbox 1023 2155 1197 2206; x_wconf 74' lang='lat' dir='ltr'><strong>ammaus..</strong></span> 
     </span>
     <span class='ocr_line' id='line_1_12' title="bbox 456 2231 2250 2364; baseline -0.003 -38"><span class='ocrx_word' id='word_1_91' title='bbox 456 2231 601 2364; x_wconf 43' lang='lat' dir='ltr'><strong>coffigm,</strong></span> <span class='ocrx_word' id='word_1_92' title='bbox 675 2252 778 2326; x_wconf 89' lang='lat' dir='ltr'><strong>Seria</strong></span> <span class='ocrx_word' id='word_1_93' title='bbox 796 2254 873 2326; x_wconf 88' lang='lat' dir='ltr'><strong>haec</strong></span> <span class='ocrx_word' id='word_1_94' title='bbox 886 2263 922 2330; x_wconf 90' lang='lat' dir='ltr'><strong>et</strong></span> <span class='ocrx_word' id='word_1_95' title='bbox 939 2257 1065 2350; x_wconf 84' lang='lat' dir='ltr'><strong>gravia</strong></span> <span class='ocrx_word' id='word_1_96' title='bbox 1081 2255 1218 2330; x_wconf 91' lang='lat' dir='ltr'><strong>levibus</strong></span> <span class='ocrx_word' id='word_1_97' title='bbox 1235 2257 1352 2353; x_wconf 87' lang='lat' dir='ltr'><strong>placet</strong></span> <span class='ocrx_word' id='word_1_98' title='bbox 1363 2257 1570 2353; x_wconf 85' lang='lat' dir='ltr'><strong>lepidisque,</strong></span> <span class='ocrx_word' id='word_1_99' title='bbox 1591 2251 1763 2328; x_wconf 81' lang='lat' dir='ltr'><strong>satietatis</strong></span> <span class='ocrx_word' id='word_1_100' title='bbox 1781 2249 1934 2324; x_wconf 87' lang='lat' dir='ltr'><strong>vitandae</strong></span> <span class='ocrx_word' id='word_1_101' title='bbox 1953 2271 2074 2334; x_wconf 90' lang='lat' dir='ltr'><strong>causa,</strong></span> <span class='ocrx_word' id='word_1_102' title='bbox 2087 2249 2250 2334; x_wconf 84' lang='lat' dir='ltr'><strong>variare;</strong></span> 
     </span>
     <span class='ocr_line' id='line_1_13' title="bbox 453 2372 2250 2476; baseline 0.001 -36"><span class='ocrx_word' id='word_1_103' title='bbox 453 2387 584 2442; x_wconf 70' lang='lat' dir='ltr'><strong>corrueti-</strong></span> <span class='ocrx_word' id='word_1_104' title='bbox 626 2376 718 2448; x_wconf 92' lang='lat' dir='ltr'><strong>unde</strong></span> <span class='ocrx_word' id='word_1_105' title='bbox 732 2377 871 2450; x_wconf 89' lang='lat' dir='ltr'><strong>interim</strong></span> <span class='ocrx_word' id='word_1_106' title='bbox 889 2380 1083 2475; x_wconf 85' lang='lat' dir='ltr'><strong>intelligas,</strong></span> <span class='ocrx_word' id='word_1_107' title='bbox 1104 2405 1208 2476; x_wconf 91' lang='lat' dir='ltr'><strong>quarn</strong></span> <span class='ocrx_word' id='word_1_108' title='bbox 1231 2381 1364 2454; x_wconf 84' lang='lat' dir='ltr'><strong>utiliter</strong></span> <span class='ocrx_word' id='word_1_109' title='bbox 1377 2381 1413 2451; x_wconf 94' lang='lat' dir='ltr'><strong>in</strong></span> <span class='ocrx_word' id='word_1_110' title='bbox 1432 2377 1633 2452; x_wconf 80' lang='lat' dir='ltr'><strong>excolendis</strong></span> <span class='ocrx_word' id='word_1_111' title='bbox 1657 2375 1836 2450; x_wconf 90' lang='lat' dir='ltr'><strong>rusticulis</strong></span> <span class='ocrx_word' id='word_1_112' title='bbox 1863 2397 1971 2470; x_wconf 91' lang='lat' dir='ltr'><strong>opera</strong></span> <span class='ocrx_word' id='word_1_113' title='bbox 1983 2372 2161 2446; x_wconf 89' lang='lat' dir='ltr'><strong>interdum</strong></span> <span class='ocrx_word' id='word_1_114' title='bbox 2179 2372 2250 2444; x_wconf 93' lang='lat' dir='ltr'><strong>col·</strong></span> 
     </span>
     <span class='ocr_line' id='line_1_14' title="bbox 455 2464 2250 2599; baseline -0.001 -29"><span class='ocrx_word' id='word_1_115' title='bbox 455 2464 537 2520; x_wconf 52' lang='grc' dir='ltr'><strong>πω·</strong></span> <span class='ocrx_word' id='word_1_116' title='bbox 625 2498 770 2573; x_wconf 88' lang='lat' dir='ltr'><strong>locetur.</strong></span> <span class='ocrx_word' id='word_1_117' title='bbox 785 2502 1011 2597; x_wconf 87' lang='lat' dir='ltr'><strong>Paganorum</strong></span> <span class='ocrx_word' id='word_1_118' title='bbox 1024 2504 1164 2599; x_wconf 70' lang='lat' dir='ltr'><strong>aliquis</strong></span> <span class='ocrx_word' id='word_1_119' title='bbox 1178 2529 1198 2579; x_wconf 93' lang='lat' dir='ltr'><strong>e</strong></span> <span class='ocrx_word' id='word_1_120' title='bbox 1211 2504 1352 2578; x_wconf 90' lang='lat' dir='ltr'><strong>rusculo</strong></span> <span class='ocrx_word' id='word_1_121' title='bbox 1367 2503 1547 2577; x_wconf 89' lang='lat' dir='ltr'><strong>Vilnensis</strong></span> <span class='ocrx_word' id='word_1_122' title='bbox 1563 2502 1710 2596; x_wconf 86' lang='lat' dir='ltr'><strong>Oollegii</strong></span> <span class='ocrx_word' id='word_1_123' title='bbox 1723 2502 1760 2572; x_wconf 95' lang='lat' dir='ltr'><strong>in</strong></span> <span class='ocrx_word' id='word_1_124' title='bbox 1774 2499 1940 2594; x_wconf 91' lang='lat' dir='ltr'><strong>oppidum</strong></span> <span class='ocrx_word' id='word_1_125' title='bbox 1954 2497 2099 2570; x_wconf 87' lang='lat' dir='ltr'><strong>Bolniki</strong></span> <span class='ocrx_word' id='word_1_126' title='bbox 2112 2497 2250 2591; x_wconf 88' lang='lat' dir='ltr'><strong>regium</strong></span> 
     </span>
     <span class='ocr_line' id='line_1_15' title="bbox 626 2621 2252 2723; baseline -0.004 -27"><span class='ocrx_word' id='word_1_127' title='bbox 626 2624 811 2698; x_wconf 87' lang='lat' dir='ltr'><strong>Paschatis</strong></span> <span class='ocrx_word' id='word_1_128' title='bbox 827 2627 884 2703; x_wconf 89' lang='lat' dir='ltr'><strong>die</strong></span> <span class='ocrx_word' id='word_1_129' title='bbox 910 2626 956 2700; x_wconf 90' lang='lat' dir='ltr'><strong>ad</strong></span> <span class='ocrx_word' id='word_1_130' title='bbox 974 2628 1142 2723; x_wconf 90' lang='lat' dir='ltr'><strong>templum</strong></span> <span class='ocrx_word' id='word_1_131' title='bbox 1159 2653 1198 2702; x_wconf 88' lang='lat' dir='ltr'><strong>se</strong></span> <span class='ocrx_word' id='word_1_132' title='bbox 1225 2653 1302 2702; x_wconf 91' lang='lat' dir='ltr'><strong>curn</strong></span> <span class='ocrx_word' id='word_1_133' title='bbox 1322 2629 1444 2700; x_wconf 85' lang='lat' dir='ltr'><strong>vicinis</strong></span> <span class='ocrx_word' id='word_1_134' title='bbox 1461 2627 1669 2700; x_wconf 84' lang='lat' dir='ltr'><strong>contulerat.</strong></span> <span class='ocrx_word' id='word_1_135' title='bbox 1692 2625 1878 2699; x_wconf 88' lang='lat' dir='ltr'><strong>Neminem</strong></span> <span class='ocrx_word' id='word_1_136' title='bbox 1896 2624 1954 2696; x_wconf 90' lang='lat' dir='ltr'><strong>hic</strong></span> <span class='ocrx_word' id='word_1_137' title='bbox 1982 2623 2175 2718; x_wconf 88' lang='lat' dir='ltr'><strong>reperiunt,</strong></span> <span class='ocrx_word' id='word_1_138' title='bbox 2193 2621 2252 2716; x_wconf 92' lang='lat' dir='ltr'><strong>qui</strong></span> 
     </span>
     <span class='ocr_line' id='line_1_16' title="bbox 625 2745 2252 2850; baseline -0.004 -29"><span class='ocrx_word' id='word_1_139' title='bbox 625 2750 820 2825; x_wconf 91' lang='lat' dir='ltr'><strong>sacerdotis</strong></span> <span class='ocrx_word' id='word_1_140' title='bbox 838 2759 985 2850; x_wconf 85' lang='lat' dir='ltr'><strong>praestet</strong></span> <span class='ocrx_word' id='word_1_141' title='bbox 1016 2751 1180 2825; x_wconf 89' lang='lat' dir='ltr'><strong>officium.</strong></span> <span class='ocrx_word' id='word_1_142' title='bbox 1202 2753 1320 2836; x_wconf 89' lang='lat' dir='ltr'><strong>Dolet,</strong></span> <span class='ocrx_word' id='word_1_143' title='bbox 1336 2753 1539 2825; x_wconf 81' lang='lat' dir='ltr'><strong>frustratam</strong></span> <span class='ocrx_word' id='word_1_144' title='bbox 1566 2774 1604 2824; x_wconf 91' lang='lat' dir='ltr'><strong>se</strong></span> <span class='ocrx_word' id='word_1_145' title='bbox 1629 2773 1728 2846; x_wconf 90' lang='lat' dir='ltr'><strong>spem</strong></span> <span class='ocrx_word' id='word_1_146' title='bbox 1744 2772 1857 2834; x_wconf 92' lang='lat' dir='ltr'><strong>suam,</strong></span> <span class='ocrx_word' id='word_1_147' title='bbox 1875 2749 2021 2844; x_wconf 90' lang='lat' dir='ltr'><strong>cupidus</strong></span> <span class='ocrx_word' id='word_1_148' title='bbox 2034 2747 2093 2820; x_wconf 91' lang='lat' dir='ltr'><strong>rei</strong></span> <span class='ocrx_word' id='word_1_149' title='bbox 2120 2745 2252 2819; x_wconf 87' lang='lat' dir='ltr'><strong>divinae</strong></span> 
     </span>
     <span class='ocr_line' id='line_1_17' title="bbox 625 2871 2252 2972; baseline -0.004 -26"><span class='ocrx_word' id='word_1_150' title='bbox 625 2873 786 2970; x_wconf 87' lang='lat' dir='ltr'><strong>popellus</strong></span> <span class='ocrx_word' id='word_1_151' title='bbox 807 2883 842 2950; x_wconf 88' lang='lat' dir='ltr'><strong>et</strong></span> <span class='ocrx_word' id='word_1_152' title='bbox 858 2877 1017 2972; x_wconf 91' lang='lat' dir='ltr'><strong>queritur</strong></span> <span class='ocrx_word' id='word_1_153' title='bbox 1037 2901 1044 2948; x_wconf 92' lang='lat'>:</span> <span class='ocrx_word' id='word_1_154' title='bbox 1061 2879 1217 2971; x_wconf 81' lang='lat' dir='ltr'><strong>rogitant</strong></span> <span class='ocrx_word' id='word_1_155' title='bbox 1233 2877 1328 2950; x_wconf 90' lang='lat' dir='ltr'><strong>inter</strong></span> <span class='ocrx_word' id='word_1_156' title='bbox 1341 2900 1391 2961; x_wconf 90' lang='lat' dir='ltr'><strong>se,</strong></span> <span class='ocrx_word' id='word_1_157' title='bbox 1409 2874 1644 2970; x_wconf 86' lang='lat' dir='ltr'><strong>Evangelium</strong></span> <span class='ocrx_word' id='word_1_158' title='bbox 1659 2875 1726 2947; x_wconf 91' lang='lat' dir='ltr'><strong>sibi</strong></span> <span class='ocrx_word' id='word_1_159' title='bbox 1743 2875 1864 2969; x_wconf 88' lang='lat' dir='ltr'><strong>utique</strong></span> <span class='ocrx_word' id='word_1_160' title='bbox 1875 2871 2000 2967; x_wconf 87' lang='lat' dir='ltr'><strong>aliquis</strong></span> <span class='ocrx_word' id='word_1_161' title='bbox 2017 2872 2126 2966; x_wconf 83' lang='lat' dir='ltr'><strong>legat.</strong></span> <span class='ocrx_word' id='word_1_162' title='bbox 2149 2871 2252 2942; x_wconf 90' lang='lat' dir='ltr'><strong>Unus</strong></span> 
     </span>
     <span class='ocr_line' id='line_1_18' title="bbox 625 2995 2251 3097; baseline -0.003 -27"><span class='ocrx_word' id='word_1_163' title='bbox 625 2999 656 3070; x_wconf 89' lang='lat' dir='ltr'><strong>is</strong></span> <span class='ocrx_word' id='word_1_164' title='bbox 682 2999 845 3076; x_wconf 86' lang='lat' dir='ltr'><strong>inventus</strong></span> <span class='ocrx_word' id='word_1_165' title='bbox 876 3007 943 3086; x_wconf 89' lang='lat' dir='ltr'><strong>est,</strong></span> <span class='ocrx_word' id='word_1_166' title='bbox 965 3001 1024 3095; x_wconf 92' lang='lat' dir='ltr'><strong>qni</strong></span> <span class='ocrx_word' id='word_1_167' title='bbox 1051 3008 1229 3096; x_wconf 91' lang='lat' dir='ltr'><strong>utcunque</strong></span> <span class='ocrx_word' id='word_1_168' title='bbox 1255 3001 1410 3097; x_wconf 89' lang='lat' dir='ltr'><strong>syllabas</strong></span> <span class='ocrx_word' id='word_1_169' title='bbox 1437 3000 1544 3072; x_wconf 88' lang='lat' dir='ltr'><strong>sciret</strong></span> <span class='ocrx_word' id='word_1_170' title='bbox 1568 3020 1790 3095; x_wconf 91' lang='lat' dir='ltr'><strong>componere.</strong></span> <span class='ocrx_word' id='word_1_171' title='bbox 1820 2998 1891 3070; x_wconf 86' lang='lat' dir='ltr'><strong>Sed</strong></span> <span class='ocrx_word' id='word_1_172' title='bbox 1917 2997 2010 3071; x_wconf 92' lang='lat' dir='ltr'><strong>idem</strong></span> <span class='ocrx_word' id='word_1_173' title='bbox 2036 2995 2251 3093; x_wconf 68' lang='lat' dir='ltr'><strong>plusquam</strong></span> 
     </span>
     <span class='ocr_line' id='line_1_19' title="bbox 626 3097 2249 3218; baseline -0.004 -24"><span class='ocrx_word' id='word_1_174' title='bbox 626 3129 865 3218; x_wconf 80' lang='lat' dir='ltr'><strong>expectarent,</strong></span> <span class='ocrx_word' id='word_1_175' title='bbox 886 3133 1047 3209; x_wconf 88' lang='lat' dir='ltr'><strong>conatur,</strong></span> <span class='ocrx_word' id='word_1_176' title='bbox 1067 3125 1173 3198; x_wconf 93' lang='lat' dir='ltr'><strong>homo</strong></span> <span class='ocrx_word' id='word_1_177' title='bbox 1188 3097 1322 3197; x_wconf 86' lang='lat' dir='ltr'><strong>scilicet</strong></span> <span class='ocrx_word' id='word_1_178' title='bbox 1343 3122 1622 3218; x_wconf 88' lang='lat' dir='ltr'><strong>simplicissimus</strong></span> <span class='ocrx_word' id='word_1_179' title='bbox 1639 3147 1647 3194; x_wconf 76' lang='grc' dir='ltr'>ε</span> <span class='ocrx_word' id='word_1_180' title='bbox 1664 3121 1822 3194; x_wconf 88' lang='lat' dir='ltr'><strong>ascendit</strong></span> <span class='ocrx_word' id='word_1_181' title='bbox 1839 3121 1900 3193; x_wconf 92' lang='lat' dir='ltr'><strong>ille</strong></span> <span class='ocrx_word' id='word_1_182' title='bbox 1917 3120 2142 3204; x_wconf 68' lang='lat' dir='ltr'><strong>cathedram</strong></span> <span class='ocrx_word' id='word_1_183' title='bbox 2159 3127 2249 3202; x_wconf 90' lang='lat' dir='ltr'><strong>tum,</strong></span> 
     </span>
     <span class='ocr_line' id='line_1_20' title="bbox 625 3243 2250 3345; baseline -0.004 -26"><span class='ocrx_word' id='word_1_184' title='bbox 625 3246 716 3321; x_wconf 86' lang='grc'><strong>10010</strong></span> <span class='ocrx_word' id='word_1_185' title='bbox 729 3248 940 3343; x_wconf 83' lang='lat' dir='ltr'><strong>Evangelio,</strong></span> <span class='ocrx_word' id='word_1_186' title='bbox 960 3249 1133 3322; x_wconf 86' lang='lat' dir='ltr'><strong>veniama</strong></span> <span class='ocrx_word' id='word_1_187' title='bbox 1150 3249 1294 3345; x_wconf 90' lang='lat' dir='ltr'><strong>populo,</strong></span> <span class='ocrx_word' id='word_1_188' title='bbox 1313 3249 1393 3320; x_wconf 91' lang='lat' dir='ltr'><strong>rudi</strong></span> <span class='ocrx_word' id='word_1_189' title='bbox 1412 3247 1549 3343; x_wconf 90' lang='lat' dir='ltr'><strong>quidem</strong></span> <span class='ocrx_word' id='word_1_190' title='bbox 1568 3255 1604 3319; x_wconf 92' lang='lat' dir='ltr'><strong>at</strong></span> <span class='ocrx_word' id='word_1_191' title='bbox 1620 3245 1794 3341; x_wconf 88' lang='lat' dir='ltr'><strong>frequenti</strong></span> <span class='ocrx_word' id='word_1_192' title='bbox 1810 3245 1885 3333; x_wconf 91' lang='lat' dir='ltr'><strong>illo,</strong></span> <span class='ocrx_word' id='word_1_193' title='bbox 1906 3269 1929 3319; x_wconf 89' lang='lat' dir='ltr'><strong>a</strong></span> <span class='ocrx_word' id='word_1_194' title='bbox 1955 3269 2023 3341; x_wconf 93' lang='lat' dir='ltr'><strong>qno</strong></span> <span class='ocrx_word' id='word_1_195' title='bbox 2041 3243 2144 3317; x_wconf 87' lang='lat' dir='ltr'><strong>facile</strong></span> <span class='ocrx_word' id='word_1_196' title='bbox 2156 3267 2250 3338; x_wconf 40' lang='lat' dir='ltr'><strong>,con-</strong></span> 
     </span>
     <span class='ocr_line' id='line_1_21' title="bbox 624 3366 2251 3470; baseline -0.003 -27"><span class='ocrx_word' id='word_1_197' title='bbox 624 3372 734 3444; x_wconf 88' lang='lat' dir='ltr'><strong>temni</strong></span> <span class='ocrx_word' id='word_1_198' title='bbox 758 3380 892 3470; x_wconf 88' lang='lat' dir='ltr'><strong>posset,</strong></span> <span class='ocrx_word' id='word_1_199' title='bbox 909 3379 945 3444; x_wconf 91' lang='lat' dir='ltr'><strong>et</strong></span> <span class='ocrx_word' id='word_1_200' title='bbox 965 3372 1247 3446; x_wconf 85' lang='lat' dir='ltr'><strong>benevolentiam</strong></span> <span class='ocrx_word' id='word_1_201' title='bbox 1271 3381 1436 3468; x_wconf 84' lang='lat' dir='ltr'><strong>precatus</strong></span> <span class='ocrx_word' id='word_1_202' title='bbox 1463 3397 1507 3444; x_wconf 66' lang='lat' dir='ltr'><strong>:a</strong></span> <span class='ocrx_word' id='word_1_203' title='bbox 1529 3372 1610 3458; x_wconf 88' lang='lat' dir='ltr'><strong>viri,</strong></span> <span class='ocrx_word' id='word_1_204' title='bbox 1631 3373 1756 3466; x_wconf 90' lang='lat' dir='ltr'><strong>inquit,</strong></span> <span class='ocrx_word' id='word_1_205' title='bbox 1777 3371 1919 3453; x_wconf 86' lang='lat' dir='ltr'><strong>fratres,</strong></span> <span class='ocrx_word' id='word_1_206' title='bbox 1941 3369 2082 3465; x_wconf 89' lang='lat' dir='ltr'><strong>quando</strong></span> <span class='ocrx_word' id='word_1_207' title='bbox 2109 3366 2251 3462; x_wconf 92' lang='lat' dir='ltr'><strong>quidem</strong></span> 
     </span>
     <span class='ocr_line' id='line_1_22' title="bbox 629 3492 2252 3592; baseline -0.002 -25"><span class='ocrx_word' id='word_1_208' title='bbox 629 3525 646 3556; x_wconf 73' lang='grc' dir='ltr'>κ</span> <span class='ocrx_word' id='word_1_209' title='bbox 666 3518 768 3572; x_wconf 91' lang='lat' dir='ltr'><strong>nemo</strong></span> <span class='ocrx_word' id='word_1_210' title='bbox 795 3503 861 3582; x_wconf 90' lang='lat' dir='ltr'><strong>est,</strong></span> <span class='ocrx_word' id='word_1_211' title='bbox 882 3496 942 3592; x_wconf 92' lang='lat' dir='ltr'><strong>qui</strong></span> <span class='ocrx_word' id='word_1_212' title='bbox 959 3498 1026 3570; x_wconf 93' lang='lat' dir='ltr'><strong>boc</strong></span> <span class='ocrx_word' id='word_1_213' title='bbox 1044 3497 1114 3583; x_wconf 91' lang='lat' dir='ltr'><strong>die,</strong></span> <span class='ocrx_word' id='word_1_214' title='bbox 1136 3497 1292 3569; x_wconf 90' lang='lat' dir='ltr'><strong>omnium</strong></span> <span class='ocrx_word' id='word_1_215' title='bbox 1318 3496 1412 3592; x_wconf 89' lang='lat' dir='ltr'><strong>apud</strong></span> <span class='ocrx_word' id='word_1_216' title='bbox 1429 3496 1642 3568; x_wconf 88' lang='lat' dir='ltr'><strong>christianos</strong></span> <span class='ocrx_word' id='word_1_217' title='bbox 1667 3494 1947 3589; x_wconf 80' lang='lat' dir='ltr'><strong>religiosissime,</strong></span> <span class='ocrx_word' id='word_1_218' title='bbox 1970 3492 2096 3568; x_wconf 89' lang='lat' dir='ltr'><strong>doceat</strong></span> <span class='ocrx_word' id='word_1_219' title='bbox 2116 3513 2194 3578; x_wconf 88' lang='lat' dir='ltr'><strong>nos,</strong></span> <span class='ocrx_word' id='word_1_220' title='bbox 2216 3499 2252 3564; x_wconf 91' lang='lat' dir='ltr'><strong>et</strong></span> 
     </span>
     <span class='ocr_line' id='line_1_23' title="bbox 629 3615 2249 3721; baseline -0.002 -29"><span class='ocrx_word' id='word_1_221' title='bbox 629 3647 646 3680; x_wconf 68' lang='grc' dir='ltr'><em>α</em></span> <span class='ocrx_word' id='word_1_222' title='bbox 667 3621 712 3692; x_wconf 87' lang='lat' dir='ltr'><strong>ad</strong></span> <span class='ocrx_word' id='word_1_223' title='bbox 729 3619 913 3694; x_wconf 91' lang='lat' dir='ltr'><strong>colendum</strong></span> <span class='ocrx_word' id='word_1_224' title='bbox 939 3643 1068 3694; x_wconf 92' lang='lat' dir='ltr'><strong>numen</strong></span> <span class='ocrx_word' id='word_1_225' title='bbox 1085 3618 1241 3693; x_wconf 86' lang='lat' dir='ltr'><strong>divinum</strong></span> <span class='ocrx_word' id='word_1_226' title='bbox 1260 3622 1400 3706; x_wconf 85' lang='lat' dir='ltr'><strong>excitet,</strong></span> <span class='ocrx_word' id='word_1_227' title='bbox 1421 3643 1465 3693; x_wconf 90' lang='lat' dir='ltr'><strong>ea</strong></span> <span class='ocrx_word' id='word_1_228' title='bbox 1490 3619 1628 3720; x_wconf 88' lang='lat' dir='ltr'><strong>saltem,</strong></span> <span class='ocrx_word' id='word_1_229' title='bbox 1646 3619 1744 3721; x_wconf 82' lang='lat' dir='ltr'><strong>verbi</strong></span> <span class='ocrx_word' id='word_1_230' title='bbox 1761 3619 1870 3691; x_wconf 87' lang='lat' dir='ltr'><strong>divini</strong></span> <span class='ocrx_word' id='word_1_231' title='bbox 1896 3619 2066 3704; x_wconf 89' lang='lat' dir='ltr'><strong>sitientes,</strong></span> <span class='ocrx_word' id='word_1_232' title='bbox 2088 3615 2249 3711; x_wconf 88' lang='lat' dir='ltr'><strong>accipite,</strong></span> 
     </span>
     <span class='ocr_line' id='line_1_24' title="bbox 629 3743 2252 3845; baseline -0.004 -25"><span class='ocrx_word' id='word_1_233' title='bbox 629 3772 645 3805; x_wconf 68' lang='lat'><strong>⁸</strong></span> <span class='ocrx_word' id='word_1_234' title='bbox 667 3769 746 3845; x_wconf 83' lang='lat' dir='ltr'><strong>quse</strong></span> <span class='ocrx_word' id='word_1_235' title='bbox 764 3745 808 3817; x_wconf 92' lang='lat' dir='ltr'><strong>de</strong></span> <span class='ocrx_word' id='word_1_236' title='bbox 833 3747 1000 3842; x_wconf 86' lang='lat' dir='ltr'><strong>mysterio</strong></span> <span class='ocrx_word' id='word_1_237' title='bbox 1026 3746 1312 3821; x_wconf 89' lang='lat' dir='ltr'><strong>Resurrectionis</strong></span> <span class='ocrx_word' id='word_1_238' title='bbox 1330 3745 1539 3827; x_wconf 88' lang='lat' dir='ltr'><strong>Dominicae,</strong></span> <span class='ocrx_word' id='word_1_239' title='bbox 1555 3769 1596 3818; x_wconf 89' lang='lat' dir='ltr'><strong>ac</strong></span> <span class='ocrx_word' id='word_1_240' title='bbox 1626 3746 1669 3817; x_wconf 90' lang='lat' dir='ltr'><strong>de</strong></span> <span class='ocrx_word' id='word_1_241' title='bbox 1697 3745 1817 3817; x_wconf 84' lang='lat' dir='ltr'><strong>futura</strong></span> <span class='ocrx_word' id='word_1_242' title='bbox 1845 3767 2031 3838; x_wconf 91' lang='lat' dir='ltr'><strong>corporum</strong></span> <span class='ocrx_word' id='word_1_243' title='bbox 2060 3743 2252 3837; x_wconf 90' lang='lat' dir='ltr'><strong>aliqnando</strong></span> 
     </span>
     <span class='ocr_line' id='line_1_25' title="bbox 630 3867 2253 3965; baseline -0.002 -23"><span class='ocrx_word' id='word_1_244' title='bbox 630 3900 646 3931; x_wconf 69' lang='lat' dir='ltr'><strong>a</strong></span> <span class='ocrx_word' id='word_1_245' title='bbox 668 3875 868 3944; x_wconf 90' lang='lat' dir='ltr'><strong>nostrorum</strong></span> <span class='ocrx_word' id='word_1_246' title='bbox 886 3893 905 3944; x_wconf 91' lang='lat' dir='ltr'><strong>e</strong></span> <span class='ocrx_word' id='word_1_247' title='bbox 921 3871 995 3943; x_wconf 90' lang='lat' dir='ltr'><strong>suis</strong></span> <span class='ocrx_word' id='word_1_248' title='bbox 1008 3872 1185 3944; x_wconf 89' lang='lat' dir='ltr'><strong>cineribus</strong></span> <span class='ocrx_word' id='word_1_249' title='bbox 1200 3870 1428 3944; x_wconf 88' lang='lat' dir='ltr'><strong>suscitatione</strong></span> <span class='ocrx_word' id='word_1_250' title='bbox 1443 3893 1465 3943; x_wconf 89' lang='lat' dir='ltr'><strong>a</strong></span> <span class='ocrx_word' id='word_1_251' title='bbox 1481 3869 1758 3965; x_wconf 74' lang='lat' dir='ltr'><strong>praeceptoribus</strong></span> <span class='ocrx_word' id='word_1_252' title='bbox 1779 3869 1868 3942; x_wconf 90' lang='lat' dir='ltr'><strong>meis</strong></span> <span class='ocrx_word' id='word_1_253' title='bbox 1881 3870 2023 3964; x_wconf 91' lang='lat' dir='ltr'><strong>jesuitis</strong></span> <span class='ocrx_word' id='word_1_254' title='bbox 2041 3891 2083 3941; x_wconf 90' lang='lat' dir='ltr'><strong>ac</strong></span> <span class='ocrx_word' id='word_1_255' title='bbox 2100 3867 2253 3940; x_wconf 89' lang='lat' dir='ltr'><strong>dominis</strong></span> 
     </span>
     <span class='ocr_line' id='line_1_26' title="bbox 629 3993 2253 4090; baseline -0.002 -24"><span class='ocrx_word' id='word_1_256' title='bbox 629 4023 644 4054; x_wconf 66' lang='lat' dir='ltr'><strong><em>a</em></strong></span> <span class='ocrx_word' id='word_1_257' title='bbox 666 3993 858 4067; x_wconf 91' lang='lat' dir='ltr'><strong>didicerim.</strong></span> <span class='ocrx_word' id='word_1_258' title='bbox 883 4031 899 4062; x_wconf 70' lang='lat' dir='ltr'>n</span> <span class='ocrx_word' id='word_1_259' title='bbox 917 3994 1004 4068; x_wconf 93' lang='lat' dir='ltr'><strong>lnde</strong></span> <span class='ocrx_word' id='word_1_260' title='bbox 1021 4018 1136 4082; x_wconf 88' lang='lat' dir='ltr'><strong>orsus,</strong></span> <span class='ocrx_word' id='word_1_261' title='bbox 1156 4002 1281 4077; x_wconf 85' lang='lat' dir='ltr'><strong>totum,</strong></span> <span class='ocrx_word' id='word_1_262' title='bbox 1302 3994 1396 4090; x_wconf 91' lang='lat' dir='ltr'><strong>quod</strong></span> <span class='ocrx_word' id='word_1_263' title='bbox 1417 3994 1460 4067; x_wconf 95' lang='lat' dir='ltr'><strong>de</strong></span> <span class='ocrx_word' id='word_1_264' title='bbox 1479 4017 1518 4066; x_wconf 89' lang='lat' dir='ltr'><strong>re</strong></span> <span class='ocrx_word' id='word_1_265' title='bbox 1535 3995 1715 4089; x_wconf 87' lang='lat' dir='ltr'><strong>proposita</strong></span> <span class='ocrx_word' id='word_1_266' title='bbox 1731 4002 1868 4067; x_wconf 91' lang='lat' dir='ltr'><strong>teneret</strong></span> <span class='ocrx_word' id='word_1_267' title='bbox 1889 3994 2071 4078; x_wconf 88' lang='lat' dir='ltr'><strong>memoria,</strong></span> <span class='ocrx_word' id='word_1_268' title='bbox 2094 3993 2253 4088; x_wconf 85' lang='lat' dir='ltr'><strong>graviter</strong></span> 
     </span>
     <span class='ocr_line' id='line_1_27' title="bbox 626 4115 2253 4214; baseline -0.002 -24"><span class='ocrx_word' id='word_1_269' title='bbox 626 4117 859 4212; x_wconf 87' lang='lat' dir='ltr'><strong>distincteque</strong></span> <span class='ocrx_word' id='word_1_270' title='bbox 877 4117 1060 4214; x_wconf 88' lang='lat' dir='ltr'><strong>percurrit.</strong></span> <span class='ocrx_word' id='word_1_271' title='bbox 1083 4120 1256 4191; x_wconf 87' lang='lat' dir='ltr'><strong>Laudavit</strong></span> <span class='ocrx_word' id='word_1_272' title='bbox 1274 4120 1562 4191; x_wconf 87' lang='lat' dir='ltr'><strong>concionatorem</strong></span> <span class='ocrx_word' id='word_1_273' title='bbox 1576 4141 1678 4190; x_wconf 89' lang='lat' dir='ltr'><strong>suum</strong></span> <span class='ocrx_word' id='word_1_274' title='bbox 1695 4117 1893 4214; x_wconf 87' lang='lat' dir='ltr'><strong>plebecula,</strong></span> <span class='ocrx_word' id='word_1_275' title='bbox 1912 4140 2062 4212; x_wconf 89' lang='lat' dir='ltr'><strong>eumque</strong></span> <span class='ocrx_word' id='word_1_276' title='bbox 2082 4115 2253 4210; x_wconf 89' lang='lat' dir='ltr'><strong>deinceps</strong></span> 
     </span>
     <span class='ocr_line' id='line_1_28' title="bbox 626 4240 2255 4339; baseline -0.004 -23"><span class='ocrx_word' id='word_1_277' title='bbox 626 4243 759 4316; x_wconf 91' lang='lat' dir='ltr'><strong>homini</strong></span> <span class='ocrx_word' id='word_1_278' title='bbox 776 4253 880 4339; x_wconf 82' lang='lat' dir='ltr'><strong>grata</strong></span> <span class='ocrx_word' id='word_1_279' title='bbox 896 4244 1066 4317; x_wconf 90' lang='lat' dir='ltr'><strong>honorem</strong></span> <span class='ocrx_word' id='word_1_280' title='bbox 1080 4244 1217 4331; x_wconf 84' lang='lat' dir='ltr'><strong>habuit,</strong></span> <span class='ocrx_word' id='word_1_281' title='bbox 1233 4251 1272 4315; x_wconf 92' lang='lat' dir='ltr'><strong>ut</strong></span> <span class='ocrx_word' id='word_1_282' title='bbox 1285 4243 1409 4317; x_wconf 90' lang='lat' dir='ltr'><strong>diebus</strong></span> <span class='ocrx_word' id='word_1_283' title='bbox 1427 4243 1578 4316; x_wconf 83' lang='lat' dir='ltr'><strong>maxime</strong></span> <span class='ocrx_word' id='word_1_284' title='bbox 1594 4240 1706 4326; x_wconf 82' lang='lat' dir='ltr'><strong>festia,</strong></span> <span class='ocrx_word' id='word_1_285' title='bbox 1726 4243 1773 4314; x_wconf 91' lang='lat' dir='ltr'><strong>ad</strong></span> <span class='ocrx_word' id='word_1_286' title='bbox 1791 4265 1842 4328; x_wconf 89' lang='lat' dir='ltr'><strong>se,</strong></span> <span class='ocrx_word' id='word_1_287' title='bbox 1863 4241 2065 4315; x_wconf 87' lang='lat' dir='ltr'><strong>christianae</strong></span> <span class='ocrx_word' id='word_1_288' title='bbox 2080 4240 2255 4314; x_wconf 86' lang='lat' dir='ltr'><strong>doctrinae</strong></span> 
     </span>
     <span class='ocr_line' id='line_1_29' title="bbox 627 4367 1204 4463; baseline 0.003 -24"><span class='ocrx_word' id='word_1_289' title='bbox 627 4367 766 4463; x_wconf 90' lang='lat' dir='ltr'><strong>cupida,</strong></span> <span class='ocrx_word' id='word_1_290' title='bbox 783 4369 885 4441; x_wconf 90' lang='lat' dir='ltr'><strong>donis</strong></span> <span class='ocrx_word' id='word_1_291' title='bbox 903 4369 1009 4441; x_wconf 89' lang='lat' dir='ltr'><strong>etiam</strong></span> <span class='ocrx_word' id='word_1_292' title='bbox 1025 4368 1204 4442; x_wconf 88' lang='lat' dir='ltr'><strong>invitaret.</strong></span> 
     </span>
     <span class='ocr_line' id='line_1_30' title="bbox 505 4493 2256 4591; baseline -0.003 -22"><span class='ocrx_word' id='word_1_293' title='bbox 505 4513 547 4569; x_wconf 79' lang='lat' dir='ltr'><strong>aa.</strong></span> <span class='ocrx_word' id='word_1_294' title='bbox 677 4493 719 4566; x_wconf 94' lang='lat' dir='ltr'><strong>In</strong></span> <span class='ocrx_word' id='word_1_295' title='bbox 737 4495 863 4568; x_wconf 85' lang='lat' dir='ltr'><strong>Suecia</strong></span> <span class='ocrx_word' id='word_1_296' title='bbox 879 4498 923 4569; x_wconf 93' lang='lat' dir='ltr'><strong>de</strong></span> <span class='ocrx_word' id='word_1_297' title='bbox 945 4504 1019 4569; x_wconf 93' lang='lat' dir='ltr'><strong>toto</strong></span> <span class='ocrx_word' id='word_1_298' title='bbox 1038 4495 1210 4590; x_wconf 83' lang='lat' dir='ltr'><strong>Collegio,</strong></span> <span class='ocrx_word' id='word_1_299' title='bbox 1232 4519 1344 4591; x_wconf 89' lang='lat' dir='ltr'><strong>nuper</strong></span> <span class='ocrx_word' id='word_1_300' title='bbox 1360 4493 1593 4568; x_wconf 82' lang='lat' dir='ltr'><strong>stokholmiae</strong></span> <span class='ocrx_word' id='word_1_301' title='bbox 1611 4493 1815 4579; x_wconf 88' lang='lat' dir='ltr'><strong>constituto,</strong></span> <span class='ocrx_word' id='word_1_302' title='bbox 1835 4495 1904 4566; x_wconf 92' lang='lat' dir='ltr'><strong>duo</strong></span> <span class='ocrx_word' id='word_1_303' title='bbox 1924 4495 2130 4568; x_wconf 88' lang='lat' dir='ltr'><strong>restiterunt</strong></span> <span class='ocrx_word' id='word_1_304' title='bbox 2157 4493 2256 4566; x_wconf 86' lang='lat' dir='ltr'><strong>Socii</strong></span> 
     </span>
     <span class='ocr_line' id='line_1_31' title="bbox 456 4591 2254 4742; baseline 0.001 -55"><span class='ocrx_word' id='word_1_305' title='bbox 456 4591 605 4742; x_wconf 50' lang='grc' dir='ltr'><strong>ξζϋέξωὴ</strong></span> <span class='ocrx_word' id='word_1_306' title='bbox 629 4616 855 4690; x_wconf 88' lang='lat' dir='ltr'><strong>sacerdotes:</strong></span> <span class='ocrx_word' id='word_1_307' title='bbox 880 4619 1057 4692; x_wconf 87' lang='lat' dir='ltr'><strong>Nikovius</strong></span> <span class='ocrx_word' id='word_1_308' title='bbox 1074 4621 1217 4714; x_wconf 91' lang='lat' dir='ltr'><strong>quidem</strong></span> <span class='ocrx_word' id='word_1_309' title='bbox 1246 4618 1473 4712; x_wconf 83' lang='lat' dir='ltr'><strong>Sigismundo</strong></span> <span class='ocrx_word' id='word_1_310' title='bbox 1487 4618 1651 4712; x_wconf 90' lang='lat' dir='ltr'><strong>principi,</strong></span> <span class='ocrx_word' id='word_1_311' title='bbox 1668 4639 1839 4690; x_wconf 89' lang='lat' dir='ltr'><strong>consensu</strong></span> <span class='ocrx_word' id='word_1_312' title='bbox 1860 4619 1967 4690; x_wconf 91' lang='lat' dir='ltr'><strong>etiam</strong></span> <span class='ocrx_word' id='word_1_313' title='bbox 1988 4619 2254 4703; x_wconf 83' lang='lat' dir='ltr'><strong>haereticorum,</strong></span> 
     </span>
     <span class='ocr_line' id='line_1_32' title="bbox 456 4739 2255 4848; baseline 0.003 -42"><span class='ocrx_word' id='word_1_314' title='bbox 456 4752 506 4848; x_wconf 70' lang='lat' dir='ltr'><strong>opo</strong></span> <span class='ocrx_word' id='word_1_315' title='bbox 524 4768 538 4807; x_wconf 78' lang='lat' dir='ltr'><strong>a</strong></span> <span class='ocrx_word' id='word_1_316' title='bbox 560 4753 605 4848; x_wconf 64' lang='lat' dir='ltr'><strong>sp</strong></span> <span class='ocrx_word' id='word_1_317' title='bbox 629 4739 784 4828; x_wconf 90' lang='lat' dir='ltr'><strong>relictus,</strong></span> <span class='ocrx_word' id='word_1_318' title='bbox 801 4741 955 4815; x_wconf 77' lang='lat' dir='ltr'><strong>Uberius</strong></span> <span class='ocrx_word' id='word_1_319' title='bbox 974 4766 1056 4816; x_wconf 89' lang='lat' dir='ltr'><strong>vero</strong></span> <span class='ocrx_word' id='word_1_320' title='bbox 1073 4743 1333 4816; x_wconf 90' lang='lat' dir='ltr'><strong>Vandelcenius</strong></span> <span class='ocrx_word' id='word_1_321' title='bbox 1346 4743 1479 4816; x_wconf 86' lang='lat' dir='ltr'><strong>civibus</strong></span> <span class='ocrx_word' id='word_1_322' title='bbox 1494 4741 1690 4828; x_wconf 89' lang='lat' dir='ltr'><strong>catholicis,</strong></span> <span class='ocrx_word' id='word_1_323' title='bbox 1707 4743 1808 4836; x_wconf 90' lang='lat' dir='ltr'><strong>quasi</strong></span> <span class='ocrx_word' id='word_1_324' title='bbox 1821 4765 1982 4816; x_wconf 89' lang='lat' dir='ltr'><strong>racemus</strong></span> <span class='ocrx_word' id='word_1_325' title='bbox 2000 4765 2044 4814; x_wconf 85' lang='lat' dir='ltr'><strong>ex</strong></span> <span class='ocrx_word' id='word_1_326' title='bbox 2061 4741 2255 4827; x_wconf 89' lang='lat' dir='ltr'><strong>vindemia,</strong></span> 
     </span>
     <span class='ocr_line' id='line_1_33' title="bbox 457 4833 2258 4981; baseline 0.001 -45"><span class='ocrx_word' id='word_1_327' title='bbox 457 4833 606 4981; x_wconf 58' lang='lat' dir='ltr'><strong>{ffllffl</strong></span> <span class='ocrx_word' id='word_1_328' title='bbox 630 4865 900 4960; x_wconf 84' lang='lat' dir='ltr'><strong>praetermissus.</strong></span> <span class='ocrx_word' id='word_1_329' title='bbox 921 4866 1015 4937; x_wconf 89' lang='lat' dir='ltr'><strong>Huic</strong></span> <span class='ocrx_word' id='word_1_330' title='bbox 1046 4890 1124 4939; x_wconf 90' lang='lat' dir='ltr'><strong>cnm</strong></span> <span class='ocrx_word' id='word_1_331' title='bbox 1150 4867 1302 4963; x_wconf 86' lang='lat' dir='ltr'><strong>parocho</strong></span> <span class='ocrx_word' id='word_1_332' title='bbox 1330 4865 1686 4950; x_wconf 87' lang='lat' dir='ltr'><strong>Stokholmiensium,</strong></span> <span class='ocrx_word' id='word_1_333' title='bbox 1717 4887 1819 4959; x_wconf 92' lang='lat' dir='ltr'><strong>quem</strong></span> <span class='ocrx_word' id='word_1_334' title='bbox 1836 4866 1883 4937; x_wconf 89' lang='lat' dir='ltr'><strong>ad</strong></span> <span class='ocrx_word' id='word_1_335' title='bbox 1907 4866 2115 4960; x_wconf 86' lang='lat' dir='ltr'><strong>religionem</strong></span> <span class='ocrx_word' id='word_1_336' title='bbox 2132 4865 2258 4938; x_wconf 89' lang='lat' dir='ltr'><strong>catho-</strong></span> 
     </span>
     <span class='ocr_line' id='line_1_34' title="bbox 456 4987 2258 5086; baseline -0.001 -24"><span class='ocrx_word' id='word_1_337' title='bbox 456 4992 605 5062; x_wconf 74' lang='lat' dir='ltr'><strong>peneltun-</strong></span> <span class='ocrx_word' id='word_1_338' title='bbox 628 4987 734 5062; x_wconf 90' lang='lat' dir='ltr'><strong>licam</strong></span> <span class='ocrx_word' id='word_1_339' title='bbox 751 4989 946 5064; x_wconf 85' lang='lat' dir='ltr'><strong>docendam</strong></span> <span class='ocrx_word' id='word_1_340' title='bbox 963 4991 1199 5086; x_wconf 87' lang='lat' dir='ltr'><strong>tuendamque</strong></span> <span class='ocrx_word' id='word_1_341' title='bbox 1222 4990 1316 5064; x_wconf 92' lang='lat' dir='ltr'><strong>idem</strong></span> <span class='ocrx_word' id='word_1_342' title='bbox 1334 4991 1560 5074; x_wconf 86' lang='lat' dir='ltr'><strong>hortabatur,</strong></span> <span class='ocrx_word' id='word_1_343' title='bbox 1580 4990 1774 5063; x_wconf 90' lang='lat' dir='ltr'><strong>communis</strong></span> <span class='ocrx_word' id='word_1_344' title='bbox 1790 4989 1856 5063; x_wconf 85' lang='lat' dir='ltr'><strong>luit</strong></span> <span class='ocrx_word' id='word_1_345' title='bbox 1873 4990 1984 5062; x_wconf 86' lang='lat' dir='ltr'><strong>civilis</strong></span> <span class='ocrx_word' id='word_1_346' title='bbox 2002 4989 2145 5062; x_wconf 85' lang='lat' dir='ltr'><strong>invidiae</strong></span> <span class='ocrx_word' id='word_1_347' title='bbox 2161 4991 2258 5061; x_wconf 86' lang='lat' dir='ltr'><strong>ratio</strong></span> 
     </span>
     <span class='ocr_line' id='line_1_35' title="bbox 457 5085 2259 5210; baseline 0.001 -25"><span class='ocrx_word' id='word_1_348' title='bbox 457 5085 510 5139; x_wconf 59' lang='lat'>‘¹¹¹&#39;</span> <span class='ocrx_word' id='word_1_349' title='bbox 629 5121 666 5185; x_wconf 92' lang='lat' dir='ltr'><strong>et</strong></span> <span class='ocrx_word' id='word_1_350' title='bbox 699 5111 856 5208; x_wconf 91' lang='lat' dir='ltr'><strong>periculi.</strong></span> <span class='ocrx_word' id='word_1_351' title='bbox 875 5113 994 5186; x_wconf 89' lang='lat' dir='ltr'><strong>Novas</strong></span> <span class='ocrx_word' id='word_1_352' title='bbox 1028 5137 1113 5209; x_wconf 82' lang='lat' dir='ltr'><strong>rege</strong></span> <span class='ocrx_word' id='word_1_353' title='bbox 1148 5115 1170 5186; x_wconf 84' lang='lat' dir='ltr'><strong>J</strong></span> <span class='ocrx_word' id='word_1_354' title='bbox 1174 5137 1288 5186; x_wconf 91' lang='lat' dir='ltr'><strong>oanne</strong></span> <span class='ocrx_word' id='word_1_355' title='bbox 1319 5114 1520 5187; x_wconf 89' lang='lat' dir='ltr'><strong>celebrante</strong></span> <span class='ocrx_word' id='word_1_356' title='bbox 1545 5113 1699 5210; x_wconf 87' lang='lat' dir='ltr'><strong>nuptias,</strong></span> <span class='ocrx_word' id='word_1_357' title='bbox 1724 5114 1767 5186; x_wconf 92' lang='lat' dir='ltr'><strong>de</strong></span> <span class='ocrx_word' id='word_1_358' title='bbox 1797 5112 1969 5208; x_wconf 86' lang='lat' dir='ltr'><strong>religione</strong></span> <span class='ocrx_word' id='word_1_359' title='bbox 1999 5113 2184 5196; x_wconf 89' lang='lat' dir='ltr'><strong>catholica,</strong></span> <span class='ocrx_word' id='word_1_360' title='bbox 2207 5114 2259 5187; x_wconf 90' lang='lat' dir='ltr'><strong>de</strong></span> 
     </span>
    </p>
   </div>
   <div class='ocr_carea' id='block_1_3' title="bbox 629 5236 2259 5332">
    <p class='ocr_par' dir='ltr' id='par_1_3' title="bbox 629 5236 2259 5332">
     <span class='ocr_line' id='line_1_36' title="bbox 629 5236 2259 5332; baseline -0.001 -22"><span class='ocrx_word' id='word_1_361' title='bbox 629 5237 791 5310; x_wconf 87' lang='lat' dir='ltr'><strong>Romano</strong></span> <span class='ocrx_word' id='word_1_362' title='bbox 810 5236 996 5324; x_wconf 85' lang='lat' dir='ltr'><strong>Pontifice,</strong></span> <span class='ocrx_word' id='word_1_363' title='bbox 1016 5239 1061 5311; x_wconf 92' lang='lat' dir='ltr'><strong>de</strong></span> <span class='ocrx_word' id='word_1_364' title='bbox 1079 5238 1239 5325; x_wconf 89' lang='lat' dir='ltr'><strong>Jesuitis,</strong></span> <span class='ocrx_word' id='word_1_365' title='bbox 1260 5238 1489 5312; x_wconf 86' lang='lat' dir='ltr'><strong>excindendis</strong></span> <span class='ocrx_word' id='word_1_366' title='bbox 1507 5239 1649 5311; x_wconf 93' lang='lat' dir='ltr'><strong>omnino</strong></span> <span class='ocrx_word' id='word_1_367' title='bbox 1672 5237 1755 5324; x_wconf 91' lang='lat' dir='ltr'><strong>illis,</strong></span> <span class='ocrx_word' id='word_1_368' title='bbox 1777 5245 1839 5310; x_wconf 90' lang='lat' dir='ltr'><strong>aut</strong></span> <span class='ocrx_word' id='word_1_369' title='bbox 1865 5238 1959 5312; x_wconf 88' lang='lat' dir='ltr'><strong>ultra</strong></span> <span class='ocrx_word' id='word_1_370' title='bbox 1976 5238 2114 5311; x_wconf 85' lang='lat' dir='ltr'><strong>Thulen</strong></span> <span class='ocrx_word' id='word_1_371' title='bbox 2134 5236 2259 5332; x_wconf 83' lang='lat' dir='ltr'><strong>erpel-</strong></span> 
     </span>
    </p>
   </div>
   <div class='ocr_carea' id='block_1_4' title="bbox 0 0 2456 6644">
    <p class='ocr_par' dir='ltr' id='par_1_4' title="bbox 0 0 2456 6644">
     <span class='ocr_line' id='line_1_37' title="bbox 0 0 2456 6644; baseline 0 0"><span class='ocrx_word' id='word_1_372' title='bbox 0 0 2456 6644; x_wconf 95' lang='lat' dir='ltr'><strong> </strong></span> 
     </span>
    </p>
   </div>
  </div>
 </body>
</html>
