4906 6642
683 788 791 862 LIBER
810 789 948 851 PRIMUS
969 784 1178 864 (recalato).
1710 781 1751 848 39

140 1009 154 1042 u
172 979 340 1074 damper
358 975 527 1073 quidquid
544 974 786 1048 molestiarum
803 979 909 1068 atque
925 969 1168 1045 discriminum
1180 967 1258 1056 firit,
1280 967 1472 1044 incolumes
1488 969 1558 1042 huc
1569 968 1746 1065 perduxit;
1779 975 1843 1032 15⁷0

141 1108 206 1173 «ut
218 1111 265 1185 te,
282 1123 386 1196 quem
404 1101 587 1173 absentem
608 1100 893 1184 observabamus,
914 1096 1143 1193 contemplari
1161 1117 1203 1168 ac
1219 1094 1383 1168 venerari
1401 1102 1625 1191 prementem,
1644 1104 1750 1191 atque

140 1223 341 1298 “excelsum
371 1225 491 1310 istum,
520 1223 724 1317 cunctisque
749 1223 937 1296 virtutibus
965 1217 1234 1316 exaggeratum,
1254 1219 1411 1290 animum
1437 1241 1555 1290 coram
1586 1219 1749 1291 admirari

140 1347 352 1446 «possimus.
369 1348 450 1420 Tibi
475 1348 602 1420 deinde
628 1347 868 1444 Ecclesieeque
885 1357 957 1421 tuse
982 1327 1145 1419 Vilnensi
1163 1344 1385 1440 gratulamur
1402 1367 1522 1418 omnes
1550 1368 1596 1418 ex
1615 1345 1745 1429 animo,

139 1471 259 1566 «quod
281 1472 423 1567 pietatis
440 1472 647 1567 ardorisque
673 1493 758 1566 erga
787 1472 946 1545 divinum
963 1471 1096 1545 cultum
1118 1471 1155 1541 in
1183 1475 1281 1540 tuum
1304 1475 1427 1563 pectus
1449 1491 1585 1541 summa
1608 1470 1748 1543 bonitas

138 1602 300 1668 «tantum
316 1594 453 1680 effudit,
468 1601 507 1666 ut
520 1593 712 1688 singularis
730 1597 905 1689 quaedam,
922 1597 1029 1692 lunge
1047 1596 1187 1690 lateque
1204 1618 1270 1690 per
1294 1601 1434 1667 exteras
1458 1618 1596 1690 quoque
1623 1603 1747 1690 gentes

139 1719 326 1802 concitata,
342 1719 460 1815 opinio
473 1718 521 1791 sit
541 1716 745 1813 apostolicae
763 1697 1099 1795 sollicitudinis'tuae
1120 1749 1126 1794 :
1148 1729 1186 1794 ut
1211 1723 1247 1792 in
1262 1744 1360 1816 spem
1378 1721 1507 1814 ubique
1523 1722 1607 1793 boni
1623 1743 1744 1796 omnes

138 1843 274 1916 «erecti
297 1844 386 1929 fore,
405 1851 445 1916 ut
471 1841 646 1916 catholica
670 1851 896 1917 sacrosancte
913 1844 1053 1939 religio,
1072 1867 1136 1939 per
1153 1843 1314 1916 homines
1338 1845 1457 1916 nescio
1482 1867 1570 1938 quus
1595 1845 1747 1917 novitios

136 1995 150 2028 v
167 1975 201 2040 et
215 1968 498 2043 adolescentulos
509 1968 736 2054 labefactata,
752 1967 852 2040 brevi
871 1989 934 2061 per
951 1966 1157 2060 sapientiam
1170 1975 1206 2039 et
1229 1965 1437 2060 gravitatem
1450 1973 1548 2038 tuam
1565 1965 1603 2038 in
1616 1974 1746 2040 statum

137 2091 349 2188 «pristinum
366 2100 570 2188 reponatur.
591 2092 693 2172 Quod
717 2091 874 2186 profecto
890 2113 936 2164 ne
956 2088 1015 2164 vel
1034 2090 1177 2185 gravior
1195 2097 1295 2174 aetas,
1311 2088 1370 2162 vel
1395 2088 1558 2162 inclinata
1578 2091 1747 2185 impediat

135 2245 148 2276 κ
171 2223 230 2288 tua
241 2217 420 2300 valetudo,
440 2215 664 2311 magnanime
676 2216 797 2301 Pater,
815 2215 931 2288 vereri
949 2237 1021 2286 non
1038 2214 1144 2287 debes
1156 2241 1162 2284 :
1176 2214 1289 2287 aderit
1302 2215 1397 2287 enim
1410 2216 1583 2288 senectuti
1598 2216 1745 2288 Davidis

133 2339 319 2411 «fovendas
340 2341 440 2434 virgo
460 2339 653 2412 Sunamitis
675 2363 683 2410 ε
706 2339 822 2411 aderit
839 2361 883 2411 ea
899 2339 1013 2411 virtus
1032 2361 1051 2411 e
1080 2338 1184 2423 coelo,
1206 2361 1285 2433 quae
1301 2338 1396 2411 ultra
1421 2345 1598 2412 maternos
1628 2363 1740 2413 annos

135 2495 149 2526 ι
166 2473 338 2560 provectae
355 2467 456 2540 Sarae
472 2488 544 2540 non
556 2468 659 2539 modu
672 2465 818 2561 prolem,
830 2465 893 2538 sed
911 2472 947 2538 et
956 2464 1129 2560 ejusmodi
1144 2463 1252 2548 dedit,
1262 2485 1327 2558 per
1342 2485 1448 2556 quam
1465 2464 1511 2535 ad
1530 2447 1741 2539 universita-

135 2575 409 2689 «tangentium
429 2590 579 2688 felicitas
600 2615 643 2665 ac
667 2591 863 2666 benedictio
889 2596 1127 2687 permanaret.
1148 2589 1244 2660 Deus
1261 2593 1383 2659 noster
1399 2587 1512 2660 bonus
1530 2595 1595 2674 est,
1618 2596 1743 2684 potens

135 2727 217 2790 uest
237 2743 245 2789 :
265 2740 443 2814 nunquam
461 2719 562 2790 abest
587 2717 644 2802 iie,
661 2717 722 2813 qui
746 2741 810 2812 pro
835 2718 911 2813 ipso
933 2717 1098 2788 laborant
1125 2713 1162 2785 in
1189 2713 1410 2807 remigando.
1436 2712 1474 2785 Si
1500 2736 1572 2786 nun
1598 2715 1690 2788 adsit
1707 2716 1744 2787 in

134 2841 275 2935 «prima
290 2841 427 2935 vigilia,
448 2842 479 2912 si
492 2821 609 2916 cesset
620 2842 659 2914 in
672 2842 797 2923 altera,
819 2841 849 2912 si
862 2863 907 2913 ne
921 2840 959 2912 in
979 2839 1087 2913 tertia
1102 2837 1242 2933 quidem
1259 2844 1446 2932 appareet;
1467 2845 1505 2911 at
1530 2847 1626 2913 certe
1643 2841 1745 2914 adest

134 2964 197 3036 sin
210 2971 336 3058 quarta
357 2989 364 3036 :
391 2966 634 3060 increpituque
651 2973 757 3039 vento
776 2988 817 3038 ac
841 2964 944 3048 mari,
966 2971 1002 3037 et
1017 2963 1108 3036 facta
1132 2961 1390 3057 tranquillitate
1420 2985 1562 3059 magna,
1578 2987 1742 3058 perseve-

135 3117 149 3146 κ
167 3097 282 3162 rantes
294 3088 437 3162 deducit
454 3091 492 3161 in
505 3096 644 3184 portum
660 3088 853 3161 voluntatis
872 3110 1006 3160 eorum.
1027 3085 1083 3158 Ad
1108 3091 1316 3170 extremum,
1338 3085 1512 3181 reliquum
1530 3092 1595 3169 est,
1612 3086 1744 3182 praesul

134 3239 148 3268 e
167 3211 306 3306 optime,
329 3218 369 3283 ut
382 3218 417 3283 et
430 3212 647 3296 muneribus,
664 3234 744 3306 quac
756 3210 802 3283 de
810 3210 1007 3306 longinqua
1022 3209 1168 3304 regione
1178 3209 1397 3294 advenimus,
1408 3209 1634 3304 praesentiam
1648 3217 1744 3282 tuem

134 3356 226 3428 apro
242 3341 365 3406 nostra
389 3335 560 3408 tenuitate
572 3334 798 3408 honoremus.
819 3335 901 3409 Alia
917 3336 1125 3430 praebebunt
1146 3334 1267 3420 alii;a
1290 3335 1405 3418 nobis,
1423 3335 1741 3431 quantulacumque
1778 3321 1781 3328 ⁴
1819 3409 1821 3412 ,

136 3463 257 3538 «sunt,
275 3456 398 3552 accipe
422 3479 488 3528 nus
509 3457 619 3552 ipsos,
640 3465 677 3529 et
693 3467 816 3532 nostra
844 3460 1026 3532 nobiscum
1052 3459 1183 3531 omnia.
1211 3458 1355 3555 Accipe,
1375 3460 1487 3553 quite
1515 3459 1746 3534 clementissi·w

134 3603 256 3652 «mum
280 3581 383 3653 nubis
412 3581 591 3654 dominum
621 3590 658 3655 et
686 3583 1029 3678 indulgentissimum
1060 3589 1196 3676 patrem
1224 3581 1382 3666 exhibea,
1410 3582 1743 3677 obsequentissimus

133 3731 146 3761 e
164 3725 295 3789 servus,
314 3713 350 3778 et
363 3707 692 3780 observantissimos
710 3707 815 3780 filios
834 3709 953 3781 Unum
967 3715 1033 3788 est,
1050 3705 1143 3801 quod
1160 3705 1277 3778 vereri
1295 3706 1397 3778 nobie
1411 3708 1587 3792 convenit,
1603 3730 1649 3780 ne
1663 3732 1742 3782 eve·

134 3856 147 3884 s
164 3827 236 3900 niet
250 3829 328 3912 tibi,
344 3831 438 3925 quod
455 3831 538 3902 olim
560 3832 730 3904 Davidem
744 3832 996 3927 quaerentibus,
1013 3830 1073 3926 qui
1095 3852 1159 3925 pro
1184 3829 1327 3902 humine
1346 3837 1500 3902 statuam
1517 3832 1739 3907 invenerunt.

133 3953 280 4047 «Digna
294 3955 437 4048 quidem
452 3962 532 4028 vota
558 3955 677 4028 Saulis
702 3955 855 4041 filerunt,
875 3963 1019 4051 propter
1042 3954 1294 4026 immanitatem
1307 3978 1386 4049 quae
1410 3955 1684 4042 frustrarentur3
1709 3968 1744 4031 et

133 4103 147 4134 ι
165 4075 271 4170 digne
283 4085 345 4149 tua
362 4085 456 4164 sunt,
476 4087 618 4173 propter
632 4079 840 4152 charitatem
854 4102 934 4174 quae
952 4085 1187 4172 superentur:
1208 4100 1292 4151 nam
1307 4079 1601 4172 quemadmodum
1628 4080 1745 4153 decuit

133 4227 146 4257 κ
166 4199 383 4275 innocentem
395 4201 573 4276 hominem
597 4203 643 4274 ad
665 4204 812 4275 exitium
829 4203 1001 4298 quaerenti
1027 4201 1252 4274 simulacrum
1270 4201 1410 4285 offerri3
1428 4202 1479 4274 sic
1497 4227 1636 4298 aequum
1650 4213 1745 4279 esset

133 4351 147 4381 ι
164 4324 239 4409 tibi,
253 4333 306 4398 tot
322 4325 517 4399 animarum
533 4328 706 4421 spectanti
729 4327 878 4399 salutem
890 4325 951 4398 vel'
968 4332 1101 4398 statuas
1123 4327 1286 4399 animari.
1313 4326 1385 4399 Sed
1402 4327 1437 4398 id
1455 4350 1594 4422 quoque
1619 4329 1744 4402 merito

132 4475 146 4506 e
164 4457 222 4521 tuo
247 4457 461 4545 precatuque
484 4450 679 4544 praestabit,
697 4473 813 4546 spero,
833 4452 877 4533 is,
905 4452 965 4547 qui
980 4457 1105 4546 potens
1122 4458 1176 4524 est
1201 4451 1245 4524 de
1274 4449 1452 4546 lapidibus
1469 4453 1548 4525 istie
1574 4454 1744 4526 suscitare

132 4573 252 4647 «filios
268 4575 436 4648 Abrahae.
460 4575 543 4647 Jam
565 4576 611 4647 ad
635 4576 839 4678 tarditatem
866 4574 1104 4648 excusandam
1121 4575 1280 4670 obsequii
1310 4575 1422 4648 nostri
1447 4576 1745 4673 inexsuperabilia
1889 4618 1890 4622 ¹

132 4725 145 4754 s
164 4699 429 4792 occupationum
458 4698 710 4793 impedimenta
738 4699 1045 4772 commemorande
1071 4693 1202 4772 essent.
1224 4700 1357 4772 Verum
1370 4709 1517 4795 praestat
1537 4703 1741 4798 simpliciter

131 4821 330 4916 «profiteri,
351 4823 382 4894 si
412 4822 495 4916 quid
520 4822 558 4893 in
584 4845 628 4895 ea
654 4845 693 4895 re
717 4831 899 4918 peccatum
926 4831 991 4907 est,
1014 4823 1091 4918 jam
1118 4846 1183 4895 nus
1204 4824 1345 4897 abunde
1364 4847 1549 4919 poenarum
1575 4827 1736 4913 dedisse,

131 4947 283 5039 equibus
313 4947 535 5043 optatissima
563 4947 754 5043 praesentia
779 4954 843 5020 tua
871 4947 1024 5033 interim,
1063 4969 1193 5041 magno
1224 4946 1345 5022 dolore
1377 4957 1511 5036 nostro,
1550 4951 1740 5023 carendum

131 5069 244 5156 ssuit;
265 5078 300 5144 et
316 5096 411 5144 nunc
426 5073 576 5169 denique
594 5073 811 5157 connisurus,
827 5079 867 5144 ut
884 5072 1051 5167 quidquid
1069 5079 1245 5145 cessatum
1275 5080 1329 5146 est
1348 5073 1384 5143 in
1408 5074 1547 5161 itinere,
1572 5098 1734 5171 compen·

132 5201 258 5266 asetur
275 5197 310 5267 in
329 5218 448 5292 opere.
467 5231 491 5276 n,
