4906 6642
699 818 807 879 LIBER
832 821 967 883 PRIMUS
988 821 1198 898 (ltus-1570).
1308 825 1310 832 ’

205 1029 222 1061 κ
244 999 379 1074 Partim
395 998 500 1073 officii
517 999 585 1073 mei
612 1023 757 1087 memor,
776 1023 844 1097 quo
864 1001 1032 1077 Ecclesiae
1062 1001 1191 1076 Christi
1222 1008 1257 1076 et
1285 1001 1458 1098 meipsum
1483 1005 1519 1073 et
1544 998 1662 1071 omnia
1693 1019 1773 1072 mea
1803 1013 1867 1070 1568

151 1152 171 1184 a
193 1123 316 1208 deboc,
337 1131 473 1218 partem
499 1122 593 1196 illius
618 1125 828 1197 sanctissimi
845 1150 887 1200 ae
903 1126 1124 1202 saluberrimi
1150 1125 1287 1200 consilii
1316 1126 1413 1197 haud
1441 1123 1583 1207 oblitus,
1605 1144 1673 1217 quo
1694 1121 1771 1193 illu·
1801 1093 1954 1226 Pmiiievi-

150 1275 170 1308 κ
192 1246 361 1320 strissima
378 1269 420 1318 ao
448 1248 741 1322 reverendissima
758 1250 959 1322 Paternitas
977 1259 1107 1333 vestra,
1127 1273 1191 1346 pro
1215 1273 1279 1321 sua
1296 1247 1470 1344 singulari
1490 1269 1577 1341 erga
1594 1269 1649 1318 me
1666 1245 1771 1317 bene·
1798 1251 1856 1346 cim
1874 1254 1956 1345 eripe.

150 1402 169 1432 a
192 1371 359 1454 volentia,
379 1371 588 1446 amicissime
621 1372 766 1466 dignata
788 1380 842 1446 est
859 1397 1091 1457 commonere,
1112 1382 1163 1458 ut,
1179 1375 1311 1447 sanctis
1328 1381 1364 1446 et
1384 1373 1452 1468 piis
1473 1371 1633 1466 vestigiis
1648 1369 1773 1444 vestris
1800 1332 1937 1463 pqpqqqsrs

150 1526 169 1556 α
191 1497 374 1582 insistens,
394 1519 532 1568 omnem
549 1519 659 1570 meam
674 1520 814 1592 operam
832 1500 1049 1594 daremque
1075 1499 1242 1572 fratribus
1260 1497 1446 1572 Societatis
1468 1497 1556 1570 lesu
1574 1496 1690 1567 Vilnae
1708 1494 1773 1566 ali-
1801 1487 1955 1619 rividario:

151 1651 170 1682 κ
192 1622 286 1716 quod
307 1628 441 1694 certum
463 1620 676 1706 domicilium
693 1623 965 1718 quamprimum
986 1632 1117 1717 posset,
1139 1622 1329 1695 constitui:
1351 1622 1552 1705 ostendenS,
1571 1619 1669 1693 brevi
1691 1625 1775 1691 tem·
1800 1583 1856 1704 iii:
1869 1581 1958 1704 „ipsse

151 1775 171 1806 α
193 1769 281 1841 pore
293 1746 463 1829 futurum,
480 1753 520 1818 ut
541 1769 598 1819 res
623 1745 828 1830 christiana,
844 1771 922 1841 quae
939 1748 995 1820 his
1012 1749 1227 1842 temporibus
1242 1746 1489 1820 infelicissimis
1507 1746 1544 1816 in
1560 1746 1628 1817 hoc
1648 1765 1777 1838 magno
1805 1730 1927 1868 {affl

152 1899 171 1930 a
194 1871 327 1942 ducatu
358 1869 534 1942 Lituaniae
564 1869 756 1944 admodum
777 1870 1004 1945 vehementer
1033 1879 1145 1956 nutat,
1172 1871 1369 1944 haeresibus
1395 1870 1431 1941 in
1462 1869 1537 1941 dies
1558 1868 1638 1939 aliis
1657 1873 1776 1961 atque,
1808 1893 1871 1948 lam.

153 2024 171 2056 u
193 1994 276 2068 aliis
301 1994 628 2090 pullulascentibus‚
661 2017 782 2068 eorum
813 2018 933 2091 opera,
963 1996 1038 2068 Deo
1065 1996 1195 2090 optimo
1224 1995 1417 2091 aspirante,
1438 1995 1475 2066 in
1500 1991 1780 2088 tranquilliorem

153 2149 172 2178 ιι
194 2125 328 2191 statum
344 2125 465 2214 posset
482 2117 622 2213 redigi:
643 2118 708 2192 etsi
725 2119 756 2191 is
773 2141 844 2190 non
869 2143 955 2204 sum,
975 2120 1210 2192 illustrissime
1226 2142 1269 2191 ac
1298 2117 1590 2191 reverendissime
1618 2116 1777 2197 antistes,

153 2271 170 2302 ει
194 2242 257 2338 qui
286 2265 355 2329 me,
383 2241 492 2315 tantis
522 2242 696 2336 angustiis
721 2242 961 2330 interclusum,
994 2244 1258 2339 amplitudinem
1288 2250 1324 2316 et
1354 2244 1575 2338 majestatem
1605 2239 1780 2312 clarorum

153 2398 171 2430 a
194 2374 379 2462 gestorum
396 2377 431 2440 et
447 2368 616 2440 sactorum
634 2367 812 2440 illustriss.
834 2391 876 2440 ac
901 2369 1135 2442 reverendiss.
1155 2367 1386 2440 Paternitatis
1404 2375 1548 2450 vestrae,
1566 2365 1693 2460 quibus
1704 2365 1781 2460 jam

153 2519 170 2551 κ
193 2513 287 2587 pene
300 2491 365 2563 toti
378 2491 456 2564 orbi
472 2491 650 2577 inclaruit,
672 2513 809 2586 sperem
824 2491 881 2565 vel
897 2491 1052 2587 aliquam
1069 2491 1476 2584 saltamsimilitudinem
1493 2512 1598 2586 posse
1618 2488 1778 2583 assequi;

153 2645 171 2676 a
193 2623 330 2701 tamen,
349 2615 451 2688 dictis
480 2616 596 2688 causis
621 2624 812 2711 permotus,
833 2639 897 2712 pro
927 2640 972 2689 aa
997 2640 1116 2690 rerum
1133 2639 1290 2690 mearum
1312 2616 1496 2700 tenuitate,
1518 2615 1677 2709 inquam
1704 2637 1780 2686 sum

153 2769 170 2800 a
194 2761 262 2834 per
279 2736 408 2812 milites
430 2745 465 2812 et
481 2738 667 2812 haereticos
684 2739 845 2813 maximis
861 2739 999 2836 injuriis
1020 2739 1195 2826 redactus,
1214 2741 1308 2835 quod
1324 2739 1436 2835 potui,
1458 2738 1619 2835 praestiti.
1646 2736 1725 2809 Emi
1747 2737 1784 2808 in

152 2893 170 2924 a
194 2863 320 2958 primis
344 2863 486 2935 domum
516 2863 779 2948 caementitiam‚
809 2864 891 2937 olim
906 2864 1003 2937 illam
1032 2865 1135 2936 Dom.
1155 2864 1437 2950 Lasinskiorum,
1459 2887 1538 2935 cum
1559 2862 1678 2934 multis
1705 2861 1784 2934 aliis

151 3017 169 3048 κ
194 2986 389 3059 commodis
421 2986 577 3081 collegio
602 2987 739 3082 piorum'
755 2987 902 3060 istorum
927 2989 1083 3060 virorum
1101 2988 1186 3061 satis
1213 2995 1342 3084 aptam,
1362 2996 1435 3062 tum
1461 2986 1518 3060 vel
1547 3009 1588 3059 eo
1616 2986 1781 3070 maxime,

149 3140 170 3171 ι
195 3110 295 3205 quod
308 3133 349 3183 eo
363 3109 431 3182 loci
451 3110 516 3182 sita
529 3112 587 3194 sit,
604 3117 644 3182 ut
659 3117 695 3182 et
711 3111 864 3206 episcopi
894 3111 1075 3184 Vilnensis
1093 3088 1200 3185 curiae
1216 3113 1262 3186 sit
1278 3112 1449 3208 proxima,
1467 3118 1502 3184 et
1519 3111 1563 3183 ab
1583 3109 1676 3182 omni
1694 3117 1783 3182 stre·

151 3265 169 3298 a
194 3236 277 3332 pitu
291 3235 454 3331 opificum
472 3235 578 3330 longe
594 3243 741 3309 semota.
762 3236 887 3310 Habeo
899 3237 976 3332 jam
989 3243 1025 3310 et
1040 3238 1213 3332 praedium
1231 3261 1303 3311 aere
1320 3258 1397 3310 meo
1416 3237 1544 3309 ibidem
1561 3243 1758 3330 coemptum
1773 3260 1781 3320 ;

152 3390 171 3422 κ
199 3359 298 3434 unde
322 3360 472 3455 singulis
493 3360 595 3460 annis
613 3361 751 3433 centeni
769 3360 900 3455 aliquot
927 3361 1051 3434 floreni
1073 3361 1225 3456 polonici
1253 3362 1290 3432 in
1311 3384 1432 3434 eorum
1452 3359 1653 3433 necessaria
1669 3359 1785 3432 redire

154 3515 172 3546 κ
197 3485 393 3580 potuerint.
408 3485 514 3557 Nunc
530 3484 617 3556 illud
634 3484 720 3556 mihi
732 3483 908 3578 reliquum
920 3492 988 3569 est,
1004 3491 1044 3557 ut
1057 3485 1109 3558 ill.
1142 3485 1337 3558 reverenda
1352 3485 1554 3558 Paternitas
1569 3492 1700 3567 vestra,
1720 3506 1784 3578 pro

155 3638 174 3670 κ
198 3631 268 3681 suo
284 3609 319 3680 in
340 3631 397 3681 me
417 3607 521 3682 valde
543 3631 718 3703 propenso
737 3607 868 3693 animo,
889 3631 998 3680 unum
1017 3617 1122 3704 atque
1140 3609 1289 3681 alterum
1306 3609 1419 3681 virum
1433 3609 1642 3703 prudentem
1659 3616 1701 3680 eri
1720 3608 1788 3682 hac

157 3767 175 3796 κ
200 3733 378 3806 Societate
395 3733 680 3827 Brunsbergensi
697 3733 863 3827 dignetur
880 3733 923 3804 ad
939 3756 995 3805 me
1011 3715 1155 3806 Vilnam
1172 3734 1323 3806 mittere.
1340 3731 1387 3804 Et
1404 3733 1486 3828 quia
1503 3732 1554 3804 sic
1566 3731 1696 3805 afflicta
1709 3755 1787 3804 sum

156 3887 176 3918 a
200 3855 414 3940 valetudine,
443 3863 483 3927 ut
507 3855 543 3928 in
570 3855 644 3929 dies
663 3856 902 3951 impendentia
919 3855 1076 3951 pericula
1091 3857 1233 3930 timeam
1251 3883 1259 3942 ;
1282 3878 1445 3952 cuperem
1471 3854 1561 3928 tales
1578 3855 1663 3928 mihi
1681 3856 1785 3943 mitti,

157 4013 177 4044 a
204 3981 265 4076 qui
277 3979 322 4051 ad
335 3979 589 4075 capessendam
605 3979 862 4074 possessionem
880 3982 1051 4053 bonorum
1065 3980 1219 4053 omnium
1237 3990 1356 4054 essent
1371 3981 1513 4052 idonei:
1534 3986 1573 4052 ut
1590 4003 1651 4052 eos
1669 3980 1787 4053 statim

158 4135 178 4166 κ
206 4103 367 4176 dominos
388 4111 423 4177 et
439 4104 602 4176 haeredes
620 4103 775 4175 omnium
797 4105 1059 4178 constituerem.
1085 4105 1185 4185 Quod
1220 4113 1260 4177 ut
1276 4105 1454 4178 illustriss.
1484 4127 1526 4176 ac
1550 4106 1784 4178 reverendiss.

161 4261 181 4292 a
208 4227 462 4302 Paternitatem
480 4236 631 4303 vestram
648 4251 711 4323 pro
730 4251 794 4301 sua
811 4229 849 4300 in
875 4226 1035 4302 Ecclesia
1055 4229 1185 4301 Christi
1206 4229 1387 4325 vigilantia
1408 4230 1581 4301 facturam
1595 4251 1719 4324 spero;
1740 4231 1789 4302 sic

160 4383 180 4413 a
206 4373 275 4446 ego
291 4358 423 4446 praeter
439 4351 517 4436 hoc,
534 4352 627 4447 quod
649 4358 702 4424 tot
723 4375 765 4424 ac
781 4359 959 4424 tantorum
977 4351 1228 4426 beneficiorum
1247 4375 1387 4448 semper
1404 4375 1481 4423 sum
1498 4351 1636 4424 futurus
1650 4358 1785 4447 gratae,

159 4507 179 4538 α
207 4477 315 4548 etiam
332 4476 446 4549 Deum
471 4475 640 4570 optimum
666 4474 855 4548 maximum
881 4475 1056 4549 continuis
1081 4476 1172 4549 votis
1199 4476 1320 4568 sedulo
1338 4475 1460 4564 orabo,
1480 4483 1520 4548 ut
1540 4476 1638 4549 illam
1654 4476 1699 4548 ad
1717 4499 1790 4562 suae

160 4631 181 4662 a
207 4599 380 4672 Ecclesiae
394 4599 534 4671 Sanctae
550 4598 805 4672 incrementum
822 4600 857 4671 in
878 4599 1006 4672 multos
1024 4623 1136 4672 annos
1150 4606 1268 4674 servet
1286 4599 1421 4672 salvam
1435 4605 1471 4673 et
1481 4600 1704 4673 incolumem.
1720 4601 1792 4672 Va·

162 4755 183 4786 a
208 4724 285 4798 lere
298 4723 620 4796 illustrissimamac
637 4722 965 4796 reverendissimam
976 4725 1232 4798 Patamitatem
1242 4733 1397 4799 vestram
1406 4748 1510 4820 quam
1520 4725 1714 4797 diutissime
1722 4724 1796 4797 feli-

163 4879 185 4910 κ
207 4847 417 4941 cissimequa
430 4845 730 4940 percupi0.Vilnae
747 4867 791 4918 ex
808 4846 907 4918 curia
923 4870 1002 4920 mea
1015 4848 1394 4943 episcopali,vigesima
1407 4848 1464 4920 die
1481 4847 1623 4942 augusti
1647 4847 1752 4921 1568.
1773 4883 1788 4914 a

215 4971 340 5045 Allata
369 4971 501 5065 pariter
529 4969 686 5065 ejusdem
704 4970 854 5065 epistola
883 4970 929 5042 ad
956 4970 1078 5044 Socios
1109 4971 1257 5067 Collegii
1288 4970 1604 5066 Brunsbergensis.
