4906 6642
508 1095 588 1185 to
646 1092 981 1185 LECTOREM
1042 1087 1440 1182 BENEVOLUM

862 1339 1122 1373 ...ηρ-

206 1557 437 1632 Secundusa
467 1557 615 1632 Nicolao
656 1558 851 1632 Orlandino
892 1559 1128 1632 Historiarum
1165 1555 1351 1628 Societatis
1381 1554 1545 1650 scriptor,
1578 1551 1789 1624 Franciscus

161 1682 367 1769 Sacchinus,
400 1706 480 1756 cum
515 1683 554 1755 in
582 1657 761 1779 proposito
795 1683 862 1756 sibi
893 1706 999 1779 opere
1044 1679 1286 1776 persequenda
1330 1679 1467 1752 videret
1508 1700 1599 1774 pene
1635 1676 1785 1762 infinita,

158 1806 186 1878 si
214 1805 414 1902 principum
439 1806 547 1879 etiam
574 1807 818 1895 munificorum
848 1806 1019 1903 praeclara
1045 1805 1083 1877 in
1108 1803 1320 1878 Societatem
1346 1803 1471 1875 merita
1488 1801 1654 1874 laudaret
1667 1801 1787 1895 singu·

157 1928 286 2015 lorum,
317 1930 422 2004 haesit
450 1932 488 2004 in
515 1931 647 2005 difficili
673 1933 845 2028 negotio;
879 1961 895 1992 u
918 1931 1191 2027 optatissimum,
1209 1927 1336 2000 deinde
1377 1927 1504 2021 inquit,
1544 1926 1645 1999 nobis
1679 1934 1785 2011 esset,

159 2085 175 2114 ι
195 2055 379 2152 appellare
403 2055 625 2151 singillatim,
655 2064 690 2130 et
719 2057 846 2129 merita
869 2055 974 2129 laude
1002 2055 1167 2150 prosequi
1202 2061 1255 2124 tot
1279 2052 1508 2147 collegiorum
1537 2073 1579 2124 ae
1605 2051 1787 2123 domorum

159 2179 452 2253 rillustrissimos
482 2180 700 2264 fundatores,
734 2180 765 2253 si
795 2181 940 2265 sineret,
968 2203 1070 2274 quam
1097 2177 1299 2251 necessario
1328 2183 1583 2260 consectamur,
1614 2175 1783 2248 brevitas,

156 2304 241 2376 rEt
275 2304 345 2376 erit
369 2303 559 2400 aliquando
584 2305 736 2377 sortasse
765 2310 917 2400 tempus,
950 2328 1028 2376 cum
1063 2302 1244 2399 provincia
1287 2301 1453 2397 quaelibet
1488 2300 1673 2375 Societatis
1707 2323 1787 2395 pro-

156 2427 307 2523 ·priam
334 2449 376 2499 ac
404 2428 614 2523 peculiarem
657 2451 773 2502 rerum
800 2451 943 2501 suarum
979 2435 1014 2500 et
1044 2426 1300 2501 domiciliorum
1344 2425 1528 2499 historiam
1574 2424 1782 2506 conscribat,

161 2580 177 2612 κ
197 2551 233 2624 id
251 2551 347 2646 quod
366 2551 545 2624 nonnullae
558 2553 632 2648 jam
648 2553 892 2648 praestiterunt
912 2578 919 2625 :
939 2553 1000 2625 ubi
1019 2553 1097 2625 haec
1132 2552 1250 2625 omnia
1275 2553 1351 2624 suse
1383 2574 1426 2624 ac
1452 2549 1650 2623 minutatim
1677 2571 1785 2645 expo·

161 2705 177 2735 κ
199 2684 344 2762 nentur,
372 2683 408 2749 et
426 2677 519 2750 unde
543 2678 674 2773 poterit
703 2679 885 2752 emendari
922 2701 965 2750 ac
990 2677 1158 2772 suppleri,
1185 2678 1215 2748 si
1241 2670 1324 2771 quid
1357 2676 1393 2748 in
1428 2673 1645 2771 exponendis
1679 2673 1784 2747 colle·

156 2800 338 2894 «giorum
376 2800 564 2887 natalibus,
601 2801 702 2886 locis,
741 2801 940 2874 nominibus
981 2801 1067 2896 ipsis
1102 2809 1258 2874 erratum
1299 2807 1375 2886 est;
1412 2807 1451 2872 ut
1480 2799 1633 2894 proclive
1658 2796 1723 2870 fuit
1748 2797 1785 2869 in

161 2931 302 2996 “tama
343 2924 527 3019 regionum
560 2925 732 2999 varietate
769 2948 811 2998 ac
851 2925 1121 3021 longinquitate.
1160 2929 1253 2996 Illud
1286 2929 1429 2994 interim
1457 2946 1649 3012 possumus
1686 2926 1783 3012 offir-

162 3073 316 3132 umare,
366 3055 650 3139 antiquissimum
696 3073 837 3140 semper
875 3056 986 3138 fuisse
1024 3054 1198 3121 conditori
1244 3054 1437 3133 SoctetctiS,
1476 3059 1514 3120 ut
1557 3056 1704 3140 pratum
1742 3071 1784 3118 ac

157 3201 173 3232 u
195 3196 391 3244 memorem
419 3178 579 3246 animum
619 3198 705 3266 erpa
738 3179 823 3246 dene
856 3179 899 3245 de
929 3179 1028 3249 nobis
1061 3179 1206 3245 meritos
1223 3183 1433 3245 testaremur
1449 3171 1504 3268 (L.
1524 3195 1587 3260 xv,
1603 3196 1639 3246 n.
1659 3169 1732 3268 32).
1763 3205 1780 3239 η

197 3296 257 3368 En
285 3317 425 3368 causam
454 3296 652 3392 scriptionis
684 3305 817 3370 nostrae
851 3299 1056 3394 principem.
1090 3299 1215 3394 Neque
1246 3297 1386 3370 interim
1421 3295 1472 3368 sie
1501 3296 1626 3369 attenti
1662 3316 1782 3368 sumus

150 3420 195 3492 ad
223 3419 400 3494 beneficia
431 3420 470 3493 in
507 3443 571 3494 nos
606 3421 735 3495 collata
779 3430 815 3495 et
858 3421 1098 3493 munificorurn
1134 3420 1258 3494 laudes
1290 3421 1498 3517 principum,
1543 3420 1629 3516 quin
1656 3419 1782 3516 patriae

148 3543 269 3630 etiarn,
304 3543 499 3616 communis
533 3546 691 3640 parentis
723 3552 868 3632 nostrae,
901 3546 1137 3618 recordemur.
1171 3545 1288 3640 Saepe,
1323 3567 1364 3616 ac
1390 3545 1502 3640 prius,
1531 3566 1636 3638 quam
1663 3544 1782 3638 incep-

147 3675 263 3740 temus
296 3674 429 3755 nostra,
475 3669 534 3762 qui
576 3668 681 3741 fuerit
717 3670 823 3742 certis
865 3670 1131 3765 tempestatibus
1178 3668 1401 3764 Reipublicae
1442 3672 1569 3753 status,
1602 3689 1622 3740 e
1657 3666 1782 3762 patriis

144 3790 398 3862 historicorum
427 3793 662 3866 monumentis
688 3816 893 3880 narramus;
927 3802 966 3866 ut
997 3794 1081 3866 hinc
1114 3816 1252 3889 quoque
1284 3791 1477 3886 intelligas,
1512 3814 1574 3862 cur
1602 3791 1694 3864 Socii
1721 3798 1783 3863 aut

145 3935 231 4008 pace
277 3915 481 3988 fruerentur
519 3918 762 4000 communiter,
798 3925 861 3990 aut
902 3918 1126 4013 jactarentur
1161 3941 1240 3990 cum
1274 3917 1408 3990 civibus
1448 3915 1593 4012 pariter.
1632 3916 1781 4011 lnjurias

146 4039 239 4113 inter
276 4061 333 4122 ea,
379 4038 553 4113 Ecclesiae·
595 4041 778 4114 catholicae
823 4042 858 4113 in
895 4042 952 4115 his
1011 4041 1200 4137 provinciis
1249 4041 1367 4113 illatas
1413 4039 1459 4111 ab
1493 4039 1681 4123 haereticis,
1710 4062 1782 4111 non

145 4163 378 4236 omittimus:
414 4186 527 4258 neque
556 4165 697 4237 fraudes
733 4189 829 4252 suae,
869 4167 1002 4266 turbas,
1032 4164 1219 4250 maleficia,
1250 4165 1378 4250 caedes,
1415 4161 1613 4257 sacrilegia,
1646 4159 1778 4234 multo·

145 4309 220 4358 rum
241 4288 326 4383 jam
360 4296 442 4362 ante
472 4289 681 4385 pervulgata
714 4291 866 4385 scriptis,
896 4289 1116 4385 praeterimus
1156 4288 1311 4361 silentio.
1350 4288 1388 4360 Si
1426 4287 1509 4383 quid
1557 4287 1648 4360 forte
1682 4309 1779 4384 acer·

146 4409 221 4483 bius
257 4412 301 4482 in
332 4433 397 4483 sua
426 4411 558 4484 dictum
589 4413 753 4498 facinora,
780 4414 948 4509 majorum
976 4413 1012 4484 id
1038 4413 1104 4509 ipsi
1135 4436 1277 4484 suorum
1307 4413 1426 4507 utique
1447 4411 1594 4496 meritis,
1615 4433 1687 4484 non
1714 4411 1780 4483 sibi

144 4534 358 4608 innocentes
387 4535 630 4631 assignabunt.
666 4536 753 4610 lnde
776 4539 820 4611 de
856 4538 961 4612 rebus
992 4539 1151 4611 nostris:
1174 4561 1260 4632 quas
1304 4536 1340 4608 in
1370 4534 1526 4610 colonias
1557 4536 1625 4608 hoc
1651 4537 1780 4610 saeculo

144 4659 242 4731 missi
285 4658 393 4745 Socii,
430 4661 513 4755 quid
543 4661 626 4733 boni
665 4661 793 4735 malive
836 4662 974 4757 egerint
1017 4670 1079 4735 aut
1121 4660 1375 4735 toleraverint:
1414 4661 1474 4755 qui
1510 4659 1661 4756 denique
1696 4661 1781 4733 vitae

144 4783 268 4856 officiis
309 4806 388 4856 oum
422 4783 526 4859 laude
558 4794 641 4858 sunt
672 4785 842 4859 defuncti.

190 4907 336 4995 HabeS,
371 4907 481 4982 lector
516 4909 698 4995 benevole,
737 4909 849 4983 libelli
876 4909 989 4983 nostri
1021 4919 1056 4983 et
1092 4931 1218 4982 causas
1249 4916 1285 4983 et
1315 4931 1499 4982 summam.
1532 4908 1708 5004 Quidquid
1742 4908 1781 4981 in

145 5029 209 5104 hoc
237 5031 360 5106 nostri
389 5040 442 5108 est
470 5033 587 5118 officii,
615 5058 801 5130 precamur
830 5035 882 5108 uti
920 5034 1005 5108 boni
1038 5033 1210 5119 consulas,
1241 5033 1414 5107 sermonis
1448 5035 1559 5108 nostri
1588 5033 1779 5107 clementer

147 5157 427 5243 excusesvitia,
455 5164 582 5232 menda
618 5160 782 5256 deniquo,
819 5164 867 5234 ad
908 5165 1025 5250 ipsum
1055 5163 1139 5230 libri
1188 5164 1316 5231 calcem
1342 5163 1486 5249 rejecta,
1515 5163 1780 5232 animadvertas
1824 5137 1829 5152 ’

146 5285 376 5376 occupanda.
