4936 6658
666 710 728 776 366
1029 714 1304 778 ulruturotuuu
1327 717 1539 781 socrurnrts
1559 718 1645 782 tuse
1668 717 1920 782 fllsroultuuu

493 915 558 973 leae
668 903 817 992 tristem,
837 927 939 979 nemo
958 905 1158 981 sollicitum.
1176 909 1292 982 Tanto
1306 916 1428 1008 *autem
1446 911 1625 1008 gaudebat
1642 912 1770 1007 magis,
1787 915 1917 1006 quanto
1936 909 2002 984 sibi
2018 910 2138 1006 plures
2162 909 2293 996 forent,

666 1036 868 1126 quantoque
898 1030 1097 1105 acerbiores
1116 1056 1233 1107 causae
1247 1035 1417 1128 patiendi.
1454 1037 1541 1110 Erat
1560 1059 1642 1110 vero
1661 1036 1802 1142 illarum
1820 1035 1954 1108 affatim
1970 1061 1978 1121 ;
2013 1041 2179 1130 quantam
2209 1035 2294 1110 olim

492 1137 613 1293 33)ῗο
668 1155 818 1250 copiam,
851 1156 1006 1229 Nesvisii
1034 1158 1126 1231 inter
1156 1159 1421 1235 sacrificandum
1447 1162 1651 1258 praeviderit
1675 1162 1711 1232 in
1744 1161 1919 1244 crucibus
1953 1160 2119 1282 divinitus
2144 1159 2211 1232 sibi
2227 1183 2293 1256 per

493 1301 641 1394 erenstein
668 1281 819 1375 speciem
837 1282 1002 1378 objectis;
1025 1291 1135 1358 totam
1153 1285 1224 1358 illis
1243 1309 1342 1359 aram
1359 1287 1539 1383 intemplo
1558 1289 1741 1384 majorem,
1775 1294 1809 1360 et
1841 1287 1933 1360 alias
1961 1285 2104 1371 ibidem,
2121 1287 2173 1358 in
2198 1310 2291 1359 cem·

490 1382 626 1532 {Jffi
666 1408 762 1479 muni
787 1407 1017 1504 hypocausta
1051 1433 1171 1484 omnes
1207 1412 1338 1485 circum
1372 1414 1538 1508 parietes,
1567 1412 1826 1508 obtegentibus.
1865 1412 2022 1484 Tametsi
2058 1433 2143 1484 vero
2178 1411 2293 1484 multa

664 1532 835 1607 toleraret
852 1541 886 1608 et
900 1536 1036 1630 gravia,
1057 1535 1113 1608 his
1133 1543 1250 1610 tamen
1280 1537 1431 1624 animus,
1465 1539 1669 1611 meritorum
1700 1537 1859 1634 cupidus,
1894 1537 2029 1632 expleri
2047 1561 2116 1610 non
2135 1544 2289 1632 poterat.

664 1659 705 1730 Iu
727 1659 803 1754 ipso
822 1684 1057 1734 aerumnarum
1075 1669 1164 1734 aestu
1187 1662 1308 1735 orabat
1326 1663 1452 1747 Deum,
1484 1662 1578 1735 idern
1609 1663 1764 1757 quotidie
1789 1662 2001 1756 precabatur
2027 1663 2065 1734 in
2091 1661 2287 1747 sacrificiis

665 1789 759 1855 utne
773 1783 840 1855 sibi
857 1785 998 1857 Domini
1016 1787 1071 1858 sui
1085 1786 1270 1860 clementia
1287 1794 1461 1882 parceret,
1482 1789 1544 1860 sed
1562 1789 1748 1860 vexatione
1766 1793 1939 1882 perpetua
1966 1786 2125 1858 animum
2150 1788 2290 1882 experi-

662 1914 760 1981 retur
778 1910 883 1994 servi,
901 1932 1006 2004 quam
1019 1933 1141 1983 amans
1159 1911 1249 1984 foret
1262 1912 1431 1984 bonitatis
1449 1935 1524 1984 suec
1541 1911 1702 1996 infinitae,
1734 1932 1838 2005 quam
1865 1909 1978 1983 eidem
2009 1910 2259 2005 obtemperans
2278 1937 2286 1984 :

664 2032 783 2128 itaque
818 2034 987 2128 quidquid
1018 2036 1135 2108 acerbi
1167 2037 1360 2119 incidisset,
1392 2036 1511 2118 ¹auimo
1542 2035 1675 2109 sitienti
1704 2034 1920 2129 acceptabat.
1956 2032 2099 2107 Amicos
2125 2033 2217 2107 inter
2253 2043 2291 2108 et

661 2157 821 2231 inimicos
838 2160 958 2231 nescio
977 2159 1060 2253 quid
1077 2160 1171 2255 apud
1188 2161 1281 2234 hunc
1300 2167 1392 2234 esset
1411 2162 1621 2234 discriminis
1638 2187 1646 2246 ;
1668 2160 1726 2254 qui
1749 2161 1798 2232 sic
1815 2159 2043 2231 adversarios
2062 2157 2214 2241 amabat,
2248 2169 2289 2232 ut

660 2281 747 2375 ipsis
764 2288 800 2354 et
818 2283 1077 2376 gratificaretur
1095 2307 1138 2357 ex
1154 2285 1284 2368 animo,
1305 2285 1558 2379 quibusquibus
1576 2291 1695 2380 posset
1713 2283 1847 2370 officiis
1869 2290 1905 2358 et
1922 2283 2016 2355 dona
2042 2288 2246 2377 precaretur
2264 2307 2288 2356 a

659 2405 734 2479 1)οο
752 2409 980 2502 amplissima,
1001 2410 1125 2483 solitus
1144 2417 1227 2506 quot
1256 2409 1499 2493 hebdomadis,
1531 2408 1587 2483 die
1616 2417 1726 2494 certo,
1761 2407 1888 2483 offerre
1913 2407 1981 2481 isto
2010 2407 2152 2482 nomine
2175 2410 2285 2482 sacri-

658 2529 786 2604 ficium.
810 2533 887 2612 Quo
906 2558 1008 2608 suum
1021 2534 1087 2607 hoc
1105 2535 1323 2630 propositum
1340 2541 1478 2607 teneret
1490 2535 1719 2617 constantius,
1744 2540 1825 2605 voto
1845 2555 1883 2606 se
1897 2530 2105 2604 obstrinxit:
2123 2530 2287 2626 aquibus

659 2655 814 2730 offensus
834 2667 926 2733 esset
948 2660 1112 2746 maxime,
1144 2683 1204 2733 eos
1233 2682 1272 2733 se
1302 2658 1563 2755 complexurum
1594 2657 1842 2734 benevolentia
1870 2654 2061 2750 praecipua,
2094 2653 2200 2748 idque
2217 2676 2284 2727 suo

659 2784 773 2856 sanxit
788 2785 1022 2881 chirographo
1036 2783 1245 2880 sanguineo.
1269 2783 1399 2857 Elicuit
1416 2785 1482 2858 hoc
1496 2807 1632 2880 quoque
1657 2784 1822 2857 incensus
1852 2781 1918 2854 Dei
1950 2802 2060 2854 amor.
2088 2779 2283 2852 Latronem

659 2907 848 3003 publicum,
883 2909 942 3004 qui
971 2909 1078 2982 etiam
1112 2931 1151 2982 se
1186 2909 1270 2980 olim
1303 2912 1475 2983 viatorem
1502 2911 1698 3004 spoliasset,
1729 2917 1933 2984 contrusam
1962 2908 2105 2982 aliunde
2135 2909 2173 2980 in
2203 2930 2285 2982 car·

659 3053 788 3120 cerem,
821 3033 958 3107 visebat
979 3034 1133 3129 quotidie
1163 3034 1369 3108 biennium:
1398 3041 1584 3128 corregata
1614 3035 1718 3132 stipe,
1752 3056 1847 3130 saepe
1875 3032 2043 3130 lacrymis
2075 3034 2182 3106 etiam
2209 3034 2286 3110 suis

660 3156 837 3230 miseriam
852 3158 1004 3232 hominis
1018 3158 1210 3232 solabatur.

703 3281 852 3356 Praefuit
869 3283 1049 3357 Polonicee
1068 3283 1170 3369 alias,
1199 3280 1289 3355 alias
1320 3281 1515 3355 Lituanicee
1545 3279 1758 3375 provinciis;
1780 3279 1948 3376 Collegiis
1978 3282 2061 3356 item
2085 3281 2284 3370 Sociorum,

661 3407 801 3482 Calissii
820 3417 855 3482 et
868 3409 1057 3494 Cracoviae,
1078 3408 1267 3482 seminario
1286 3407 1537 3502 Brunsbergee.
1556 3404 1610 3477 Ex
1623 3405 1701 3502 ipso
1717 3405 1903 3479 Societatis
1917 3406 2078 3481 instituto
2093 3406 2288 3502 diligenter

658 3535 772 3607 tenuit
789 3535 828 3607 in
844 3535 1017 3630 regimine
1032 3533 1187 3619 modum,
1207 3532 1346 3606 facilem
1363 3531 1463 3605 illum
1480 3554 1522 3604 ae
1539 3553 1683 3604 suavem
1700 3557 1708 3616 ;
1729 3537 1769 3604 ut
1786 3531 1932 3627 quisque
1946 3531 2106 3618 sentiret,
2139 3532 2217 3627 regi
2244 3553 2288 3606 se

659 3661 737 3755 ipsa
754 3661 938 3735 charitate.
962 3660 1178 3734 Charitatem
1195 3658 1352 3732 liberalis
1370 3658 1533 3731 voluntas
1550 3663 1585 3731 et
1602 3678 1697 3740 cura,
1719 3655 1812 3728 hauc
1824 3654 2024 3749 benignitas
2043 3653 2162 3727 divina
2184 3654 2289 3730 miris

589 3871 596 3884 ,
659 3788 869 3883 quandoque
882 3787 995 3882 signis
1011 3785 1225 3859 illustrabat.
1248 3787 1304 3857 lta
1321 3782 1473 3868 Calissii,
1494 3783 1532 3854 in
1550 3805 1680 3877 magna
1698 3804 1817 3855 rerum
1834 3782 1967 3876 inopia,
1983 3804 2061 3856 cum
2090 3802 2135 3853 ne
2165 3787 2289 3854 terun-

599 3902 609 3914 ”
656 3913 727 3987 tius
740 3913 883 4009 quidem
901 3912 937 3984 in
956 3910 1089 3996 arcula,
1110 3909 1218 3983 alieni
1236 3915 1354 3983 autem
1371 3908 1466 3991 aeris
1498 3908 1544 3979 ab
1571 3905 1854 3980 antecessoribus
1876 3904 2061 3989 contracti,
2089 3905 2143 3976 vis
2174 3913 2287 3993 esset,

549 4069 556 4086 ·
656 4047 694 4113 ut
707 4046 894 4136 propterea
912 4044 974 4110 aut
991 4038 1115 4110 domus
1129 4042 1223 4109 esset
1241 4034 1479 4117 dissolvenda,
1500 4039 1562 4105 aut
1578 4031 1809 4104 creditoribus
1827 4031 1921 4106 unde
1952 4032 2072 4105 nescio
2100 4030 2252 4126 pecunia
2275 4057 2285 4117 ;

656 4166 824 4250 creditur,
841 4164 1004 4261 precibus
1033 4163 1139 4258 hujus
1170 4161 1317 4234 rectoris
1349 4159 1548 4254 expeditum
1579 4179 1657 4232 esse
1687 4155 1883 4252 negotium,
1917 4154 2022 4251 idque
2051 4154 2155 4228 modo
2177 4155 2290 4251 plane

656 4292 809 4366 mirabili
825 4326 834 4364 :
853 4315 896 4366 ex
914 4291 1037 4364 eadem
1054 4292 1179 4384 nempe
1192 4285 1327 4371 arcula,
1346 4285 1425 4358 beri
1457 4282 1615 4356 funditus
1642 4283 1827 4368 exhausta,
1857 4281 1965 4355 hodie
1992 4281 2143 4355 nummis
2165 4283 2291 4357 aureis

655 4418 760 4515 plena
777 4417 910 4513 eisque,
928 4415 1028 4510 quasi
1046 4415 1076 4486 si
1092 4435 1185 4486 nunc
1210 4409 1372 4484 forenta
1401 4415 1556 4492 moneta,
1589 4407 1638 4479 ita
1668 4405 1876 4480 recentibus.
1912 4407 1965 4479 lta
1995 4405 2139 4494 ibidem,
2164 4407 2287 4502 ajunt,

654 4544 775 4616 vinum
797 4565 842 4615 ex
859 4563 929 4614 una
955 4538 1089 4625 arcula,
1118 4560 1222 4634 quam
1251 4535 1363 4608 tribus
1394 4533 1529 4629 congiis
1543 4531 1780 4617 exhausisses,
1812 4531 1862 4605 sic
1891 4531 2106 4616 abundasse,
2135 4531 2289 4626 utplus

655 4668 815 4742 semestri
831 4674 988 4763 tempore
1001 4667 1066 4740 toti
1084 4663 1242 4760 Collegio
1260 4659 1461 4745 suffecerit;
1488 4657 1628 4732 tametsi
1658 4679 1721 4752 pro
1752 4656 1963 4732 necessitate
1994 4663 2029 4730 et
2054 4664 2213 4751 tempore
2249 4667 2290 4732 et

655 4794 812 4888 Collegio
832 4799 867 4866 01
883 4793 963 4866 aliis
981 4793 1166 4888 egentibus
1183 4794 1415 4886 promeretur.
1438 4784 1572 4868 Quibus
1604 4781 1677 4858 suis
1709 4781 1878 4878 exemplis
1907 4783 2073 4856 mouebat
2104 4781 2210 4870 alios,
2247 4785 2291 4860 in

655 4917 933 5004 difficultatibus,
953 4924 1232 5014 quantaecunque
1249 4913 1321 4986 illae
1338 4913 1466 4996 forent,
1481 4933 1553 4984 uon
1567 4908 1846 4984 contrahendum
1872 4929 1951 4984 esse
1978 4908 2137 4982 animum
2154 4932 2162 4994 ;
2198 4909 2291 5004 quin

653 5051 749 5118 tanto
769 5046 884 5140 magis
902 5043 1005 5118 etiam
1038 5043 1081 5116 de
1111 5043 1330 5137 benignitate
1348 5041 1468 5113 diviua
1498 5038 1757 5122 confidendum,
1790 5041 1920 5132 quanto
1951 5033 2066 5109 minus
2093 5033 2292 5131 minusque

655 5191 751 5246 curae
770 5168 904 5247 homiui
921 5195 996 5246 suae
1014 5175 1048 5248 et
1065 5168 1249 5244 industriae
1267 5189 1366 5264 spem
1382 5166 1548 5244 lacerent.
1570 5165 1623 5242 De
1638 5186 1722 5240 caua
1746 5161 1970 5240 minimorum
1996 5183 2075 5258 quae
2098 5157 2290 5257 sapienter
