4896 6650
680 779 740 844 140
1067 785 1344 847 LITUANlCAllUll
1367 787 1581 848 SOClETATlS
1600 787 1685 850 JESU
1709 789 1960 853 HlSTORlARUll

679 969 785 1063 hujus
810 967 995 1041 stultitiam
1025 967 1214 1064 dissipatus
1243 970 1280 1041 in
1297 969 1444 1065 vulgum
1474 993 1595 1042 rumor
1623 995 1631 1042 :
1656 1001 1673 1033 a
1690 973 2003 1047 armamentarium
2016 975 2113 1049 urbis
2132 999 2307 1073 omneque

682 1123 699 1155 e
710 1097 771 1192 jus
794 1116 964 1190 usumque
982 1095 1089 1191 hujus
1107 1117 1129 1166 a
1152 1094 1353 1168 consulibus
1362 1095 1541 1168 addictum
1554 1117 1634 1169 esse
1642 1097 1665 1168 J
1668 1097 1802 1170 esuitis.
1823 1098 1922 1171 Nihil
1938 1099 2005 1172 hoc
2019 1101 2142 1174 nuntio
2159 1102 2304 1176 haereti·

682 1251 699 1284 «ι
720 1246 842 1296 corum
876 1221 1048 1293 ministris
1078 1219 1245 1315 optatius,
1265 1221 1301 1292 in
1329 1243 1468 1293 omnem
1493 1219 1564 1292 illis
1599 1221 1780 1294 evertendi
1796 1221 1900 1296 invisi
1918 1224 2069 1320 collegii
2082 1226 2306 1300 occasionem

683 1377 700 1408 r
720 1348 875 1421 intentis.
904 1345 1057 1418 Emanat
1074 1345 1239 1418 continuo
1254 1347 1292 1417 in
1309 1344 1437 1439 vulgus
1459 1369 1466 1416 :
1483 1345 1614 1418 armari
1631 1344 1853 1439 indulgentia
1869 1347 2052 1420 consulum
2066 1357 2101 1423 et
2121 1350 2307 1446 fraudibus

682 1505 699 1538 a
720 1483 828 1548 sectae
846 1473 1006 1546 inimicos
1035 1471 1170 1557 civicae,
1191 1469 1213 1544 J
1216 1471 1366 1554 esuites;
1387 1469 1682 1565 disputationibus
1699 1470 1786 1565 ipsis
1804 1479 1961 1547 certasse
1978 1474 2095 1547 adhuc
2121 1483 2156 1548 et
2185 1476 2307 1548 litibus

682 1627 699 1660 «ι
724 1622 803 1672 cum
824 1597 966 1671 civitate
993 1598 1166 1682 advenas;
1180 1596 1255 1692 jam
1272 1595 1353 1668 telis
1380 1596 1486 1668 etiam
1503 1601 1737 1690 pugnaturos.
1766 1595 2049 1670 Armamentario
2068 1597 2146 1670 istis
2170 1598 2305 1684 dedito,

682 1751 699 1784 κ
721 1725 804 1819 quid
817 1745 896 1796 esse
908 1721 1094 1816 reliquum,
1111 1742 1217 1814 quam
1229 1719 1282 1792 uti
1299 1719 1431 1792 eisdem
1456 1726 1491 1793 et
1520 1741 1621 1792 arces
1635 1725 1670 1793 et
1686 1719 1852 1815 praesidia
1868 1729 1904 1793 et
1932 1719 2016 1793 fana
2041 1730 2077 1795 et
2106 1721 2308 1796 universam

683 1877 700 1910 a
721 1871 801 1921 cum
823 1848 897 1920 suis
914 1846 1038 1918 urbem
1053 1844 1203 1917 fortunis
1218 1843 1396 1938 Rigenses
1419 1845 1617 1941 subjiciant.
1649 1881 1665 1914 n

730 1971 872 2045 Haecin
898 1971 1059 2052 coetibus,
1092 1968 1306 2042 tumultuose
1343 1969 1487 2054 coactis,
1508 1971 1666 2044 haeretici
1697 1994 1800 2068 popae
1831 1981 1982 2047 serunt:
2004 1977 2082 2049 haec
2112 1976 2149 2048 in
2181 1977 2306 2071 primis

682 2097 859 2172 Martinus
877 2096 996 2170 (lisias
1013 2103 1049 2168 et
1067 2091 1280 2167 Laurentius
1298 2095 1443 2168 Eichius
1460 2099 1668 2192 queribundi
1682 2101 1881 2176 declamant
1902 2129 1909 2176 :
1930 2104 2061 2179 vidisse
2079 2127 2118 2178 se
2142 2105 2232 2179 alter
2248 2129 2309 2180 ees

682 2225 912 2321 magistratus
924 2222 1061 2295 litteras
1079 2219 1276 2315 selegisse,
1297 2243 1362 2315 per
1387 2229 1526 2319 stygem
1543 2234 1657 2301 atram
1670 2225 1787 2320 jurat;
1804 2226 1907 2313 alter,
1927 2236 1966 2300 ut
1979 2251 2018 2302 se
2037 2229 2126 2303 duce
2140 2231 2309 2326 impetum

681 2359 719 2430 in
736 2355 931 2450 Collegium
944 2351 1085 2436 faciant,
1098 2349 1236 2445 plebem
1248 2349 1444 2422 inflammat
1463 2351 1633 2424 hortator.
1657 2353 1790 2427 Lenius
1807 2354 1936 2450 populo
1956 2357 2088 2452 placuit
2101 2357 2308 2431 consilium:

683 2481 887 2556 conveniret
909 2501 1031 2553 eorum
1048 2477 1218 2549 alteruter
1229 2479 1403 2548 rectorem
1422 2475 1583 2572 collegii,
1609 2477 1809 2573 fraudisque
1837 2489 2074 2556 commoneret
2099 2507 2106 2554 :
2136 2483 2312 2558 econses·

685 2609 784 2681 sione
801 2603 952 2678 hominis
965 2603 1079 2675 bbere
1099 2599 1273 2695 reliquum
1289 2621 1367 2672 esse
1381 2601 1618 2675 statuendum.
1644 2602 1728 2676 Adit
1747 2603 1879 2691 (lisine,
1898 2606 2120 2681 tribunorum
2137 2607 2251 2704 plebis
2276 2617 2315 2682 et

684 2739 862 2812 seniorum
889 2733 1039 2828 stipatus
1057 2727 1234 2812 sodalitio,
1255 2727 1373 2801 verbis
1391 2726 1434 2799 ad
1451 2726 1612 2800 fraudem
1630 2728 1906 2804 accommodatis
1924 2739 2029 2828 rogat
2048 2731 2172 2806 domus
2190 2735 2317 2829 praesi-

685 2863 766 2938 dem
785 2886 793 2934 :
815 2889 832 2921 a
854 2857 1022 2956 quidquid
1044 2855 1097 2928 rei
1121 2860 1226 2938 esset,
1253 2852 1469 2940 faterentur;
1490 2851 1579 2924 nihil
1605 2851 1673 2925 sibi
1689 2853 1783 2926 cives
1809 2854 1955 2928 daturos
1977 2856 2115 2929 crimini
2130 2883 2138 2944 ;
2155 2880 2313 2944 omnem,

689 3019 706 3051 a
727 2990 758 3062 si
774 2987 964 3084 quateret,
983 2982 1162 3054 haesuram
1188 2979 1226 3050 in
1249 2977 1334 3073 ipsis
1354 2977 1504 3053 civitatis
1522 2975 1700 3071 magistris
1729 2977 1880 3072 culpam,
1901 2987 1942 3051 ut
1973 2980 2032 3074 qui
2062 3003 2135 3054 rem
2149 2981 2314 3067 civicam,

689 3145 706 3176 κ
727 3110 811 3185 fidei
824 3103 1141 3190 commissamsuae,
1164 3127 1234 3176 non
1253 3101 1403 3175 Jesuitae
1415 3100 1574 3196 hospites
1594 3101 1845 3196 gubernarent.
1864 3102 2038 3198 Expedita
2055 3105 2219 3192 Rubeuo,
2235 3107 2321 3202 ipsa

691 3268 708 3301 κ
728 3237 876 3310 veritate
894 3238 1111 3331 suggerente
1135 3231 1257 3314 verba,
1278 3228 1325 3301 ad
1342 3226 1629 3322 respondendum
1647 3225 1868 3300 deliberatio.
1898 3229 2021 3325 Negat
2037 3230 2147 3304 ullum
2164 3233 2259 3307 inter
2277 3257 2322 3308 se

691 3397 708 3428 κ
729 3361 1003 3437 armamentario
1020 3357 1264 3434 intercessisse
1280 3359 1520 3450 compactum
1539 3375 1654 3449 neque
1672 3353 1763 3427 scire
1788 3378 1839 3440 se,
1859 3355 1950 3428 ullas
1968 3381 2060 3443 esse,
2080 3361 2116 3431 in
2142 3382 2222 3433 eam
2240 3385 2323 3435 rem

692 3523 709 3554 a
730 3492 822 3565 ultro
837 3489 994 3583 citroque
1007 3487 1107 3559 datas
1134 3483 1328 3577 scriptasve
1355 3480 1505 3561 litteras,
1525 3485 1655 3573 praeter
1679 3502 1751 3564 eas,
1773 3481 1899 3577 quibus
1919 3484 2080 3557 consules
2098 3485 2327 3582 recepissent

691 3646 708 3678 a
730 3611 889 3708 Collegio
910 3635 918 3683 :
938 3610 1090 3683 tuituros
1104 3631 1142 3681 se
1154 3608 1259 3691 hauc,
1279 3603 1385 3678 toties
1398 3600 1562 3675 hostilem
1574 3601 1612 3672 in
1625 3602 1766 3673 modum
1780 3613 2027 3699 oppugnatam,
2044 3607 2185 3680 domum
2199 3633 2325 3700 suam;

693 3769 710 3801 κ
730 3763 773 3812 ac
789 3743 991 3833 propterea,
1023 3731 1148 3828 quibus
1165 3729 1225 3802 illa
1243 3727 1383 3802 defendi
1399 3725 1524 3822 possit,
1553 3747 1654 3798 arma
1671 3748 1709 3799 se
1738 3735 1869 3822 praesto
1884 3729 2079 3804 habituros.
2100 3731 2208 3828 Atqui
2225 3735 2329 3810 istuc

691 3893 708 3926 κ
728 3862 870 3937 omnino
896 3857 1101 3941 aliudesse,
1131 3863 1237 3950 atque
1261 3877 1337 3927 rem
1354 3849 1550 3924 abalienari
1566 3859 1633 3924 ush
1663 3861 1700 3926 et
1716 3861 1891 3948 potestate
1916 3855 2090 3940 civitatis,
2123 3858 2328 3955 donarique

692 4021 709 4054 a
728 3987 890 4063 lesuitis.
924 3983 1007 4057 Non
1032 3981 1165 4078 placuit
1183 3980 1281 4054 Gisio
1299 3981 1520 4078 deprehensa
1546 4006 1610 4079 pro
1636 3983 1781 4056 crimine
1809 3982 2031 4068 innocentia;
2058 3982 2177 4077 itaque
2202 3985 2327 4074 suror,

692 4146 710 4178 α
726 4113 897 4207 tantisper
909 4108 1038 4183 astutia
1050 4113 1177 4191 tectus,
1194 4106 1367 4181 contineri
1383 4130 1456 4179 non
1471 4107 1598 4202 potuit,
1619 4109 1704 4203 quin
1722 4114 1921 4203 erumperet
1937 4107 1974 4179 iu
1992 4106 2180 4181 maledicta
2193 4108 2332 4181 adver-

694 4274 712 4306 «
732 4263 792 4316 sus
807 4239 830 4310 J
833 4234 965 4311 esuitas
993 4235 1178 4329 ipsumque
1208 4254 1342 4328 regem,
1360 4234 1514 4306 omnium
1532 4233 1600 4306 sibi
1616 4232 1789 4307 malorum
1807 4231 1914 4328 Rigae
1933 4254 2076 4305 causam
2094 4233 2297 4329 principem
2319 4265 2330 4323 ;

693 4396 711 4428 a
731 4371 770 4436 ut
787 4362 848 4459 qui
864 4360 1064 4433 libertatem
1091 4357 1219 4430 civium
1251 4357 1354 4429 armis
1378 4357 1610 4454 oppressisset
1631 4384 1639 4430 ε
1659 4358 1869 4432 obtrusisset
1896 4357 2057 4430 homines
2082 4357 2333 4454 alienigenae,

694 4516 711 4549 c
733 4482 955 4580 versipelles,
974 4481 1186 4578 religionum
1199 4479 1457 4576 pontificiarum
1470 4481 1681 4555 architectos
1700 4507 1707 4554 :
1724 4481 1808 4554 sana
1827 4503 1850 4552 a
1871 4481 2084 4553 Lutheranis
2099 4482 2174 4554 suis
2186 4483 2338 4560 abelis·
2428 4495 2429 4511 ¹

695 4645 712 4680 u
733 4622 862 4688 nasset.
899 4612 1010 4686 Plura
1043 4610 1216 4708 ejusmodi
1251 4608 1464 4707 garrientem
1495 4607 1697 4706 interpellat
1731 4607 1918 4692 RubenuS,
1952 4613 2161 4701 monetque,
2207 4633 2341 4686 sacrae

695 4772 713 4806 a
733 4739 931 4836 majestatis
949 4736 1061 4832 regiae
1090 4758 1218 4808 nomen
1244 4733 1445 4829 religiosius
1471 4733 1645 4820 omnibus,
1667 4733 1833 4830 subjectis
1856 4735 2031 4818 maxime,
2062 4735 2299 4808 tractandum
2327 4765 2338 4812 :

696 4894 713 4929 a
734 4864 901 4960 injuriam
918 4861 1111 4958 principem
1125 4859 1294 4957 optimum
1312 4857 1472 4932 intulisse
1490 4857 1578 4930 nulli
1599 4883 1607 4930 ε
1627 4856 1741 4931 ultum
1757 4882 1842 4932 vero
1860 4880 1939 4930 esse
1956 4857 2067 4931 multo
2085 4856 2306 4933 clementius
2329 4889 2341 4934 ι
2426 4917 2427 4999 p

698 5020 716 5052 α
731 4987 848 5083 utqui
866 4986 1046 5061 minimam
1062 5009 1183 5059 eorum
1200 4983 1421 5080 particulam,
1453 5005 1545 5079 quae,
1567 4981 1748 5055 catholicis
1779 4983 1898 5076 inique
1916 4987 2037 5077 erepta
2053 4978 2227 5074 hodieque
2240 5003 2345 5076 pos·
2425 5045 2426 5088 q

699 5141 716 5176 u
738 5113 895 5187 siderent
923 5109 1092 5194 haeretici,
1119 5108 1345 5182 vindicasset.
1370 5143 1386 5176 n
1409 5107 1486 5180 Hoc
1510 5107 1603 5180 dicto
1631 5107 1776 5179 obtusus
1815 5113 1868 5179 est
1896 5107 1994 5179 suror
2023 5103 2197 5188 maledici,
2215 5111 2349 5202 atque

698 5239 881 5314 obmutuit.
929 5237 1008 5308 lam
1050 5243 1089 5308 ut
1135 5234 1368 5330 suspicionem
1403 5231 1576 5330 pactionis
1618 5229 1814 5326 Collegium
1852 5231 1942 5303 inter
1990 5237 2025 5302 et
2073 5229 2350 5323 magistratum
