4930 6634
668 795 728 860 336
1054 793 1330 857 LlTUthGARUht
1353 789 1672 852 8001ΕΤΑΤ181Ε811
1694 788 1947 850 ulsronllauu

499 1000 565 1057 1646
672 978 895 1073 Priusquam
915 979 1065 1052 aMutio
1084 976 1263 1058 Generali,
1280 975 1497 1071 propositum
1511 973 1706 1066 accipiente
1723 971 1944 1057 beneficium,
1960 974 2141 1047 venissent
2152 973 2295 1058 litterae,

498 1079 646 1211 henghen·
672 1102 824 1176 excessit
840 1102 1009 1176 Nicolaus
1031 1101 1100 1173 Vll
1122 1101 1202 1173 idus
1218 1099 1416 1173 februarias
1450 1097 1497 1196 (1).
1520 1098 1595 1170 Res
1614 1097 1820 1172 Polocensis
1839 1098 2002 1194 Oollegii,
2019 1123 2089 1172 non
2108 1098 2299 1172 admodum

499 1235 646 1328 666661-
671 1222 841 1317 insignes,
858 1246 985 1319 easque
1004 1224 1161 1296 diversas
1188 1246 1230 1294 ac
1244 1222 1446 1308 dissimiles,
1466 1222 1795 1296 commemoratione
1816 1222 1936 1318 utique
1951 1246 2024 1295 uon
2050 1222 2191 1296 omuino
2206 1221 2298 1293 indi-

498 1315 646 1448 ssffiirgff'
671 1369 771 1442 gnus,
789 1371 868 1442 quae
886 1348 1124 1444 superioribus
1138 1348 1383 1422 etiamfuerint
1395 1348 1607 1434 6661666166,
1623 1349 1661 1421 in
1672 1350 1858 1424 unumhuc
1871 1352 2124 1424 contrahimus.
2141 1351 2297 1446 Gymna-

498 1473 570 1528 casio
583 1472 628 1528 ab·
672 1469 762 1543 sium
775 1470 995 1545 scholasticis
1008 1472 1225 1568 peramplum
1239 1495 1332 1544 anno
1350 1473 1439 1545 1641
1456 1479 1627 1566 apertum.
1646 1472 1835 1567 Expressae
1849 1495 1869 1546 6
1883 1472 2032 1546 collibus
2047 1496 2162 1569 aquae,
2184 1483 2219 1546 et
2233 1496 2297 1569 per

499 1555 624 1691 ssffl‘
672 1595 816 1668 canales
836 1595 883 1667 ad
900 1595 1058 1668 officinas
1077 1596 1201 1669 domus
1226 1598 1408 1680 derivatae,
1429 1595 1535 1691 idque
1553 1596 1652 1691 regio
1670 1595 1845 1669 Vladislai
1872 1620 2051 1670 concessu.
2079 1596 2170 1692 Agri
2189 1599 2298 1693 Spas-

499 1714 637 1844 Elssffli·
673 1741 808 1804 sensas,
828 1720 1016 1814 dequibus
1048 1720 1131 1795 lites
1158 1721 1271 1794 adbuc
1301 1725 1402 1794 erant
1431 1743 1509 1792 cum
1539 1719 1672 1803 multis,
1706 1719 1855 1792 decretis
1879 1719 2040 1814 judicum
2065 1727 2100 1793 61
2129 1719 2299 1804 limitibus

498 1870 648 1928 Puteanus
673 1843 779 1916 certis
797 1843 939 1918 discreti
952 1846 997 1916 ab
1011 1846 1105 1916 arvis
1125 1844 1258 1917 civicis.
1280 1844 1419 1916 Scholae
1437 1845 1472 1915 in
1492 1843 1607 1915 insula
1627 1844 1776 1917 Ostrovo
1790 1850 1890 1916 trans
1910 1845 2051 1916 Dunam
2073 1845 2231 1932 fluvium,
2260 1847 2299 1919 in

499 1950 616 2087 fezssegfi
673 1964 814 2060 oppido,
835 1964 993 2038 aBeatis
1009 1965 1171 2038 Joachim
1186 1974 1221 2039 et
1234 1965 1338 2038 Anna
1355 1967 1448 2039 dicto
1463 1967 1566 2062 (unde
1579 1966 1747 2060 trajectus
1760 1968 1795 2038 in
1809 1967 1945 2054 urbem,
1966 1968 2125 2042 hibernis
2144 1971 2300 2044 maxime

544 2074 550 2089 ⁸
672 2089 952 2185 tempestatibus,
975 2088 1176 2183 difficilis)e
1206 2090 1324 2185 pueris
1343 2090 1540 2186 oppidanis,
1569 2113 1632 2186 per
1662 2090 1862 2163 didascalos
1886 2092 2126 2178 instituendis,
2148 2103 2296 2168 coactae.

675 2212 715 2284 ln
729 2211 860 2308 templo
878 2212 1072 2286 domestico
1097 2213 1212 2308 prima
1238 2214 1410 2287 sacrificia
1427 2215 1545 2289 missae
1567 2215 1721 2288 factitari
1741 2223 1857 2310 coepta
1883 2224 1965 2288 ante
1982 2216 2135 2288 hostiam
2161 2240 2299 2290 sacram

506 2407 652 2466 Rhetorica
673 2338 845 2448 exposita,
878 2345 1027 2412 canente
1052 2336 1269 2410 musicorum
1296 2338 1430 2411 choro:
1452 2339 1653 2412 celebrante
1669 2341 1799 2436 populo
1818 2341 1985 2438 templum
2013 2364 2118 2438 quam
2149 2345 2302 2417 antebac

503 2493 642 2548 sociem,
674 2462 903 2556 frequentius.
925 2462 1056 2536 Schola
1070 2462 1252 2535 Sociorum
1274 2461 1465 2545 rhetorica,
1486 2485 1565 2556 quae
1583 2463 1699 2536 adhuc
1712 2464 1959 2536 instituebatur
1973 2465 2140 2552 Polociae,
2157 2465 2302 2538 Vilnam

502 2575 635 2708 {iam
675 2586 722 2658 ad
739 2585 956 2659 academicos
973 2585 1160 2670 translata,
1199 2592 1235 2657 et
1253 2609 1330 2658 cum
1358 2585 1504 2680 profano
1522 2586 1719 2659 auditorum
1747 2587 1902 2683 collegio
1934 2591 2134 2685 conjuncta.
2166 2589 2303 2662 Horum

505 2731 577 2786 1642.
676 2731 822 2784 numero
839 2710 996 2805 dempto,
1018 2711 1098 2805 jam
1126 2711 1163 2781 in
1182 2708 1371 2782 Polocensi
1398 2708 1574 2782 domicilio
1598 2717 1671 2784 tres
1689 2734 1796 2807 supra
1813 2713 1957 2808 triginta
1976 2736 2047 2784 non
2064 2714 2182 2807 plures
2202 2714 2303 2787 dein-

590 2905 593 2912 .
673 2858 756 2930 ceps
775 2835 869 2909 Socii
888 2837 1123 2910 censebantur
1145 2861 1152 2907 :
1173 2858 1255 2907 mox
1282 2835 1480 2931 pauciores,
1514 2857 1608 2907 anno
1639 2837 1733 2910 1643
1750 2835 1898 2930 dispersi
1914 2836 2092 2920 incendio,
2125 2861 2193 2933 quo
2227 2845 2304 2910 tota

671 2961 756 3032 urbs
783 2959 833 3032 IV
858 2958 1028 3032 kalendas
1063 2959 1207 3032 sextiles
1238 2959 1410 3055 disperiit.
1445 2960 1630 3032 luteritum
1648 2960 1767 3032 attulit
1799 2961 2045 3032 bacchantium
2071 2984 2136 3056 per
2159 2961 2306 3055 nuptias

675 3083 976 3156 schismaticorum
1002 3083 1210 3181 petulantia.
1231 3084 1280 3156 At
1296 3107 1419 3179 poenas
1437 3083 1541 3180 hujus
1559 3084 1626 3180 ipsi
1640 3085 1793 3157 omnium
1809 3084 1982 3158 dederunt
2010 3083 2126 3179 primi,
2143 3083 2307 3179 plerique

676 3209 713 3280 in
727 3209 838 3304 orgiis
857 3209 943 3307 spis,
964 3232 1043 3280 cum
1069 3209 1201 3282 frustra
1218 3209 1350 3282 exitum
1367 3211 1463 3304 fugae
1477 3209 1662 3284 temulenti
1687 3216 1896 3306 quaererent,
1915 3210 2132 3282 circumfusis
2157 3209 2307 3305 ignibus

676 3333 848 3431 occupati.
872 3334 953 3412 Istis
969 3334 1175 3408 nubentium
1189 3332 1445 3406 Photiauorum
1462 3333 1564 3406 taedis
1578 3356 1754 3430 arx‚,quae
1767 3333 1873 3408 toties
1890 3333 1980 3408 alias
2002 3333 2131 3407 arietes
2148 3341 2184 3407 61
2199 3335 2308 3428 ignes

675 3457 952 3552 oppugnantium
970 3459 1125 3533 hostium
1143 3460 1321 3544 sustinuit,
1345 3467 1520 3534 momento
1541 3461 1698 3534 interivit
1711 3466 1784 3532 tam
1801 3457 1884 3530 levi.
1912 3457 2090 3553 Reliquiae
2105 3457 2253 3553 Collegii
2268 3467 2308 3532 et

677 3581 821 3667 scbolae,
836 3586 1085 3681 appetentibus
1103 3608 1125 3657 a
1143 3585 1257 3657 studio
1271 3585 1469 3658 litterarum
1481 3585 1591 3671 feriis,
1608 3587 1644 3657 in
1663 3583 1903 3658 suburbanum
1920 3583 2058 3669 domus,
2077 3582 2308 3656 llkimaniam

677 3706 864 3809 translata.
886 3707 971 3802 Egit
992 3709 1082 3780 inter
1095 3708 1171 3780 baec
1186 3715 1328 3781 strenue
1346 3717 1460 3782 rector
1475 3709 1623 3804 Collegii
1642 3706 1841 3781 Stanislaus
1861 3706 2091 3791 Kosinslrius,
2108 3707 2308 3781 domestica

554 3851 555 3856 ¹
678 3852 736 3902 res
754 3837 793 3901 ut
818 3830 1106 3925 quamcitissime
1125 3830 1401 3906 convalesceret.
1421 3833 1512 3905 Xlll
1527 3832 1700 3906 kalendas
1710 3830 1911 3905 decembres
1926 3831 1968 3902 ad
1980 3829 2157 3925 insignem
2169 3839 2307 3928 marty·

508 4004 632 4063 mane,
678 3954 731 4027 rio
749 3954 1041 4052 BeatiJosaphat
1067 3956 1157 4030 diem
1190 3956 1361 4051 religione
1372 3956 1513 4050 publica
1525 3978 1618 4027 nunc
1631 3956 1782 4051 primum
1795 3975 1962 4026 concessu
1978 3954 2114 4028 romani
2127 3953 2310 4050 pontificis

507 4087 638 4143 stoJosa·
679 4077 928 4153 celebrandum
954 4079 1151 4154 Rutenicus
1181 4081 1256 4177 ejus
1287 4079 1450 4152 dioecesis
1480 4079 1765 4174 archiepiscopus
1783 4077 1905 4151 Socios
1934 4078 2120 4164 invitavit;
2152 4101 2310 4174 quorum

505 4170 655 4298 ffissffl
679 4203 847 4277 familiam
874 4204 980 4278 sciret
1002 4213 1037 4276 et
1053 4205 1130 4300 ipsc
1145 4205 1267 4292 ‚Beato
1285 4203 1392 4276 fuisse
1429 4224 1559 4275 caram.
1582 4201 1722 4274 Ritibus
1739 4202 1850 4274 latino
1868 4199 2023 4273 vicissim
2050 4208 2086 4274 et
2115 4225 2231 4296 graeco
2261 4205 2314 4276 ad

507 4327 559 4378 tur.
681 4349 793 4414 aram,
823 4327 1012 4423 magnifice
1038 4327 1141 4402 beato
1172 4329 1319 4424 martyri
1346 4326 1544 4410 excitatam,
1564 4324 1745 4420 intemplo
1763 4323 2017 4420 archiepiscopi
2033 4324 2184 4398 litatum.
2205 4325 2316 4401 Inter

679 4450 861 4546 liturgiam
886 4454 1053 4526 antistitis
1070 4453 1114 4526 de
1143 4453 1307 4526 laudibus
1321 4452 1402 4524 Divi
1416 4451 1642 4525 concionatus
1655 4459 1773 4524 rector
1784 4449 1930 4522 utiliter.
1947 4448 2005 4521 Sic
2021 4470 2087 4520 sua
2104 4449 2150 4520 ad
2166 4448 2316 4524 animos

681 4572 838 4645 omnium
853 4574 982 4647 accidit
999 4575 1126 4662 oratio,
1146 4583 1186 4647 ut
1200 4575 1472 4648 exardescerent
1485 4597 1590 4648 sensu
1609 4575 1749 4670 pietatis
1764 4597 1853 4669 erga
1868 4573 2020 4646 Beatum
2034 4595 2167 4660 omnes,
2187 4596 2317 4669 neque

681 4699 869 4795 gemitibus
886 4706 1022 4774 tantum
1041 4709 1076 4773 61
1092 4699 1260 4797 lacrymis
1286 4702 1349 4774 sed
1362 4703 1511 4776 sublatis
1538 4702 1642 4775 ctiam
1659 4699 1803 4773 vocibus
1821 4699 1917 4795 pium
1946 4698 2029 4770 olim
2060 4697 2208 4772 civitatis
2225 4723 2318 4775 suae

680 4828 872 4918 pastorem,
893 4846 986 4896 nunc
1017 4824 1124 4897 etiam
1153 4830 1331 4919 potentem
1349 4828 1442 4924 apud
1462 4827 1575 4900 Deum
1592 4833 1779 4921 patronum
1808 4823 2039 4918 requirerent.
2072 4810 2248 4910 Postridie
2268 4825 2319 4900 in
2436 4863 2437 4866 ¹

616 4958 619 4966 '
680 4957 813 5052 templo
827 4963 959 5028 sanctae
980 4955 1116 5040 Crucis,
1137 4955 1231 5050 quod
1249 4955 1361 5051 ipsum
1376 4953 1413 5024 in
1432 4951 1638 5025 suburbano
1656 4973 1700 5025 ex
1717 4946 1815 5019 urbis
1830 4945 1992 5018 incendio
2018 4944 2188 5039 reliquum
2207 4956 2313 5032 erat,

679 5101 745 5178 par
761 5079 947 5154 celebritas
965 5085 1000 5152 et
1021 5079 1136 5175 pietas
1155 5081 1220 5152 fuit
1244 5081 1280 5153 in
1297 5078 1440 5176 populo.
1460 5076 1659 5151 Antevertit
1688 5076 1758 5147 ista
1775 5057 1922 5165 collegii
1953 5068 2067 5141 officia
2098 5089 2161 5140 suo
2197 5068 2317 5144 divus
2436 5063 2437 5146 1

722 5218 867 5297 (titinius
885 5209 1007 5298 elogium
1024 5219 1082 5281 vid.
1093 5219 1167 5292 apud
1182 5219 1213 5276 P.
1232 5217 1426 5278 Nasamowsli
1443 5217 1470 5274 in
1486 5214 1570 5273 Facta
1583 5227 1677 5273 rerum
1690 5211 1811 5268 Sarmat.
1844 5209 1876 5267 L.
1891 5207 1928 5278 11,
1946 5223 1972 5268 6.
1991 5208 2064 5280 ap.
2082 5205 2152 5263 161.
