<?xml version="1.0" encoding="UTF-8"?>
<!DOCTYPE html PUBLIC "-//W3C//DTD XHTML 1.0 Transitional//EN"
    "http://www.w3.org/TR/xhtml1/DTD/xhtml1-transitional.dtd">
<html xmlns="http://www.w3.org/1999/xhtml" xml:lang="en" lang="en">
 <head>
  <title>
</title>
<meta http-equiv="Content-Type" content="text/html;charset=utf-8" />
  <meta name='ocr-system' content='tesseract 3.04.00' />
  <meta name='ocr-capabilities' content='ocr_page ocr_carea ocr_par ocr_line ocrx_word'/>
</head>
<body>
  <div class='ocr_page' id='page_1' title='image "./lituanicarumsoc00rostgoog_0111.png"; bbox 0 0 4896 6650; ppageno 0'>
   <div class='ocr_carea' id='block_1_1' title="bbox 640 697 1907 763">
    <p class='ocr_par' dir='ltr' id='par_1_1' title="bbox 640 697 1907 763">
     <span class='ocr_line' id='line_1_1' title="bbox 640 697 1907 763; baseline -0.004 -2"><span class='ocrx_word' id='word_1_1' title='bbox 640 699 681 763; x_wconf 80' lang='lat'><strong>84</strong></span> <span class='ocrx_word' id='word_1_2' title='bbox 1011 697 1284 757; x_wconf 74' lang='lat' dir='ltr'><strong>LlTUANlCdllUbl</strong></span> <span class='ocrx_word' id='word_1_3' title='bbox 1307 698 1521 760; x_wconf 77' lang='lat' dir='ltr'><strong>soclu‘rsus</strong></span> <span class='ocrx_word' id='word_1_4' title='bbox 1541 701 1631 762; x_wconf 76' lang='lat' dir='ltr'><strong>lusu</strong></span> <span class='ocrx_word' id='word_1_5' title='bbox 1656 698 1907 759; x_wconf 82' lang='lat' dir='ltr'><strong>lllSTORlARUll</strong></span> 
     </span>
    </p>
   </div>
   <div class='ocr_carea' id='block_1_2' title="bbox 550 878 2284 5212">
    <p class='ocr_par' dir='ltr' id='par_1_2' title="bbox 550 878 2284 5212">
     <span class='ocr_line' id='line_1_2' title="bbox 550 878 2260 983; baseline 0.005 -33"><span class='ocrx_word' id='word_1_6' title='bbox 550 894 616 950; x_wconf 77' lang='lat'>1579</span> <span class='ocrx_word' id='word_1_7' title='bbox 644 911 660 944; x_wconf 73' lang='lat' dir='ltr'><strong>a</strong></span> <span class='ocrx_word' id='word_1_8' title='bbox 683 882 777 954; x_wconf 90' lang='lat' dir='ltr'><strong>dium</strong></span> <span class='ocrx_word' id='word_1_9' title='bbox 798 903 876 953; x_wconf 89' lang='lat' dir='ltr'><strong>cum</strong></span> <span class='ocrx_word' id='word_1_10' title='bbox 896 878 1137 953; x_wconf 88' lang='lat' dir='ltr'><strong>vehementius</strong></span> <span class='ocrx_word' id='word_1_11' title='bbox 1160 879 1362 965; x_wconf 77' lang='lat' dir='ltr'><strong>exarsisset,</strong></span> <span class='ocrx_word' id='word_1_12' title='bbox 1383 887 1419 954; x_wconf 87' lang='lat' dir='ltr'><strong>et</strong></span> <span class='ocrx_word' id='word_1_13' title='bbox 1436 883 1639 954; x_wconf 89' lang='lat' dir='ltr'><strong>munitionis</strong></span> <span class='ocrx_word' id='word_1_14' title='bbox 1657 881 1852 966; x_wconf 86' lang='lat' dir='ltr'><strong>anterioris,</strong></span> <span class='ocrx_word' id='word_1_15' title='bbox 1877 880 1913 952; x_wconf 91' lang='lat' dir='ltr'><strong>in</strong></span> <span class='ocrx_word' id='word_1_16' title='bbox 1945 905 2014 976; x_wconf 92' lang='lat' dir='ltr'><strong>quo</strong></span> <span class='ocrx_word' id='word_1_17' title='bbox 2032 881 2260 983; x_wconf 73' lang='lat' dir='ltr'><strong>sclopetario</strong></span> 
     </span>
     <span class='ocr_line' id='line_1_3' title="bbox 645 1002 2261 1101; baseline 0.01 -33"><span class='ocrx_word' id='word_1_18' title='bbox 645 1036 661 1068; x_wconf 68' lang='lat' dir='ltr'><strong>a</strong></span> <span class='ocrx_word' id='word_1_19' title='bbox 679 1028 757 1076; x_wconf 89' lang='lat' dir='ltr'><strong>rum</strong></span> <span class='ocrx_word' id='word_1_20' title='bbox 780 1002 991 1075; x_wconf 82' lang='lat' dir='ltr'><strong>domicilium</strong></span> <span class='ocrx_word' id='word_1_21' title='bbox 1010 1009 1099 1088; x_wconf 89' lang='lat' dir='ltr'><strong>erat,</strong></span> <span class='ocrx_word' id='word_1_22' title='bbox 1121 1003 1253 1075; x_wconf 88' lang='lat' dir='ltr'><strong>aditum</strong></span> <span class='ocrx_word' id='word_1_23' title='bbox 1283 1004 1435 1100; x_wconf 84' lang='lat' dir='ltr'><strong>aliquem</strong></span> <span class='ocrx_word' id='word_1_24' title='bbox 1457 1006 1701 1101; x_wconf 84' lang='lat' dir='ltr'><strong>patefecisset;</strong></span> <span class='ocrx_word' id='word_1_25' title='bbox 1722 1005 1833 1078; x_wconf 90' lang='lat' dir='ltr'><strong>teneri</strong></span> <span class='ocrx_word' id='word_1_26' title='bbox 1846 1005 1923 1099; x_wconf 88' lang='lat' dir='ltr'><strong>jam</strong></span> <span class='ocrx_word' id='word_1_27' title='bbox 1949 1005 2097 1078; x_wconf 89' lang='lat' dir='ltr'><strong>militum</strong></span> <span class='ocrx_word' id='word_1_28' title='bbox 2124 1017 2261 1084; x_wconf 90' lang='lat' dir='ltr'><strong>nostro·</strong></span> 
     </span>
     <span class='ocr_line' id='line_1_4' title="bbox 644 1125 2261 1223; baseline 0.004 -23"><span class='ocrx_word' id='word_1_29' title='bbox 644 1159 665 1192; x_wconf 69' lang='lat' dir='ltr'><strong>e</strong></span> <span class='ocrx_word' id='word_1_30' title='bbox 680 1152 758 1202; x_wconf 88' lang='lat' dir='ltr'><strong>rum</strong></span> <span class='ocrx_word' id='word_1_31' title='bbox 776 1125 882 1200; x_wconf 91' lang='lat' dir='ltr'><strong>ardor</strong></span> <span class='ocrx_word' id='word_1_32' title='bbox 900 1149 970 1197; x_wconf 91' lang='lat' dir='ltr'><strong>non</strong></span> <span class='ocrx_word' id='word_1_33' title='bbox 988 1127 1115 1222; x_wconf 92' lang='lat' dir='ltr'><strong>potuit,</strong></span> <span class='ocrx_word' id='word_1_34' title='bbox 1136 1127 1220 1221; x_wconf 92' lang='lat' dir='ltr'><strong>quin</strong></span> <span class='ocrx_word' id='word_1_35' title='bbox 1238 1149 1301 1220; x_wconf 91' lang='lat' dir='ltr'><strong>per</strong></span> <span class='ocrx_word' id='word_1_36' title='bbox 1319 1128 1432 1223; x_wconf 84' lang='lat' dir='ltr'><strong>ipsam</strong></span> <span class='ocrx_word' id='word_1_37' title='bbox 1457 1129 1633 1200; x_wconf 87' lang='lat' dir='ltr'><strong>flammam</strong></span> <span class='ocrx_word' id='word_1_38' title='bbox 1660 1129 1883 1223; x_wconf 79' lang='lat' dir='ltr'><strong>irrumperet,</strong></span> <span class='ocrx_word' id='word_1_39' title='bbox 1904 1135 2010 1223; x_wconf 88' lang='lat' dir='ltr'><strong>atque</strong></span> <span class='ocrx_word' id='word_1_40' title='bbox 2027 1129 2166 1203; x_wconf 92' lang='lat' dir='ltr'><strong>hostem</strong></span> <span class='ocrx_word' id='word_1_41' title='bbox 2179 1134 2261 1207; x_wconf 91' lang='lat' dir='ltr'><strong>feri·</strong></span> 
     </span>
     <span class='ocr_line' id='line_1_5' title="bbox 642 1253 2266 1348; baseline 0.001 -21"><span class='ocrx_word' id='word_1_42' title='bbox 642 1283 659 1316; x_wconf 67' lang='lat' dir='ltr'><em>a</em></span> <span class='ocrx_word' id='word_1_43' title='bbox 680 1261 755 1339; x_wconf 86' lang='lat' dir='ltr'><strong>ret;</strong></span> <span class='ocrx_word' id='word_1_44' title='bbox 784 1275 890 1348; x_wconf 91' lang='lat' dir='ltr'><strong>aquo</strong></span> <span class='ocrx_word' id='word_1_45' title='bbox 914 1258 1033 1324; x_wconf 89' lang='lat' dir='ltr'><strong>tamen</strong></span> <span class='ocrx_word' id='word_1_46' title='bbox 1063 1257 1178 1347; x_wconf 88' lang='lat' dir='ltr'><strong>coepto</strong></span> <span class='ocrx_word' id='word_1_47' title='bbox 1208 1276 1287 1324; x_wconf 91' lang='lat' dir='ltr'><strong>cum</strong></span> <span class='ocrx_word' id='word_1_48' title='bbox 1318 1253 1601 1348; x_wconf 69' lang='lat' dir='ltr'><strong>propugnatione</strong></span> <span class='ocrx_word' id='word_1_49' title='bbox 1620 1255 1752 1338; x_wconf 90' lang='lat' dir='ltr'><strong>hostili,</strong></span> <span class='ocrx_word' id='word_1_50' title='bbox 1773 1267 1847 1326; x_wconf 89' lang='lat' dir='ltr'><strong>tum</strong></span> <span class='ocrx_word' id='word_1_51' title='bbox 1875 1255 2026 1328; x_wconf 85' lang='lat' dir='ltr'><strong>maxime</strong></span> <span class='ocrx_word' id='word_1_52' title='bbox 2049 1255 2202 1330; x_wconf 88' lang='lat' dir='ltr'><strong>flammae</strong></span> <span class='ocrx_word' id='word_1_53' title='bbox 2232 1258 2266 1329; x_wconf 89' lang='lat' dir='ltr'><strong>vi</strong></span> 
     </span>
     <span class='ocr_line' id='line_1_6' title="bbox 644 1379 2268 1476; baseline 0.002 -24"><span class='ocrx_word' id='word_1_54' title='bbox 644 1381 832 1475; x_wconf 73' lang='lat' dir='ltr'><strong>«rejectus</strong></span> <span class='ocrx_word' id='word_1_55' title='bbox 864 1383 928 1462; x_wconf 91' lang='lat' dir='ltr'><strong>est,</strong></span> <span class='ocrx_word' id='word_1_56' title='bbox 957 1397 1067 1471; x_wconf 89' lang='lat' dir='ltr'><strong>parvo</strong></span> <span class='ocrx_word' id='word_1_57' title='bbox 1099 1400 1177 1448; x_wconf 90' lang='lat' dir='ltr'><strong>oum</strong></span> <span class='ocrx_word' id='word_1_58' title='bbox 1215 1385 1429 1463; x_wconf 88' lang='lat' dir='ltr'><strong>nostrorum,</strong></span> <span class='ocrx_word' id='word_1_59' title='bbox 1455 1402 1569 1474; x_wconf 89' lang='lat' dir='ltr'><strong>neque</strong></span> <span class='ocrx_word' id='word_1_60' title='bbox 1591 1379 1741 1474; x_wconf 87' lang='lat' dir='ltr'><strong>amplius</strong></span> <span class='ocrx_word' id='word_1_61' title='bbox 1773 1379 1900 1474; x_wconf 87' lang='lat' dir='ltr'><strong>viginti</strong></span> <span class='ocrx_word' id='word_1_62' title='bbox 1930 1386 2076 1474; x_wconf 82' lang='lat' dir='ltr'><strong>septem,</strong></span> <span class='ocrx_word' id='word_1_63' title='bbox 2103 1381 2268 1476; x_wconf 91' lang='lat' dir='ltr'><strong>pluribus</strong></span> 
     </span>
     <span class='ocr_line' id='line_1_7' title="bbox 643 1499 2269 1599; baseline 0.001 -24"><span class='ocrx_word' id='word_1_64' title='bbox 643 1533 660 1565; x_wconf 70' lang='grc' dir='ltr'>κ</span> <span class='ocrx_word' id='word_1_65' title='bbox 680 1511 797 1576; x_wconf 87' lang='lat' dir='ltr'><strong>tamen</strong></span> <span class='ocrx_word' id='word_1_66' title='bbox 821 1499 1027 1583; x_wconf 87' lang='lat' dir='ltr'><strong>vulneratis,</strong></span> <span class='ocrx_word' id='word_1_67' title='bbox 1048 1500 1204 1572; x_wconf 88' lang='lat' dir='ltr'><strong>hostium</strong></span> <span class='ocrx_word' id='word_1_68' title='bbox 1233 1523 1316 1573; x_wconf 87' lang='lat' dir='ltr'><strong>vero</strong></span> <span class='ocrx_word' id='word_1_69' title='bbox 1355 1500 1402 1572; x_wconf 89' lang='lat' dir='ltr'><strong>ad</strong></span> <span class='ocrx_word' id='word_1_70' title='bbox 1432 1500 1665 1574; x_wconf 90' lang='lat' dir='ltr'><strong>ducentorum</strong></span> <span class='ocrx_word' id='word_1_71' title='bbox 1697 1503 1890 1575; x_wconf 89' lang='lat' dir='ltr'><strong>interitum.</strong></span> <span class='ocrx_word' id='word_1_72' title='bbox 1923 1503 2081 1577; x_wconf 88' lang='lat' dir='ltr'><strong>Dederat</strong></span> <span class='ocrx_word' id='word_1_73' title='bbox 2111 1505 2269 1599; x_wconf 91' lang='lat' dir='ltr'><strong>aliquam</strong></span> 
     </span>
     <span class='ocr_line' id='line_1_8' title="bbox 645 1622 2270 1722; baseline 0.006 -31"><span class='ocrx_word' id='word_1_74' title='bbox 645 1659 661 1691; x_wconf 67' lang='lat' dir='ltr'><strong>a</strong></span> <span class='ocrx_word' id='word_1_75' title='bbox 681 1627 792 1699; x_wconf 86' lang='lat' dir='ltr'><strong>hostis</strong></span> <span class='ocrx_word' id='word_1_76' title='bbox 810 1625 935 1699; x_wconf 90' lang='lat' dir='ltr'><strong>eadem</strong></span> <span class='ocrx_word' id='word_1_77' title='bbox 953 1623 1010 1697; x_wconf 90' lang='lat' dir='ltr'><strong>die</strong></span> <span class='ocrx_word' id='word_1_78' title='bbox 1032 1622 1219 1696; x_wconf 84' lang='lat' dir='ltr'><strong>deditionis</strong></span> <span class='ocrx_word' id='word_1_79' title='bbox 1238 1623 1552 1718; x_wconf 88' lang='lat' dir='ltr'><strong>significationem;</strong></span> <span class='ocrx_word' id='word_1_80' title='bbox 1569 1649 1674 1722; x_wconf 90' lang='lat' dir='ltr'><strong>quam</strong></span> <span class='ocrx_word' id='word_1_81' title='bbox 1692 1651 1763 1698; x_wconf 91' lang='lat' dir='ltr'><strong>non</strong></span> <span class='ocrx_word' id='word_1_82' title='bbox 1778 1627 1908 1700; x_wconf 90' lang='lat' dir='ltr'><strong>seriam</strong></span> <span class='ocrx_word' id='word_1_83' title='bbox 1921 1627 2031 1701; x_wconf 88' lang='lat' dir='ltr'><strong>fuisse</strong></span> <span class='ocrx_word' id='word_1_84' title='bbox 2048 1628 2270 1703; x_wconf 89' lang='lat' dir='ltr'><strong>animadver-</strong></span> 
     </span>
     <span class='ocr_line' id='line_1_9' title="bbox 645 1750 2274 1850; baseline 0.002 -25"><span class='ocrx_word' id='word_1_85' title='bbox 645 1782 661 1814; x_wconf 68' lang='grc' dir='ltr'><em>α</em></span> <span class='ocrx_word' id='word_1_86' title='bbox 683 1776 760 1826; x_wconf 88' lang='lat' dir='ltr'><strong>sum</strong></span> <span class='ocrx_word' id='word_1_87' title='bbox 788 1750 854 1824; x_wconf 92' lang='lat' dir='ltr'><strong>fuit</strong></span> <span class='ocrx_word' id='word_1_88' title='bbox 875 1777 882 1822; x_wconf 93' lang='lat'>:</span> <span class='ocrx_word' id='word_1_89' title='bbox 904 1775 983 1824; x_wconf 89' lang='lat' dir='ltr'><strong>eum</strong></span> <span class='ocrx_word' id='word_1_90' title='bbox 1010 1751 1164 1823; x_wconf 87' lang='lat' dir='ltr'><strong>novisse</strong></span> <span class='ocrx_word' id='word_1_91' title='bbox 1195 1750 1460 1835; x_wconf 89' lang='lat' dir='ltr'><strong>munitionibus,</strong></span> <span class='ocrx_word' id='word_1_92' title='bbox 1486 1752 1638 1824; x_wconf 88' lang='lat' dir='ltr'><strong>flammae</strong></span> <span class='ocrx_word' id='word_1_93' title='bbox 1668 1751 1856 1824; x_wconf 88' lang='lat' dir='ltr'><strong>altitudine</strong></span> <span class='ocrx_word' id='word_1_94' title='bbox 1883 1755 2013 1826; x_wconf 88' lang='lat' dir='ltr'><strong>nostris</strong></span> <span class='ocrx_word' id='word_1_95' title='bbox 2044 1763 2274 1850; x_wconf 86' lang='lat' dir='ltr'><strong>conspectum</strong></span> 
     </span>
     <span class='ocr_line' id='line_1_10' title="bbox 645 1872 2276 1971; baseline 0.001 -20"><span class='ocrx_word' id='word_1_96' title='bbox 645 1905 661 1937; x_wconf 68' lang='lat' dir='ltr'><em>u</em></span> <span class='ocrx_word' id='word_1_97' title='bbox 682 1876 865 1971; x_wconf 88' lang='lat' dir='ltr'><strong>eripiente,</strong></span> <span class='ocrx_word' id='word_1_98' title='bbox 886 1873 1105 1947; x_wconf 88' lang='lat' dir='ltr'><strong>circumdare</strong></span> <span class='ocrx_word' id='word_1_99' title='bbox 1123 1872 1288 1968; x_wconf 89' lang='lat' dir='ltr'><strong>deinceps</strong></span> <span class='ocrx_word' id='word_1_100' title='bbox 1316 1875 1496 1968; x_wconf 87' lang='lat' dir='ltr'><strong>cognitum</strong></span> <span class='ocrx_word' id='word_1_101' title='bbox 1515 1882 1619 1948; x_wconf 88' lang='lat' dir='ltr'><strong>esset.</strong></span> <span class='ocrx_word' id='word_1_102' title='bbox 1642 1875 1753 1948; x_wconf 89' lang='lat' dir='ltr'><strong>Nulla</strong></span> <span class='ocrx_word' id='word_1_103' title='bbox 1774 1875 1885 1970; x_wconf 89' lang='lat' dir='ltr'><strong>igitur</strong></span> <span class='ocrx_word' id='word_1_104' title='bbox 1901 1899 1982 1948; x_wconf 87' lang='lat' dir='ltr'><strong>oum</strong></span> <span class='ocrx_word' id='word_1_105' title='bbox 2012 1878 2276 1952; x_wconf 88' lang='lat' dir='ltr'><strong>intermissione</strong></span> 
     </span>
     <span class='ocr_line' id='line_1_11' title="bbox 647 1998 2275 2096; baseline 0.002 -24"><span class='ocrx_word' id='word_1_106' title='bbox 647 2030 663 2062; x_wconf 73' lang='lat' dir='ltr'><strong>u</strong></span> <span class='ocrx_word' id='word_1_107' title='bbox 684 2000 957 2096; x_wconf 83' lang='lat' dir='ltr'><strong>oppugnationis</strong></span> <span class='ocrx_word' id='word_1_108' title='bbox 982 2000 1052 2070; x_wconf 91' lang='lat' dir='ltr'><strong>vim</strong></span> <span class='ocrx_word' id='word_1_109' title='bbox 1073 2021 1213 2071; x_wconf 90' lang='lat' dir='ltr'><strong>omnem</strong></span> <span class='ocrx_word' id='word_1_110' title='bbox 1231 1998 1481 2084; x_wconf 88' lang='lat' dir='ltr'><strong>adhibendam,</strong></span> <span class='ocrx_word' id='word_1_111' title='bbox 1503 1998 1708 2093; x_wconf 89' lang='lat' dir='ltr'><strong>nullumque</strong></span> <span class='ocrx_word' id='word_1_112' title='bbox 1727 1998 1822 2071; x_wconf 90' lang='lat' dir='ltr'><strong>hosti</strong></span> <span class='ocrx_word' id='word_1_113' title='bbox 1851 2000 2053 2094; x_wconf 89' lang='lat' dir='ltr'><strong>quiescendi</strong></span> <span class='ocrx_word' id='word_1_114' title='bbox 2081 2011 2143 2075; x_wconf 89' lang='lat' dir='ltr'><strong>aut</strong></span> <span class='ocrx_word' id='word_1_115' title='bbox 2160 2027 2198 2075; x_wconf 91' lang='lat' dir='ltr'><strong>se</strong></span> <span class='ocrx_word' id='word_1_116' title='bbox 2215 2004 2275 2075; x_wconf 92' lang='lat' dir='ltr'><strong>fir-</strong></span> 
     </span>
     <span class='ocr_line' id='line_1_12' title="bbox 647 2113 2277 2226; baseline 0.003 -31"><span class='ocrx_word' id='word_1_117' title='bbox 647 2153 663 2184; x_wconf 71' lang='lat'>«</span> <span class='ocrx_word' id='word_1_118' title='bbox 684 2123 774 2196; x_wconf 88' lang='lat' dir='ltr'><strong>mius</strong></span> <span class='ocrx_word' id='word_1_119' title='bbox 787 2122 968 2195; x_wconf 93' lang='lat' dir='ltr'><strong>muniendi</strong></span> <span class='ocrx_word' id='word_1_120' title='bbox 986 2113 1139 2217; x_wconf 73' lang='lat' dir='ltr'><strong>spatium</strong></span> <span class='ocrx_word' id='word_1_121' title='bbox 1152 2123 1414 2226; x_wconf 84' lang='lat' dir='ltr'><strong>concedendurn</strong></span> <span class='ocrx_word' id='word_1_122' title='bbox 1427 2122 1664 2217; x_wconf 89' lang='lat' dir='ltr'><strong>judicavimus</strong></span> <span class='ocrx_word' id='word_1_123' title='bbox 1678 2148 1686 2208; x_wconf 92' lang='grc'><strong>;</strong></span> <span class='ocrx_word' id='word_1_124' title='bbox 1704 2129 1915 2218; x_wconf 88' lang='lat' dir='ltr'><strong>posteroque</strong></span> <span class='ocrx_word' id='word_1_125' title='bbox 1931 2123 1988 2197; x_wconf 88' lang='lat' dir='ltr'><strong>die</strong></span> <span class='ocrx_word' id='word_1_126' title='bbox 2001 2125 2120 2219; x_wconf 89' lang='lat' dir='ltr'><strong>ignem</strong></span> <span class='ocrx_word' id='word_1_127' title='bbox 2134 2125 2170 2197; x_wconf 93' lang='lat' dir='ltr'><strong>in</strong></span> <span class='ocrx_word' id='word_1_128' title='bbox 2185 2127 2277 2200; x_wconf 85' lang='lat' dir='ltr'><strong>alias</strong></span> 
     </span>
     <span class='ocr_line' id='line_1_13' title="bbox 648 2246 2277 2345; baseline 0.001 -24"><span class='ocrx_word' id='word_1_129' title='bbox 648 2279 663 2308; x_wconf 65' lang='lat' dir='ltr'><strong><em>a</em></strong></span> <span class='ocrx_word' id='word_1_130' title='bbox 684 2248 888 2321; x_wconf 90' lang='lat' dir='ltr'><strong>munitionis</strong></span> <span class='ocrx_word' id='word_1_131' title='bbox 908 2254 1027 2341; x_wconf 90' lang='lat' dir='ltr'><strong>partes</strong></span> <span class='ocrx_word' id='word_1_132' title='bbox 1045 2247 1164 2318; x_wconf 91' lang='lat' dir='ltr'><strong>intulit</strong></span> <span class='ocrx_word' id='word_1_133' title='bbox 1185 2246 1298 2331; x_wconf 88' lang='lat' dir='ltr'><strong>miles,</strong></span> <span class='ocrx_word' id='word_1_134' title='bbox 1320 2247 1443 2339; x_wconf 90' lang='lat' dir='ltr'><strong>inquo</strong></span> <span class='ocrx_word' id='word_1_135' title='bbox 1474 2248 1609 2340; x_wconf 88' lang='lat' dir='ltr'><strong>equites</strong></span> <span class='ocrx_word' id='word_1_136' title='bbox 1635 2247 1742 2318; x_wconf 89' lang='lat' dir='ltr'><strong>etiam</strong></span> <span class='ocrx_word' id='word_1_137' title='bbox 1761 2255 1874 2332; x_wconf 85' lang='lat' dir='ltr'><strong>erant,</strong></span> <span class='ocrx_word' id='word_1_138' title='bbox 1895 2249 1967 2341; x_wconf 93' lang='lat' dir='ltr'><strong>qui,</strong></span> <span class='ocrx_word' id='word_1_139' title='bbox 1989 2251 2096 2323; x_wconf 89' lang='lat' dir='ltr'><strong>misso</strong></span> <span class='ocrx_word' id='word_1_140' title='bbox 2115 2273 2217 2345; x_wconf 90' lang='lat' dir='ltr'><strong>equo,</strong></span> <span class='ocrx_word' id='word_1_141' title='bbox 2240 2252 2277 2322; x_wconf 92' lang='lat' dir='ltr'><strong>in</strong></span> 
     </span>
     <span class='ocr_line' id='line_1_14' title="bbox 647 2369 2275 2467; baseline 0.001 -23"><span class='ocrx_word' id='word_1_142' title='bbox 647 2400 664 2432; x_wconf 64' lang='lat' dir='ltr'><strong><em>a</em></strong></span> <span class='ocrx_word' id='word_1_143' title='bbox 686 2372 793 2467; x_wconf 90' lang='lat' dir='ltr'><strong>pedes</strong></span> <span class='ocrx_word' id='word_1_144' title='bbox 812 2369 1079 2443; x_wconf 88' lang='lat' dir='ltr'><strong>descenderant.</strong></span> <span class='ocrx_word' id='word_1_145' title='bbox 1104 2371 1194 2454; x_wconf 84' lang='lat' dir='ltr'><strong>Quo,</strong></span> <span class='ocrx_word' id='word_1_146' title='bbox 1215 2393 1294 2442; x_wconf 93' lang='lat' dir='ltr'><strong>cum</strong></span> <span class='ocrx_word' id='word_1_147' title='bbox 1311 2371 1441 2442; x_wconf 88' lang='lat' dir='ltr'><strong>iterum</strong></span> <span class='ocrx_word' id='word_1_148' title='bbox 1458 2369 1575 2466; x_wconf 89' lang='lat' dir='ltr'><strong>aliqua</strong></span> <span class='ocrx_word' id='word_1_149' title='bbox 1603 2372 1693 2442; x_wconf 92' lang='lat' dir='ltr'><strong>muri</strong></span> <span class='ocrx_word' id='word_1_150' title='bbox 1713 2395 1796 2466; x_wconf 89' lang='lat' dir='ltr'><strong>pars</strong></span> <span class='ocrx_word' id='word_1_151' title='bbox 1814 2371 1931 2444; x_wconf 90' lang='lat' dir='ltr'><strong>deleta</strong></span> <span class='ocrx_word' id='word_1_152' title='bbox 1949 2381 2054 2459; x_wconf 90' lang='lat' dir='ltr'><strong>esset,</strong></span> <span class='ocrx_word' id='word_1_153' title='bbox 2075 2383 2111 2447; x_wconf 90' lang='lat' dir='ltr'><strong>et</strong></span> <span class='ocrx_word' id='word_1_154' title='bbox 2132 2375 2275 2461; x_wconf 87' lang='lat' dir='ltr'><strong>olivum,</strong></span> 
     </span>
     <span class='ocr_line' id='line_1_15' title="bbox 648 2497 2278 2593; baseline 0.002 -23"><span class='ocrx_word' id='word_1_155' title='bbox 648 2529 664 2561; x_wconf 69' lang='lat' dir='ltr'><strong>a</strong></span> <span class='ocrx_word' id='word_1_156' title='bbox 686 2501 721 2570; x_wconf 94' lang='lat' dir='ltr'><strong>in</strong></span> <span class='ocrx_word' id='word_1_157' title='bbox 735 2522 802 2593; x_wconf 92' lang='lat' dir='ltr'><strong>quo</strong></span> <span class='ocrx_word' id='word_1_158' title='bbox 817 2497 1122 2593; x_wconf 84' lang='lat' dir='ltr'><strong>propugnaculum</strong></span> <span class='ocrx_word' id='word_1_159' title='bbox 1135 2505 1241 2569; x_wconf 90' lang='lat' dir='ltr'><strong>antea</strong></span> <span class='ocrx_word' id='word_1_160' title='bbox 1261 2497 1345 2591; x_wconf 90' lang='lat' dir='ltr'><strong>igne</strong></span> <span class='ocrx_word' id='word_1_161' title='bbox 1361 2498 1585 2591; x_wconf 87' lang='lat' dir='ltr'><strong>absumptum</strong></span> <span class='ocrx_word' id='word_1_162' title='bbox 1604 2505 1690 2582; x_wconf 85' lang='lat' dir='ltr'><strong>erat,</strong></span> <span class='ocrx_word' id='word_1_163' title='bbox 1712 2499 1895 2584; x_wconf 87' lang='lat' dir='ltr'><strong>tenuisset,</strong></span> <span class='ocrx_word' id='word_1_164' title='bbox 1917 2523 1960 2572; x_wconf 88' lang='lat' dir='ltr'><strong>ac</strong></span> <span class='ocrx_word' id='word_1_165' title='bbox 1979 2499 2107 2573; x_wconf 92' lang='lat' dir='ltr'><strong>deinde</strong></span> <span class='ocrx_word' id='word_1_166' title='bbox 2121 2501 2278 2574; x_wconf 88' lang='lat' dir='ltr'><strong>adlatus</strong></span> 
     </span>
     <span class='ocr_line' id='line_1_16' title="bbox 647 2621 2272 2719; baseline 0 -23"><span class='ocrx_word' id='word_1_167' title='bbox 647 2653 664 2685; x_wconf 74' lang='grc' dir='ltr'><strong>ιι</strong></span> <span class='ocrx_word' id='word_1_168' title='bbox 685 2623 864 2696; x_wconf 88' lang='lat' dir='ltr'><strong>hostilium</strong></span> <span class='ocrx_word' id='word_1_169' title='bbox 877 2623 1052 2694; x_wconf 87' lang='lat' dir='ltr'><strong>fossarum</strong></span> <span class='ocrx_word' id='word_1_170' title='bbox 1066 2644 1108 2694; x_wconf 90' lang='lat' dir='ltr'><strong>ac</strong></span> <span class='ocrx_word' id='word_1_171' title='bbox 1126 2623 1359 2694; x_wconf 90' lang='lat' dir='ltr'><strong>munitionum</strong></span> <span class='ocrx_word' id='word_1_172' title='bbox 1377 2623 1439 2692; x_wconf 90' lang='lat' dir='ltr'><strong>illa</strong></span> <span class='ocrx_word' id='word_1_173' title='bbox 1455 2629 1556 2716; x_wconf 88' lang='lat' dir='ltr'><strong>parte</strong></span> <span class='ocrx_word' id='word_1_174' title='bbox 1570 2621 1699 2706; x_wconf 90' lang='lat' dir='ltr'><strong>deleta,</strong></span> <span class='ocrx_word' id='word_1_175' title='bbox 1716 2623 1947 2696; x_wconf 90' lang='lat' dir='ltr'><strong>tumultuario</strong></span> <span class='ocrx_word' id='word_1_176' title='bbox 1963 2647 2071 2719; x_wconf 91' lang='lat' dir='ltr'><strong>opere</strong></span> <span class='ocrx_word' id='word_1_177' title='bbox 2085 2625 2272 2707; x_wconf 87' lang='lat' dir='ltr'><strong>factarum,</strong></span> 
     </span>
     <span class='ocr_line' id='line_1_17' title="bbox 649 2748 2278 2847; baseline 0.002 -25"><span class='ocrx_word' id='word_1_178' title='bbox 649 2781 665 2812; x_wconf 73' lang='grc' dir='ltr'>ι</span> <span class='ocrx_word' id='word_1_179' title='bbox 684 2751 798 2824; x_wconf 88' lang='lat' dir='ltr'><strong>fossas</strong></span> <span class='ocrx_word' id='word_1_180' title='bbox 815 2773 857 2821; x_wconf 90' lang='lat' dir='ltr'><strong>ac</strong></span> <span class='ocrx_word' id='word_1_181' title='bbox 887 2748 1099 2822; x_wconf 88' lang='lat' dir='ltr'><strong>munitiones</strong></span> <span class='ocrx_word' id='word_1_182' title='bbox 1131 2748 1303 2833; x_wconf 89' lang='lat' dir='ltr'><strong>ducendo,</strong></span> <span class='ocrx_word' id='word_1_183' title='bbox 1324 2748 1563 2842; x_wconf 88' lang='lat' dir='ltr'><strong>praesidiarios</strong></span> <span class='ocrx_word' id='word_1_184' title='bbox 1582 2749 1767 2822; x_wconf 85' lang='lat' dir='ltr'><strong>circumire</strong></span> <span class='ocrx_word' id='word_1_185' title='bbox 1793 2748 1867 2822; x_wconf 89' lang='lat' dir='ltr'><strong>fere</strong></span> <span class='ocrx_word' id='word_1_186' title='bbox 1899 2751 2079 2844; x_wconf 89' lang='lat' dir='ltr'><strong>coepisset,</strong></span> <span class='ocrx_word' id='word_1_187' title='bbox 2101 2759 2208 2847; x_wconf 90' lang='lat' dir='ltr'><strong>atque</strong></span> <span class='ocrx_word' id='word_1_188' title='bbox 2226 2753 2278 2824; x_wconf 88' lang='lat' dir='ltr'><strong>sic</strong></span> 
     </span>
     <span class='ocr_line' id='line_1_18' title="bbox 649 2874 2278 2971; baseline 0 -23"><span class='ocrx_word' id='word_1_189' title='bbox 649 2905 665 2936; x_wconf 69' lang='lat' dir='ltr'><strong>u</strong></span> <span class='ocrx_word' id='word_1_190' title='bbox 687 2877 722 2947; x_wconf 94' lang='lat' dir='ltr'><strong>in</strong></span> <span class='ocrx_word' id='word_1_191' title='bbox 754 2881 927 2971; x_wconf 84' lang='lat' dir='ltr'><strong>potestate</strong></span> <span class='ocrx_word' id='word_1_192' title='bbox 955 2875 1068 2946; x_wconf 89' lang='lat' dir='ltr'><strong>hostis</strong></span> <span class='ocrx_word' id='word_1_193' title='bbox 1098 2882 1211 2958; x_wconf 82' lang='lat' dir='ltr'><strong>esset3</strong></span> <span class='ocrx_word' id='word_1_194' title='bbox 1237 2897 1301 2945; x_wconf 92' lang='lat' dir='ltr'><strong>nos</strong></span> <span class='ocrx_word' id='word_1_195' title='bbox 1331 2881 1367 2946; x_wconf 90' lang='lat' dir='ltr'><strong>et</strong></span> <span class='ocrx_word' id='word_1_196' title='bbox 1396 2874 1576 2968; x_wconf 87' lang='lat' dir='ltr'><strong>sanguini</strong></span> <span class='ocrx_word' id='word_1_197' title='bbox 1592 2874 1785 2946; x_wconf 88' lang='lat' dir='ltr'><strong>christiano</strong></span> <span class='ocrx_word' id='word_1_198' title='bbox 1815 2875 2043 2968; x_wconf 85' lang='lat' dir='ltr'><strong>parcendum,</strong></span> <span class='ocrx_word' id='word_1_199' title='bbox 2071 2884 2108 2948; x_wconf 90' lang='lat' dir='ltr'><strong>et</strong></span> <span class='ocrx_word' id='word_1_200' title='bbox 2133 2891 2278 2971; x_wconf 85' lang='lat' dir='ltr'><strong>operam</strong></span> 
     </span>
     <span class='ocr_line' id='line_1_19' title="bbox 656 2998 2280 3094; baseline 0.002 -24"><span class='ocrx_word' id='word_1_201' title='bbox 656 3028 673 3061; x_wconf 71' lang='lat' dir='ltr'><em>u</em></span> <span class='ocrx_word' id='word_1_202' title='bbox 695 2998 848 3072; x_wconf 90' lang='lat' dir='ltr'><strong>dandam</strong></span> <span class='ocrx_word' id='word_1_203' title='bbox 878 2998 960 3083; x_wconf 91' lang='lat' dir='ltr'><strong>rati,</strong></span> <span class='ocrx_word' id='word_1_204' title='bbox 989 3005 1029 3070; x_wconf 91' lang='lat' dir='ltr'><strong>ut</strong></span> <span class='ocrx_word' id='word_1_205' title='bbox 1058 3021 1139 3070; x_wconf 88' lang='lat' dir='ltr'><strong>arce</strong></span> <span class='ocrx_word' id='word_1_206' title='bbox 1171 3020 1276 3092; x_wconf 87' lang='lat' dir='ltr'><strong>quam</strong></span> <span class='ocrx_word' id='word_1_207' title='bbox 1308 2998 1459 3070; x_wconf 84' lang='lat' dir='ltr'><strong>maxime</strong></span> <span class='ocrx_word' id='word_1_208' title='bbox 1486 2999 1637 3093; x_wconf 88' lang='lat' dir='ltr'><strong>integra,</strong></span> <span class='ocrx_word' id='word_1_209' title='bbox 1665 3021 1743 3071; x_wconf 93' lang='lat' dir='ltr'><strong>cum</strong></span> <span class='ocrx_word' id='word_1_210' title='bbox 1772 3005 2028 3072; x_wconf 88' lang='lat' dir='ltr'><strong>tormentorum</strong></span> <span class='ocrx_word' id='word_1_211' title='bbox 2059 2999 2280 3094; x_wconf 89' lang='lat' dir='ltr'><strong>aliorumque</strong></span> 
     </span>
     <span class='ocr_line' id='line_1_20' title="bbox 649 3122 2280 3220; baseline 0.003 -26"><span class='ocrx_word' id='word_1_212' title='bbox 649 3153 666 3185; x_wconf 70' lang='grc' dir='ltr'>κ</span> <span class='ocrx_word' id='word_1_213' title='bbox 688 3122 772 3197; x_wconf 92' lang='lat' dir='ltr'><strong>belli</strong></span> <span class='ocrx_word' id='word_1_214' title='bbox 789 3123 1101 3196; x_wconf 89' lang='lat' dir='ltr'><strong>instrumentorum</strong></span> <span class='ocrx_word' id='word_1_215' title='bbox 1116 3130 1303 3216; x_wconf 88' lang='lat' dir='ltr'><strong>apparatu,</strong></span> <span class='ocrx_word' id='word_1_216' title='bbox 1321 3123 1537 3217; x_wconf 90' lang='lat' dir='ltr'><strong>potiremur;</strong></span> <span class='ocrx_word' id='word_1_217' title='bbox 1558 3147 1638 3218; x_wconf 87' lang='lat' dir='ltr'><strong>quae</strong></span> <span class='ocrx_word' id='word_1_218' title='bbox 1655 3123 1768 3199; x_wconf 90' lang='lat' dir='ltr'><strong>hostis</strong></span> <span class='ocrx_word' id='word_1_219' title='bbox 1786 3123 1861 3217; x_wconf 87' lang='lat' dir='ltr'><strong>ipse</strong></span> <span class='ocrx_word' id='word_1_220' title='bbox 1879 3124 1924 3195; x_wconf 91' lang='lat' dir='ltr'><strong>ad</strong></span> <span class='ocrx_word' id='word_1_221' title='bbox 1944 3131 2137 3197; x_wconf 86' lang='lat' dir='ltr'><strong>extremum</strong></span> <span class='ocrx_word' id='word_1_222' title='bbox 2151 3125 2280 3220; x_wconf 86' lang='lat' dir='ltr'><strong>injecto</strong></span> 
     </span>
     <span class='ocr_line' id='line_1_21' title="bbox 651 3247 2274 3343; baseline 0.001 -25"><span class='ocrx_word' id='word_1_223' title='bbox 651 3277 667 3310; x_wconf 68' lang='lat' dir='ltr'><strong>a</strong></span> <span class='ocrx_word' id='word_1_224' title='bbox 688 3248 772 3342; x_wconf 89' lang='lat' dir='ltr'><strong>igne</strong></span> <span class='ocrx_word' id='word_1_225' title='bbox 793 3247 911 3320; x_wconf 88' lang='lat' dir='ltr'><strong>delere</strong></span> <span class='ocrx_word' id='word_1_226' title='bbox 942 3253 1086 3342; x_wconf 90' lang='lat' dir='ltr'><strong>posset:</strong></span> <span class='ocrx_word' id='word_1_227' title='bbox 1107 3247 1201 3318; x_wconf 87' lang='lat' dir='ltr'><strong>facta</strong></span> <span class='ocrx_word' id='word_1_228' title='bbox 1218 3247 1379 3320; x_wconf 89' lang='lat' dir='ltr'><strong>omnibus</strong></span> <span class='ocrx_word' id='word_1_229' title='bbox 1401 3248 1484 3320; x_wconf 86' lang='lat' dir='ltr'><strong>vitas</strong></span> <span class='ocrx_word' id='word_1_230' title='bbox 1512 3249 1638 3342; x_wconf 86' lang='lat' dir='ltr'><strong>gratia,</strong></span> <span class='ocrx_word' id='word_1_231' title='bbox 1655 3248 1889 3342; x_wconf 90' lang='lat' dir='ltr'><strong>permisimus,</strong></span> <span class='ocrx_word' id='word_1_232' title='bbox 1909 3257 1961 3334; x_wconf 92' lang='lat' dir='ltr'><strong>ut,</strong></span> <span class='ocrx_word' id='word_1_233' title='bbox 1982 3251 2041 3343; x_wconf 93' lang='lat' dir='ltr'><strong>qui</strong></span> <span class='ocrx_word' id='word_1_234' title='bbox 2060 3250 2161 3322; x_wconf 91' lang='lat' dir='ltr'><strong>nobis</strong></span> <span class='ocrx_word' id='word_1_235' title='bbox 2183 3250 2274 3321; x_wconf 94' lang='lat' dir='ltr'><strong>mili-</strong></span> 
     </span>
     <span class='ocr_line' id='line_1_22' title="bbox 652 3359 2277 3470; baseline 0 -24"><span class='ocrx_word' id='word_1_236' title='bbox 652 3403 667 3434; x_wconf 70' lang='grc' dir='ltr'><strong>ιε</strong></span> <span class='ocrx_word' id='word_1_237' title='bbox 688 3381 766 3446; x_wconf 91' lang='lat' dir='ltr'><strong>tare</strong></span> <span class='ocrx_word' id='word_1_238' title='bbox 796 3371 927 3446; x_wconf 89' lang='lat' dir='ltr'><strong>vellent</strong></span> <span class='ocrx_word' id='word_1_239' title='bbox 956 3371 1144 3468; x_wconf 81' lang='lat' dir='ltr'><strong>(quoniam,</strong></span> <span class='ocrx_word' id='word_1_240' title='bbox 1168 3359 1227 3465; x_wconf 87' lang='lat' dir='ltr'><strong>qui</strong></span> <span class='ocrx_word' id='word_1_241' title='bbox 1257 3371 1378 3452; x_wconf 90' lang='lat' dir='ltr'><strong>velint,</strong></span> <span class='ocrx_word' id='word_1_242' title='bbox 1410 3395 1560 3470; x_wconf 85' lang='lat' dir='ltr'><strong>magnus</strong></span> <span class='ocrx_word' id='word_1_243' title='bbox 1590 3395 1676 3444; x_wconf 88' lang='lat' dir='ltr'><strong>sane</strong></span> <span class='ocrx_word' id='word_1_244' title='bbox 1707 3379 1762 3444; x_wconf 90' lang='lat' dir='ltr'><strong>est</strong></span> <span class='ocrx_word' id='word_1_245' title='bbox 1793 3379 1971 3466; x_wconf 89' lang='lat' dir='ltr'><strong>numerus)</strong></span> <span class='ocrx_word' id='word_1_246' title='bbox 1997 3374 2157 3446; x_wconf 87' lang='lat' dir='ltr'><strong>fortunas</strong></span> <span class='ocrx_word' id='word_1_247' title='bbox 2192 3397 2277 3446; x_wconf 88' lang='lat' dir='ltr'><strong>suas</strong></span> 
     </span>
     <span class='ocr_line' id='line_1_23' title="bbox 652 3495 2280 3590; baseline -0.001 -19"><span class='ocrx_word' id='word_1_248' title='bbox 652 3527 668 3558; x_wconf 68' lang='lat' dir='ltr'><em>u</em></span> <span class='ocrx_word' id='word_1_249' title='bbox 690 3520 810 3571; x_wconf 89' lang='lat' dir='ltr'><strong>omnes</strong></span> <span class='ocrx_word' id='word_1_250' title='bbox 848 3495 1041 3569; x_wconf 89' lang='lat' dir='ltr'><strong>incolumes</strong></span> <span class='ocrx_word' id='word_1_251' title='bbox 1083 3503 1346 3581; x_wconf 86' lang='lat' dir='ltr'><strong>conservarent,</strong></span> <span class='ocrx_word' id='word_1_252' title='bbox 1389 3503 1495 3590; x_wconf 91' lang='lat' dir='ltr'><strong>atque</strong></span> <span class='ocrx_word' id='word_1_253' title='bbox 1533 3496 1710 3590; x_wconf 91' lang='lat' dir='ltr'><strong>stipendia</strong></span> <span class='ocrx_word' id='word_1_254' title='bbox 1745 3505 1868 3569; x_wconf 86' lang='lat' dir='ltr'><strong>nostra</strong></span> <span class='ocrx_word' id='word_1_255' title='bbox 1911 3506 2098 3572; x_wconf 89' lang='lat' dir='ltr'><strong>mererent.</strong></span> <span class='ocrx_word' id='word_1_256' title='bbox 2142 3499 2280 3578; x_wconf 85' lang='lat' dir='ltr'><strong>Quibus</strong></span> 
     </span>
     <span class='ocr_line' id='line_1_24' title="bbox 653 3619 2281 3718; baseline 0.001 -25"><span class='ocrx_word' id='word_1_257' title='bbox 653 3651 669 3682; x_wconf 71' lang='lat' dir='ltr'><strong>u</strong></span> <span class='ocrx_word' id='word_1_258' title='bbox 690 3619 861 3694; x_wconf 91' lang='lat' dir='ltr'><strong>redeundi</strong></span> <span class='ocrx_word' id='word_1_259' title='bbox 891 3621 928 3692; x_wconf 92' lang='lat' dir='ltr'><strong>in</strong></span> <span class='ocrx_word' id='word_1_260' title='bbox 958 3619 1176 3692; x_wconf 89' lang='lat' dir='ltr'><strong>Moscoviam</strong></span> <span class='ocrx_word' id='word_1_261' title='bbox 1205 3619 1344 3691; x_wconf 90' lang='lat' dir='ltr'><strong>animus</strong></span> <span class='ocrx_word' id='word_1_262' title='bbox 1362 3627 1467 3705; x_wconf 88' lang='lat' dir='ltr'><strong>esset,</strong></span> <span class='ocrx_word' id='word_1_263' title='bbox 1488 3620 1538 3704; x_wconf 92' lang='lat' dir='ltr'><strong>id,</strong></span> <span class='ocrx_word' id='word_1_264' title='bbox 1558 3622 1659 3693; x_wconf 90' lang='lat' dir='ltr'><strong>nobis</strong></span> <span class='ocrx_word' id='word_1_265' title='bbox 1686 3622 1985 3716; x_wconf 88' lang='lat' dir='ltr'><strong>permittentibus,</strong></span> <span class='ocrx_word' id='word_1_266' title='bbox 2002 3630 2108 3718; x_wconf 89' lang='lat' dir='ltr'><strong>atque</strong></span> <span class='ocrx_word' id='word_1_267' title='bbox 2136 3645 2281 3695; x_wconf 90' lang='lat' dir='ltr'><strong>omnem</strong></span> 
     </span>
     <span class='ocr_line' id='line_1_25' title="bbox 654 3743 2277 3840; baseline -0.001 -20"><span class='ocrx_word' id='word_1_268' title='bbox 654 3748 916 3820; x_wconf 71' lang='lat' dir='ltr'><strong>“securitatem</strong></span> <span class='ocrx_word' id='word_1_269' title='bbox 946 3745 1209 3840; x_wconf 86' lang='lat' dir='ltr'><strong>praestantibus,</strong></span> <span class='ocrx_word' id='word_1_270' title='bbox 1229 3743 1397 3816; x_wconf 89' lang='lat' dir='ltr'><strong>facerent.</strong></span> <span class='ocrx_word' id='word_1_271' title='bbox 1420 3746 1590 3828; x_wconf 89' lang='lat' dir='ltr'><strong>Palatini,</strong></span> <span class='ocrx_word' id='word_1_272' title='bbox 1611 3745 1767 3819; x_wconf 89' lang='lat' dir='ltr'><strong>Basilius</strong></span> <span class='ocrx_word' id='word_1_273' title='bbox 1798 3748 2023 3832; x_wconf 75' lang='lat' dir='ltr'><strong>lwanowim,</strong></span> <span class='ocrx_word' id='word_1_274' title='bbox 2051 3747 2277 3834; x_wconf 83' lang='lat' dir='ltr'><strong>Mikolinski,</strong></span> 
     </span>
     <span class='ocr_line' id='line_1_26' title="bbox 654 3863 2278 3968; baseline 0 -24"><span class='ocrx_word' id='word_1_275' title='bbox 654 3902 669 3934; x_wconf 72' lang='grc' dir='ltr'>κ</span> <span class='ocrx_word' id='word_1_276' title='bbox 691 3869 934 3954; x_wconf 76' lang='lat' dir='ltr'><strong>Telakowslri‚</strong></span> <span class='ocrx_word' id='word_1_277' title='bbox 957 3870 1156 3942; x_wconf 88' lang='lat' dir='ltr'><strong>Demetrius</strong></span> <span class='ocrx_word' id='word_1_278' title='bbox 1187 3869 1454 3955; x_wconf 75' lang='lat' dir='ltr'><strong>Mache-tonica,</strong></span> <span class='ocrx_word' id='word_1_279' title='bbox 1476 3870 1683 3968; x_wconf 88' lang='lat' dir='ltr'><strong>Szozerbaty</strong></span> <span class='ocrx_word' id='word_1_280' title='bbox 1702 3871 1903 3956; x_wconf 87' lang='lat' dir='ltr'><strong>Obolinski,</strong></span> <span class='ocrx_word' id='word_1_281' title='bbox 1920 3863 2114 3946; x_wconf 84' lang='lat' dir='ltr'><strong>Matthaeus</strong></span> <span class='ocrx_word' id='word_1_282' title='bbox 2134 3874 2278 3945; x_wconf 89' lang='lat' dir='ltr'><strong>Iwano-</strong></span> 
     </span>
     <span class='ocr_line' id='line_1_27' title="bbox 654 3993 2280 4081; baseline 0 -14"><span class='ocrx_word' id='word_1_283' title='bbox 654 3996 777 4068; x_wconf 66' lang='lat' dir='ltr'><strong>awicz</strong></span> <span class='ocrx_word' id='word_1_284' title='bbox 794 3994 957 4080; x_wconf 86' lang='lat' dir='ltr'><strong>Rzowki,</strong></span> <span class='ocrx_word' id='word_1_285' title='bbox 981 3993 1082 4065; x_wconf 86' lang='lat' dir='ltr'><strong>Iwan</strong></span> <span class='ocrx_word' id='word_1_286' title='bbox 1114 3993 1368 4066; x_wconf 88' lang='lat' dir='ltr'><strong>Hrehorowicz</strong></span> <span class='ocrx_word' id='word_1_287' title='bbox 1386 3994 1505 4079; x_wconf 86' lang='lat' dir='ltr'><strong>Susin,</strong></span> <span class='ocrx_word' id='word_1_288' title='bbox 1535 3995 1664 4066; x_wconf 89' lang='lat' dir='ltr'><strong>Petrus</strong></span> <span class='ocrx_word' id='word_1_289' title='bbox 1684 3996 1895 4069; x_wconf 90' lang='lat' dir='ltr'><strong>Iwanowicz</strong></span> <span class='ocrx_word' id='word_1_290' title='bbox 1920 3995 2116 4081; x_wconf 87' lang='lat' dir='ltr'><strong>Wolinski,</strong></span> <span class='ocrx_word' id='word_1_291' title='bbox 2138 3997 2280 4068; x_wconf 86' lang='lat' dir='ltr'><strong>Lukian</strong></span> 
     </span>
     <span class='ocr_line' id='line_1_28' title="bbox 654 4117 2280 4226; baseline 0 -34"><span class='ocrx_word' id='word_1_292' title='bbox 654 4151 670 4182; x_wconf 71' lang='lat' dir='ltr'><strong><em>u</em></strong></span> <span class='ocrx_word' id='word_1_293' title='bbox 691 4120 905 4194; x_wconf 77' lang='lat' dir='ltr'><strong>Trecialrow</strong></span> <span class='ocrx_word' id='word_1_294' title='bbox 917 4119 1048 4192; x_wconf 83' lang='lat' dir='ltr'><strong>Rakou</strong></span> <span class='ocrx_word' id='word_1_295' title='bbox 1066 4117 1160 4191; x_wconf 88' lang='lat' dir='ltr'><strong>filius</strong></span> <span class='ocrx_word' id='word_1_296' title='bbox 1179 4118 1324 4226; x_wconf 85' lang='lat' dir='ltr'><strong>scribae;</strong></span> <span class='ocrx_word' id='word_1_297' title='bbox 1341 4119 1401 4213; x_wconf 91' lang='lat' dir='ltr'><strong>qui</strong></span> <span class='ocrx_word' id='word_1_298' title='bbox 1419 4119 1548 4214; x_wconf 88' lang='lat' dir='ltr'><strong>partim</strong></span> <span class='ocrx_word' id='word_1_299' title='bbox 1562 4119 1748 4213; x_wconf 84' lang='lat' dir='ltr'><strong>praefuere,</strong></span> <span class='ocrx_word' id='word_1_300' title='bbox 1765 4120 1898 4214; x_wconf 89' lang='lat' dir='ltr'><strong>partim</strong></span> <span class='ocrx_word' id='word_1_301' title='bbox 1915 4119 2015 4193; x_wconf 91' lang='lat' dir='ltr'><strong>fuere</strong></span> <span class='ocrx_word' id='word_1_302' title='bbox 2034 4122 2069 4192; x_wconf 91' lang='lat' dir='ltr'><strong>in</strong></span> <span class='ocrx_word' id='word_1_303' title='bbox 2084 4143 2178 4206; x_wconf 89' lang='lat' dir='ltr'><strong>arce,</strong></span> <span class='ocrx_word' id='word_1_304' title='bbox 2201 4145 2280 4192; x_wconf 90' lang='lat' dir='ltr'><strong>cum</strong></span> 
     </span>
     <span class='ocr_line' id='line_1_29' title="bbox 655 4243 2281 4341; baseline 0 -23"><span class='ocrx_word' id='word_1_305' title='bbox 655 4275 671 4307; x_wconf 66' lang='lat' dir='ltr'><strong>a</strong></span> <span class='ocrx_word' id='word_1_306' title='bbox 692 4268 730 4319; x_wconf 91' lang='lat' dir='ltr'><strong>se</strong></span> <span class='ocrx_word' id='word_1_307' title='bbox 745 4251 870 4341; x_wconf 88' lang='lat' dir='ltr'><strong>sponte</strong></span> <span class='ocrx_word' id='word_1_308' title='bbox 887 4244 1029 4328; x_wconf 88' lang='lat' dir='ltr'><strong>dedere,</strong></span> <span class='ocrx_word' id='word_1_309' title='bbox 1049 4243 1237 4337; x_wconf 87' lang='lat' dir='ltr'><strong>acgratiee</strong></span> <span class='ocrx_word' id='word_1_310' title='bbox 1250 4251 1381 4316; x_wconf 87' lang='lat' dir='ltr'><strong>nostrae</strong></span> <span class='ocrx_word' id='word_1_311' title='bbox 1399 4244 1604 4338; x_wconf 89' lang='lat' dir='ltr'><strong>permittere</strong></span> <span class='ocrx_word' id='word_1_312' title='bbox 1622 4243 1768 4328; x_wconf 90' lang='lat' dir='ltr'><strong>nollent,</strong></span> <span class='ocrx_word' id='word_1_313' title='bbox 1785 4251 1907 4340; x_wconf 90' lang='lat' dir='ltr'><strong>captos</strong></span> <span class='ocrx_word' id='word_1_314' title='bbox 1925 4245 1962 4316; x_wconf 94' lang='lat' dir='ltr'><strong>in</strong></span> <span class='ocrx_word' id='word_1_315' title='bbox 1980 4247 2154 4319; x_wconf 88' lang='lat' dir='ltr'><strong>custodiis</strong></span> <span class='ocrx_word' id='word_1_316' title='bbox 2172 4245 2281 4318; x_wconf 89' lang='lat' dir='ltr'><strong>habe·</strong></span> 
     </span>
     <span class='ocr_line' id='line_1_30' title="bbox 657 4366 2279 4465; baseline 0.001 -25"><span class='ocrx_word' id='word_1_317' title='bbox 657 4392 783 4454; x_wconf 63' lang='lat' dir='ltr'><strong>amus,</strong></span> <span class='ocrx_word' id='word_1_318' title='bbox 806 4375 841 4441; x_wconf 91' lang='lat' dir='ltr'><strong>et</strong></span> <span class='ocrx_word' id='word_1_319' title='bbox 857 4391 987 4452; x_wconf 91' lang='lat' dir='ltr'><strong>arcem,</strong></span> <span class='ocrx_word' id='word_1_320' title='bbox 1007 4366 1174 4462; x_wconf 89' lang='lat' dir='ltr'><strong>praesidio</strong></span> <span class='ocrx_word' id='word_1_321' title='bbox 1206 4374 1326 4440; x_wconf 88' lang='lat' dir='ltr'><strong>nostro</strong></span> <span class='ocrx_word' id='word_1_322' title='bbox 1339 4369 1415 4462; x_wconf 86' lang='lat' dir='ltr'><strong>jam</strong></span> <span class='ocrx_word' id='word_1_323' title='bbox 1433 4369 1602 4450; x_wconf 87' lang='lat' dir='ltr'><strong>immisso,</strong></span> <span class='ocrx_word' id='word_1_324' title='bbox 1624 4367 1832 4440; x_wconf 91' lang='lat' dir='ltr'><strong>obtinemus.</strong></span> <span class='ocrx_word' id='word_1_325' title='bbox 1858 4369 1898 4439; x_wconf 94' lang='lat' dir='ltr'><strong>ln</strong></span> <span class='ocrx_word' id='word_1_326' title='bbox 1928 4392 1998 4464; x_wconf 89' lang='lat' dir='ltr'><strong>qua</strong></span> <span class='ocrx_word' id='word_1_327' title='bbox 2023 4371 2164 4465; x_wconf 92' lang='lat' dir='ltr'><strong>quidem</strong></span> <span class='ocrx_word' id='word_1_328' title='bbox 2183 4393 2279 4455; x_wconf 86' lang='lat' dir='ltr'><strong>arce,</strong></span> 
     </span>
     <span class='ocr_line' id='line_1_31' title="bbox 658 4491 2277 4588; baseline 0 -24"><span class='ocrx_word' id='word_1_329' title='bbox 658 4523 673 4554; x_wconf 74' lang='lat' dir='ltr'><strong>u</strong></span> <span class='ocrx_word' id='word_1_330' title='bbox 695 4493 754 4587; x_wconf 90' lang='lat' dir='ltr'><strong>qui</strong></span> <span class='ocrx_word' id='word_1_331' title='bbox 768 4515 845 4564; x_wconf 90' lang='lat' dir='ltr'><strong>eam</strong></span> <span class='ocrx_word' id='word_1_332' title='bbox 865 4491 1114 4579; x_wconf 85' lang='lat' dir='ltr'><strong>defendissent,</strong></span> <span class='ocrx_word' id='word_1_333' title='bbox 1135 4499 1170 4566; x_wconf 92' lang='lat' dir='ltr'><strong>et</strong></span> <span class='ocrx_word' id='word_1_334' title='bbox 1188 4514 1287 4564; x_wconf 88' lang='lat' dir='ltr'><strong>arma</strong></span> <span class='ocrx_word' id='word_1_335' title='bbox 1304 4491 1480 4575; x_wconf 86' lang='lat' dir='ltr'><strong>tulissent,</strong></span> <span class='ocrx_word' id='word_1_336' title='bbox 1501 4491 1595 4563; x_wconf 91' lang='lat' dir='ltr'><strong>ultra</strong></span> <span class='ocrx_word' id='word_1_337' title='bbox 1609 4514 1670 4563; x_wconf 82' lang='lat' dir='ltr'><strong>sex</strong></span> <span class='ocrx_word' id='word_1_338' title='bbox 1690 4491 1800 4563; x_wconf 88' lang='lat' dir='ltr'><strong>millia</strong></span> <span class='ocrx_word' id='word_1_339' title='bbox 1825 4491 1948 4576; x_wconf 90' lang='lat' dir='ltr'><strong>fuisse,</strong></span> <span class='ocrx_word' id='word_1_340' title='bbox 1970 4502 2187 4588; x_wconf 90' lang='lat' dir='ltr'><strong>compertum</strong></span> <span class='ocrx_word' id='word_1_341' title='bbox 2213 4497 2277 4566; x_wconf 86' lang='lat' dir='ltr'><strong>est.</strong></span> 
     </span>
     <span class='ocr_line' id='line_1_32' title="bbox 658 4615 2284 4712; baseline 0 -22"><span class='ocrx_word' id='word_1_342' title='bbox 658 4651 673 4680; x_wconf 66' lang='lat' dir='ltr'><strong>a</strong></span> <span class='ocrx_word' id='word_1_343' title='bbox 695 4617 819 4690; x_wconf 88' lang='lat' dir='ltr'><strong>Nostri</strong></span> <span class='ocrx_word' id='word_1_344' title='bbox 836 4640 915 4690; x_wconf 89' lang='lat' dir='ltr'><strong>eum</strong></span> <span class='ocrx_word' id='word_1_345' title='bbox 932 4618 1084 4711; x_wconf 84' lang='lat' dir='ltr'><strong>ingressi</strong></span> <span class='ocrx_word' id='word_1_346' title='bbox 1099 4623 1235 4703; x_wconf 87' lang='lat' dir='ltr'><strong>essent,</strong></span> <span class='ocrx_word' id='word_1_347' title='bbox 1251 4617 1383 4712; x_wconf 89' lang='lat' dir='ltr'><strong>passim</strong></span> <span class='ocrx_word' id='word_1_348' title='bbox 1401 4639 1569 4711; x_wconf 87' lang='lat' dir='ltr'><strong>magnum</strong></span> <span class='ocrx_word' id='word_1_349' title='bbox 1593 4615 1802 4688; x_wconf 87' lang='lat' dir='ltr'><strong>cadaverum</strong></span> <span class='ocrx_word' id='word_1_350' title='bbox 1822 4616 2078 4712; x_wconf 88' lang='lat' dir='ltr'><strong>insepultorum</strong></span> <span class='ocrx_word' id='word_1_351' title='bbox 2099 4641 2284 4691; x_wconf 90' lang='lat' dir='ltr'><strong>numerum</strong></span> 
     </span>
     <span class='ocr_line' id='line_1_33' title="bbox 659 4740 2281 4838; baseline 0.001 -24"><span class='ocrx_word' id='word_1_352' title='bbox 659 4773 674 4804; x_wconf 68' lang='lat' dir='ltr'><strong>a</strong></span> <span class='ocrx_word' id='word_1_353' title='bbox 695 4748 917 4838; x_wconf 87' lang='lat' dir='ltr'><strong>repererunt,</strong></span> <span class='ocrx_word' id='word_1_354' title='bbox 940 4749 1015 4814; x_wconf 93' lang='lat' dir='ltr'><strong>tum</strong></span> <span class='ocrx_word' id='word_1_355' title='bbox 1045 4741 1491 4837; x_wconf 89' lang='lat' dir='ltr'><strong>tormentorum,.pulveris</strong></span> <span class='ocrx_word' id='word_1_356' title='bbox 1522 4740 1745 4813; x_wconf 85' lang='lat' dir='ltr'><strong>tormentarii</strong></span> <span class='ocrx_word' id='word_1_357' title='bbox 1772 4740 2027 4837; x_wconf 89' lang='lat' dir='ltr'><strong>globorumque</strong></span> <span class='ocrx_word' id='word_1_358' title='bbox 2045 4750 2180 4816; x_wconf 84' lang='lat' dir='ltr'><strong>tantam</strong></span> <span class='ocrx_word' id='word_1_359' title='bbox 2210 4745 2281 4816; x_wconf 93' lang='lat' dir='ltr'><strong>vim</strong></span> 
     </span>
     <span class='ocr_line' id='line_1_34' title="bbox 657 4863 2284 4963; baseline 0.001 -25"><span class='ocrx_word' id='word_1_360' title='bbox 657 4896 674 4928; x_wconf 68' lang='lat' dir='ltr'><em>a</em></span> <span class='ocrx_word' id='word_1_361' title='bbox 695 4867 1015 4963; x_wconf 89' lang='lat' dir='ltr'><strong>deprehenderunt,</strong></span> <span class='ocrx_word' id='word_1_362' title='bbox 1035 4875 1167 4962; x_wconf 88' lang='lat' dir='ltr'><strong>quanta</strong></span> <span class='ocrx_word' id='word_1_363' title='bbox 1183 4866 1219 4938; x_wconf 92' lang='lat' dir='ltr'><strong>iu</strong></span> <span class='ocrx_word' id='word_1_364' title='bbox 1237 4867 1356 4960; x_wconf 89' lang='lat' dir='ltr'><strong>aliqua</strong></span> <span class='ocrx_word' id='word_1_365' title='bbox 1385 4863 1566 4938; x_wconf 86' lang='lat' dir='ltr'><strong>christiani</strong></span> <span class='ocrx_word' id='word_1_366' title='bbox 1596 4865 1689 4937; x_wconf 90' lang='lat' dir='ltr'><strong>orbis</strong></span> <span class='ocrx_word' id='word_1_367' title='bbox 1718 4865 1865 4959; x_wconf 88' lang='lat' dir='ltr'><strong>regione</strong></span> <span class='ocrx_word' id='word_1_368' title='bbox 1892 4863 1948 4938; x_wconf 88' lang='lat' dir='ltr'><strong>his</strong></span> <span class='ocrx_word' id='word_1_369' title='bbox 1981 4867 2197 4961; x_wconf 86' lang='lat' dir='ltr'><strong>temporibus</strong></span> <span class='ocrx_word' id='word_1_370' title='bbox 2230 4869 2284 4940; x_wconf 91' lang='lat' dir='ltr'><strong>in-</strong></span> 
     </span>
     <span class='ocr_line' id='line_1_35' title="bbox 659 4977 2282 5092; baseline 0.001 -28"><span class='ocrx_word' id='word_1_371' title='bbox 659 5020 675 5052; x_wconf 69' lang='lat'><strong>«⁶</strong></span> <span class='ocrx_word' id='word_1_372' title='bbox 697 4991 927 5064; x_wconf 88' lang='lat' dir='ltr'><strong>structissima</strong></span> <span class='ocrx_word' id='word_1_373' title='bbox 943 4999 1063 5085; x_wconf 89' lang='lat' dir='ltr'><strong>posset</strong></span> <span class='ocrx_word' id='word_1_374' title='bbox 1081 4990 1239 5083; x_wconf 89' lang='lat' dir='ltr'><strong>reperiri.</strong></span> <span class='ocrx_word' id='word_1_375' title='bbox 1252 5037 1253 5040; x_wconf 53' lang='lat'><em>=</em></span> <span class='ocrx_word' id='word_1_376' title='bbox 1265 4977 1360 5069; x_wconf 81' lang='lat' dir='ltr'><strong>Quos</strong></span> <span class='ocrx_word' id='word_1_377' title='bbox 1391 4987 1528 5083; x_wconf 89' lang='lat' dir='ltr'><strong>quidem</strong></span> <span class='ocrx_word' id='word_1_378' title='bbox 1547 4991 1599 5063; x_wconf 91' lang='lat' dir='ltr'><strong>rei</strong></span> <span class='ocrx_word' id='word_1_379' title='bbox 1617 4999 1730 5086; x_wconf 88' lang='lat' dir='ltr'><strong>gestae</strong></span> <span class='ocrx_word' id='word_1_380' title='bbox 1753 5013 1950 5074; x_wconf 88' lang='lat' dir='ltr'><strong>successus,</strong></span> <span class='ocrx_word' id='word_1_381' title='bbox 1970 4998 2010 5063; x_wconf 93' lang='lat' dir='ltr'><strong>ut</strong></span> <span class='ocrx_word' id='word_1_382' title='bbox 2036 4992 2072 5062; x_wconf 92' lang='lat' dir='ltr'><strong>iu</strong></span> <span class='ocrx_word' id='word_1_383' title='bbox 2095 4991 2282 5092; x_wconf 16' lang='lat' dir='ltr'><strong>primislad</strong></span> 
     </span>
     <span class='ocr_line' id='line_1_36' title="bbox 660 5112 2280 5212; baseline 0.002 -26"><span class='ocrx_word' id='word_1_384' title='bbox 660 5144 676 5176; x_wconf 71' lang='grc' dir='ltr'>κ</span> <span class='ocrx_word' id='word_1_385' title='bbox 699 5115 813 5187; x_wconf 90' lang='lat' dir='ltr'><strong>Deum</strong></span> <span class='ocrx_word' id='word_1_386' title='bbox 828 5119 1082 5208; x_wconf 87' lang='lat' dir='ltr'><strong>praepotentem</strong></span> <span class='ocrx_word' id='word_1_387' title='bbox 1100 5112 1296 5198; x_wconf 82' lang='lat' dir='ltr'><strong>referimus,</strong></span> <span class='ocrx_word' id='word_1_388' title='bbox 1317 5115 1367 5186; x_wconf 88' lang='lat' dir='ltr'><strong>ita</strong></span> <span class='ocrx_word' id='word_1_389' title='bbox 1382 5115 1434 5186; x_wconf 91' lang='lat' dir='ltr'><strong>illi</strong></span> <span class='ocrx_word' id='word_1_390' title='bbox 1452 5138 1585 5188; x_wconf 87' lang='lat' dir='ltr'><strong>summa</strong></span> <span class='ocrx_word' id='word_1_391' title='bbox 1603 5117 1708 5189; x_wconf 87' lang='lat' dir='ltr'><strong>animi</strong></span> <span class='ocrx_word' id='word_1_392' title='bbox 1739 5115 1869 5210; x_wconf 88' lang='lat' dir='ltr'><strong>pietate</strong></span> <span class='ocrx_word' id='word_1_393' title='bbox 1899 5115 2038 5212; x_wconf 80' lang='lat' dir='ltr'><strong>agimus</strong></span> <span class='ocrx_word' id='word_1_394' title='bbox 2068 5115 2217 5208; x_wconf 88' lang='lat' dir='ltr'><strong>gratias,</strong></span> <span class='ocrx_word' id='word_1_395' title='bbox 2238 5139 2280 5189; x_wconf 86' lang='lat' dir='ltr'><strong>ac</strong></span> 
     </span>
    </p>
   </div>
   <div class='ocr_carea' id='block_1_3' title="bbox 2286 4725 2299 4756">
    <p class='ocr_par' dir='ltr' id='par_1_3' title="bbox 2286 4725 2299 4756">
     <span class='ocr_line' id='line_1_37' title="bbox 2286 4725 2299 4756; baseline 0 0"><span class='ocrx_word' id='word_1_396' title='bbox 2286 4725 2299 4756; x_wconf 59' lang='grc' dir='ltr'>ἱ</span> 
     </span>
    </p>
   </div>
   <div class='ocr_carea' id='block_1_4' title="bbox 0 0 2478 6644">
    <p class='ocr_par' dir='ltr' id='par_1_4' title="bbox 0 0 2478 6644">
     <span class='ocr_line' id='line_1_38' title="bbox 0 0 2478 6644; baseline 0 0"><span class='ocrx_word' id='word_1_397' title='bbox 0 0 2478 6644; x_wconf 95' lang='lat' dir='ltr'><strong> </strong></span> 
     </span>
    </p>
   </div>
  </div>
 </body>
</html>
