4896 6650
655 849 715 914 114
1022 847 1300 911 LlTUANlCARllM
1323 848 1535 910 secleratis
1556 850 1642 916 taso
1664 848 1917 912 Htstottltttuu

652 1034 689 1106 in
707 1030 830 1129 primis
848 1028 1144 1125 Norogrodecum
1163 1031 1202 1102 in
1219 1031 1342 1104 urbem
1360 1031 1503 1104 Russiae
1521 1031 1702 1105 Polonicse
1719 1033 1946 1129 praecipuam‚
1967 1033 2052 1127 ipsis
2070 1033 2271 1121 Photianis,

654 1155 882 1240 calvinianis,
917 1153 1140 1240 Lutheranis,
1166 1154 1371 1250 Judaeisque
1405 1154 1586 1240 refertam,
1619 1157 1666 1227 ad
1691 1156 1859 1252 reliquias
1888 1157 1937 1228 ibi
1967 1154 2219 1230 catholicorum
2237 1158 2274 1230 in

653 1282 824 1376 religione
841 1279 1023 1364 fovendas,
1044 1303 1067 1350 a
1084 1279 1229 1352 curione
1255 1281 1362 1352 etiem
1379 1303 1455 1367 suo,
1476 1283 1580 1354 annis
1598 1283 1728 1354 abhinc
1746 1281 1866 1356 decem
1890 1281 2051 1377 perfuga,
2074 1283 2168 1355 omni
2184 1305 2273 1378 prce-

654 1408 744 1480 sidio
762 1406 888 1478 salutis
918 1404 1117 1488 destitutae,
1139 1403 1208 1475 duo
1238 1405 1392 1478 vicissim
1411 1407 1657 1480 excurrebant.
1679 1407 1816 1480 Horum
1834 1409 1991 1502 ipsorum
2022 1404 2131 1503 opera
2152 1407 2277 1502 viginti

656 1532 807 1626 amplius
833 1532 879 1602 ab
904 1530 1045 1614 haeresi‚
1066 1531 1214 1622 triginta
1241 1530 1358 1625 capita
1374 1554 1397 1601 a
1415 1532 1601 1604 schismate
1620 1531 1667 1602 ad
1688 1531 1884 1605 Ecclesiam
1908 1541 2085 1618 revocata,
2106 1532 2210 1629 plura
2226 1533 2281 1605 his

541 1629 602 1765 ts..
654 1679 718 1751 per
749 1656 870 1728 Socios
901 1654 1049 1748 collegii
1071 1655 1264 1727 Vilnensis.
1294 1656 1536 1749 Brunsbergae
1567 1655 1691 1761 novitii
1720 1657 1839 1740 etiarn,
1861 1662 1966 1751 atque
1991 1658 2016 1728 ii
2043 1657 2182 1751 quidem
2212 1657 2281 1730 hoc

482 1787 586 1880 n’ovirt-
654 1780 732 1874 ipso
759 1800 853 1850 anno
878 1779 1099 1873 congregati,
1120 1801 1269 1873 quorum
1288 1802 1454 1852 numerus
1486 1780 1622 1852 duobus
1639 1788 1676 1852 et
1703 1781 1828 1874 viginti
1855 1789 1933 1853 erat
1952 1803 2023 1852 non
2054 1782 2180 1878 major,
2201 1799 2281 1854 cum

482 1883 628 2005 ffiissn'.
654 1902 749 1975 domi
766 1927 849 1976 suas
866 1904 959 1977 inter
976 1903 1144 1986 latebras,
1165 1912 1240 1975 tum
1261 1905 1298 1975 in
1315 1895 1467 1976 civitatis
1485 1903 1563 1976 luce
1581 1904 1703 1976 officiis
1722 1905 1795 1977 suis
1813 1927 1885 1977 nou
1909 1905 2069 1978 deerant.
2090 1907 2204 1980 Erant
2222 1907 2282 2000 qui

481 2029 582 2084 Brunc-
654 2029 700 2100 ad
717 2028 888 2101 vilissima
906 2027 1013 2100 ctiam
1042 2027 1238 2100 ministeria
1255 2027 1441 2100 alacritate
1457 2029 1637 2124 praecipua
1668 2052 1748 2128 sese
1778 2027 2016 2114 demitterent,
2031 2030 2283 2124 hominumque

484 2113 579 2183 berge.
654 2153 943 2235 miserrimorum,
958 2152 996 2222 in
1014 2175 1154 2223 coenum
1171 2151 1401 2246 abjectorum,
1418 2174 1505 2246 pure
1523 2151 1767 2238 diffluentium,
1785 2177 1906 2226 curam
1919 2154 2156 2241 sustinerent;
2176 2161 2283 2249 atque

653 2278 711 2349 hic
729 2277 848 2348 verbis
878 2284 915 2348 et
931 2274 1139 2347 munusculo
1156 2275 1275 2370 aliquo
1294 2299 1396 2350 sacro
1419 2284 1620 2371 gementem
1637 2277 1825 2363 solaretur,
1845 2278 1898 2350 illi
1929 2278 1972 2351 de
1990 2285 2147 2352 stercore
2164 2285 2281 2376 trans·

652 2401 762 2476 latum
787 2399 959 2485 lavarent,
981 2399 1218 2493 detergerent,
1239 2409 1274 2473 et
1292 2407 1426 2473 tantum
1444 2424 1515 2474 non
1541 2400 1689 2484 saniem,
1710 2402 1885 2475 charitate
1909 2402 2046 2475 incensi
2073 2402 2279 2488 christiana,

651 2531 831 2621 sugerent.
850 2526 941 2596 Itum
958 2525 1041 2597 inde
1057 2525 1094 2597 in
1111 2524 1316 2597 ulteriorem
1334 2526 1518 2597 Prussiam
1536 2534 1572 2599 et
1589 2526 1847 2604 pomeraniam.
1865 2526 1969 2598 Domi
1986 2527 2023 2598 in
2041 2527 2280 2612 tribus‚·P0n-

651 2649 771 2736 titicio,
800 2647 1007 2742 provinciali
1036 2648 1200 2747 dioecesis
1225 2649 1434 2733 Vermiacae,
1462 2658 1498 2722 et
1528 2650 1767 2722 convictorum
1789 2651 1973 2745 Juvenum,
1995 2649 2164 2744 collegiis
2180 2673 2285 2723 suum

653 2775 777 2868 cuique
798 2774 938 2846 virtutis
957 2781 991 2846 et
1009 2795 1128 2868 operae
1157 2773 1310 2867 amplum
1335 2773 1402 2844 fuit
1420 2774 1654 2870 gymnasium.
1679 2774 1720 2846 ln
1738 2775 1795 2846 his
1811 2795 1900 2869 puer
1925 2775 2127 2861 admodum,
2148 2774 2212 2847 sed
2228 2775 2285 2846 in-

652 2898 756 2994 genio
764 2899 842 2993 jam
856 2897 1043 2992 perpolito,
1060 2897 1295 2991 expeditoque
1312 2897 1414 2970 latini
1432 2898 1605 2970 sermonis
1632 2921 1711 2982 usu,
1732 2899 1890 2971 revisens
1906 2907 2071 2993 parentes
2086 2899 2122 2970 in
2136 2897 2286 2971 dioecesi

651 3022 781 3118 patria,
802 3028 877 3093 tota
894 3018 1004 3094 ferme
1020 3021 1252 3116 religionibus
1275 3020 1375 3093 novis
1392 3021 1549 3107 addicta,
1570 3023 1607 3092 in
1626 3044 1821 3116 congressu
1840 2997 2005 3096 derebus
2030 3021 2113 3094 fidei
2132 3022 2285 3095 sincerae

652 3169 675 3220 a
691 3147 862 3246 ministris
887 3145 1116 3218 lutheranicis
1141 3153 1307 3229 tentatus,
1328 3147 1378 3220 sic
1405 3169 1465 3220 eos
1483 3148 1715 3241 argumentis,
1731 3170 1811 3241 quae
1841 3147 1877 3218 in
1894 3145 2025 3219 scholis
2043 3153 2080 3218 et
2097 3167 2160 3241 per
2186 3152 2285 3218 cate·

652 3272 804 3345 chismos
835 3271 1019 3358 didicerat,
1054 3271 1213 3366 agitavit,
1234 3279 1288 3357 ut,
1323 3270 1561 3366 disputatione
1579 3271 1626 3343 ad
1656 3270 1832 3344 insaniam
1865 3293 1974 3366 prope
1991 3270 2119 3354 adacti,
2140 3269 2285 3365 publice

651 3404 744 3493 post,
766 3420 830 3492 pro
861 3397 1042 3478 concione,
1064 3395 1175 3469 multa
1204 3396 1241 3468 in
1262 3418 1410 3490 puerum
1442 3404 1476 3470 et
1507 3407 1670 3490 parentes
1688 3404 1724 3469 et
1748 3397 1964 3491 propinquos
1994 3417 2089 3476 suos,
2110 3395 2220 3467 multa
2239 3394 2288 3467 de
2370 3447 2374 3457 -

652 3520 928 3595 adolescentium
947 3521 984 3593 in
1001 3521 1130 3594 scholis
1142 3523 1164 3594 J
1168 3521 1322 3594 esuiticis
1335 3521 1555 3594 institutione
1574 3521 1807 3594 declamarint
1824 3547 1831 3593 ε
1846 3543 1908 3615 per
1926 3521 2044 3593 omnia
2062 3519 2209 3592 Lutheri
2222 3521 2285 3592 sui

653 3632 758 3718 sacra
779 3635 955 3739 fidemque
973 3645 1139 3717 obtestati
1157 3645 1265 3726 cives,
1286 3652 1386 3717 utne
1413 3644 1505 3716 filios
1524 3667 1606 3717 suos
1623 3645 1647 3717 J
1649 3645 1773 3717 esuitis
1790 3644 1991 3717 educandos
2009 3644 2284 3716 committerent.

653 3769 895 3842 Prudentibus
913 3793 968 3842 eae
984 3770 1260 3851 cohortationes,
1281 3768 1497 3841 Lutheranis
1513 3768 1636 3854 etiam,
1653 3768 1811 3875 ridiculae
1825 3777 1948 3853 erant;
1964 3791 2035 3840 non
2047 3768 2181 3863 ignaris
2193 3766 2286 3853 illis,

652 3895 736 3988 quid
766 3893 966 3967 ministellis
997 3895 1069 3967 suis
1088 3917 1132 3966 ex
1158 3915 1294 3988 nupera
1321 3915 1400 3964 cum
1430 3892 1693 3965 adolescentulo
1718 3915 1840 3988 pugna
1870 3892 2053 3966 doluisset.
2076 3892 2289 3987 Complures

652 4020 728 4115 ejus
747 4019 877 4092 indolis
889 4021 1040 4114 juvenes
1070 4041 1133 4114 per
1150 4019 1258 4090 otium
1287 4017 1499 4092 litterarium
1528 4017 1801 4092 instituebantur
1822 4018 1869 4090 ad
1899 4019 2053 4090 studium
2070 4017 2227 4112 pietatis,
2248 4017 2290 4089 in

535 4156 595 4250 1⁷..
652 4145 826 4218 Mascviae
844 4144 986 4240 oppido,
1014 4142 1201 4216 Pultoviae.
1223 4144 1320 4216 Inter
1337 4165 1398 4216 eos
1416 4142 1584 4238 principis
1603 4141 1871 4238 Transylvaniae
1887 4141 1994 4226 tilius,
2013 4141 2109 4235 regis
2127 4139 2289 4213 Polono-

481 4235 629 4290 actuosus
653 4293 731 4341 rum
761 4268 934 4362 Stephani
952 4291 996 4342 ex
1012 4266 1122 4341 fratre
1141 4290 1266 4362 nepos,
1286 4267 1447 4340 Andreas
1465 4266 1669 4340 Bathorius.
1691 4265 1968 4345 Quadriennium
1986 4264 2137 4361 amplius
2153 4263 2291 4338 litteris

481 4315 606 4384 Princeps

482 4393 590 4449 mestas
654 4392 750 4465 dedit
767 4414 933 4487 operam;
954 4391 1022 4465 hoc
1050 4393 1190 4464 demum
1217 4415 1310 4463 anno
1330 4398 1477 4473 vocatus
1503 4414 1521 4462 a
1551 4412 1651 4485 rege,
1672 4388 1836 4462 salutatis
1859 4389 1999 4484 publice
2025 4389 2182 4461 oratione
2208 4388 2291 4462 ele-

481 4473 629 4609 eschillu-
654 4516 753 4611 ganti
773 4517 948 4601 omnibus,
967 4517 1094 4610 ingens
1114 4516 1170 4588 sui
1188 4515 1434 4610 condiscipulis
1451 4521 1487 4587 et
1504 4515 1636 4586 civitati
1663 4513 1871 4586 adolescens
1896 4512 2112 4586 clarissimus
2140 4511 2293 4607 reliquit

480 4634 622 4772 mae
655 4640 881 4714 desiderium.
901 4640 1004 4713 Alius
1029 4641 1162 4714 ibidem
1191 4641 1358 4736 egregius
1384 4639 1539 4735 juvenis,
1567 4646 1674 4734 gente
1705 4636 1900 4733 perillustri
1927 4637 1965 4709 in
1995 4636 2145 4711 Polonia
2160 4644 2288 4720 natus,

482 4793 595 4850 Juvenis
623 4753 631 4770 ’
654 4763 773 4836 multis
791 4763 997 4836 sollicitatus
1019 4785 1042 4836 a
1067 4765 1273 4850 tremesco,
1295 4763 1436 4836 homine
1454 4763 1686 4847 lutheranico,
1708 4763 1754 4834 ad
1771 4760 2021 4836 remittendum
2035 4768 2068 4834 et
2086 4759 2219 4833 scholis
2251 4769 2293 4834 et

481 4868 629 5003 ffiffll
654 4889 885 4983 religionibus
899 4889 1082 4962 catholicis
1100 4890 1273 4973 nuntium,
1290 4889 1373 4961 forti
1391 4889 1508 4961 animo
1522 4888 1650 4960 restit't
1667 4913 1675 4959 :
1691 4889 1790 4984 quin,
1807 4889 1836 4961 si
1851 4909 1974 4960 suasor
1987 4887 2063 4982 ipse
2080 4886 2118 4958 in
2129 4885 2293 4982 perfidia

460 5007 620 5082 scintis..
654 5015 870 5109 persisteret,
891 5037 973 5088 eum
1002 5015 1069 5088 sibi
1093 5015 1257 5110 deinceps
1282 5013 1402 5086 fratris
1423 5035 1568 5086 numero
1595 5035 1666 5086 non
1679 5013 1848 5099 futurum,
1865 5014 2059 5109 respondit,
2085 5013 2300 5108 causasque

537 5221 568 5276 18
654 5161 776 5212 omnes
805 5141 1041 5213 tentationum
1070 5138 1244 5236 praecidit.¹

482 5297 622 5368 Templum
703 5265 889 5360 Templum
914 5291 936 5338 a
962 5265 1141 5338 conditore
1175 5263 1340 5336 domicilii
1366 5264 1569 5338 inchoatum
1586 5272 1870 5360 provectumque,
1892 5265 1987 5360 quod
2020 5264 2291 5358 stangustius
