4896 6650
708 831 816 892 LIBER
839 831 995 893 TERTIUS
1017 833 1229 909 (isso-1590).
1748 829 1809 895 149

184 1023 382 1096 convivium
401 1023 446 1094 ad
470 1022 585 1096 lucem
606 1044 718 1117 usque
740 1019 887 1093 multam
910 1019 1146 1115 produxerat;
1172 1043 1291 1091 cuma
1324 1018 1534 1114 religionum
1562 1041 1708 1092 suarum
1738 1040 1810 1091 ma·
1841 1037 1907 1092 1586
1920 1079 1926 1119 ,ι
2021 1009 2027 1020 ’

186 1145 310 1240 gistro,
327 1147 457 1241 populo
470 1146 516 1218 ad
534 1168 703 1230 mensam,
717 1142 1007 1240 quemadmodum
1018 1143 1085 1236 ipsi
1103 1151 1243 1228 vocant,
1253 1143 1463 1218 dominicam
1475 1144 1718 1228 accumbente,
1736 1142 1812 1237 ipse

186 1293 325 1366 quoqne
342 1281 379 1345 et
395 1293 488 1365 pane
506 1270 557 1344 de·
576 1293 638 1343 ara
665 1277 701 1343 et
718 1269 843 1365 poculo
867 1266 1037 1338 invitatur
1062 1289 1174 1361 usque
1192 1269 1280 1343 adeo
1306 1268 1454 1366 prolixe,
1475 1275 1514 1342 ut
1531 1269 1665 1341 frustra
1683 1267 1755 1341 Leo
1773 1274 1809 1340 et

187 1394 359 1466 stomachi
377 1417 400 1468 a
416 1393 614 1467 recentibus
645 1392 757 1488 epulis
775 1391 996 1482 cruditatem,
1018 1398 1053 1464 et
1069 1390 1141 1464 alia
1171 1417 1241 1466 non
1258 1393 1449 1489 comparati
1467 1393 1512 1464 ad
1530 1399 1666 1466 tantum
1684 1399 1812 1488 myste

187 1517 279 1590 rium
306 1519 417 1590 animi
435 1518 711 1614 praepedimenta
736 1522 938 1599 excusarem
968 1523 1193 1606 asseverante
1220 1524 1344 1590 contra
1370 1515 1542 1600 ministre,
1566 1516 1681 1611 ipsam
1708 1515 1814 1588 adea
1842 1524 1948 1620 Mens-a·

189 1663 289 1714 sacra
305 1639 412 1714 fidem
430 1639 549 1713 afferri
567 1647 749 1734 oportere;
771 1647 951 1720 caeterum,
968 1639 1108 1711 madeat
1124 1638 1218 1724 vino,
1236 1663 1283 1712 an
1300 1641 1482 1722 decussit,
1498 1645 1662 1712 teneatur
1679 1638 1810 1732 aliqua,
1842 1607 1988 1749 mm

189 1783 235 1834 an
260 1770 362 1835 vacet
385 1762 502 1858 culpa,
523 1762 559 1834 in
577 1762 783 1858 religionem
808 1761 897 1834 verti
914 1785 985 1833 non
1017 1761 1158 1837 debere.
1181 1762 1375 1836 Percussus
1402 1764 1469 1836 isto
1495 1768 1595 1834 tanto
1612 1761 1664 1833 rei
1687 1761 1816 1834 divinae
1845 1757 1979 1814 euvinu-

190 1890 285 1986 apud
304 1913 387 1963 suos
405 1897 618 1986 contemptu,
641 1891 765 1962 exinde
784 1911 904 1962 sacras
921 1887 981 1960 ille
1000 1886 1136 1960 Calvim
1154 1887 1262 1982 dapes
1280 1886 1461 1960 fastidire:
1481 1886 1681 1958 ministrum
1694 1908 1816 1958 eorum
1844 1851 1977 1970 iffi*

190 2037 353 2112 promum
371 2014 590 2109 nondumque
607 2012 811 2108 diligentins
829 2014 1034 2097 observare;
1059 2011 1119 2084 ubi
1148 2020 1280 2107 praeter
1300 2011 1372 2083 alia
1396 2011 1484 2084 illud
1502 2034 1639 2106 quoque
1660 2010 1815 2082 animad-

190 2141 295 2215 vertit
315 2165 324 2212 :
347 2161 427 2212 eum
446 2139 593 2234 mystica
613 2137 887 2212 consecrationis
913 2139 1022 2211 verba
1046 2161 1116 2211 non
1142 2161 1248 2233 super
1264 2145 1376 2211 totum
1393 2139 1481 2211 illud
1506 2138 1688 2233 panarium
1714 2160 1816 2210 suum

192 2263 345 2357 integra,
365 2260 441 2344 sed,
466 2284 544 2333 cum
575 2260 681 2332 offam
710 2260 824 2354 primo
854 2262 1011 2333 convivae
1036 2263 1227 2356 ingereret,
1248 2269 1378 2356 coepta,
1411 2269 1533 2357 postea
1563 2285 1666 2355 quam
1696 2260 1815 2355 plures

194 2385 300 2482 pavit,
321 2407 452 2480 magno
466 2384 605 2456 demum
624 2381 797 2477 dirempta
811 2382 1009 2469 intervallo,
1027 2383 1163 2480 reliqua
1181 2383 1466 2477 pronuntiantem
1484 2384 1602 2455 verba.

244 2506 457 2604 Hujusmodi
474 2508 561 2580 ritus
575 2506 656 2578 novi
674 2529 817 2580 causam
834 2514 993 2602 rogatus,
1010 2531 1088 2581 cum
1106 2507 1259 2580 hisceret
1275 2513 1405 2601 pastor,
1423 2506 1496 2578 Leo
1517 2505 1611 2591 inde,
1633 2505 1717 2601 quid
1739 2505 1815 2602 ipse

193 2633 376 2728 religionis
396 2631 574 2727 professus
609 2637 701 2704 esset
729 2631 858 2713 adhuc,
879 2653 1029 2727 superne
1047 2632 1260 2714 admonitus,
1284 2629 1376 2703 diem
1407 2629 1580 2724 reliquum
1609 2637 1817 2724 noctemque

195 2757 437 2852 insequentem
453 2754 492 2826 in
504 2776 657 2826 moerore
670 2760 706 2826 et
717 2753 895 2859 iacrymis,
911 2754 1068 2827 diuturni
1082 2754 1137 2826 sui
1150 2754 1279 2826 erroris
1292 2750 1483 2848 poenitens,
1500 2755 1664 2827 traduxit.
1684 2755 1815 2828 Postri-

195 2881 252 2954 die
279 2880 372 2954 nihil
402 2885 587 2952 cunctatus
612 2879 759 2952 Petrum
785 2878 938 2975 Skarga,
961 2879 1127 2952 salutaris
1157 2903 1265 2954 causa
1293 2879 1444 2966 consilii,
1472 2882 1634 2956 accessit.
1656 2883 1711 2956 Re
1740 2907 1819 2955 oum

194 3031 251 3093 eo,
267 3013 405 3102 septem
422 3006 517 3100 ipsos
531 3007 606 3079 dies
621 3005 670 3078 sic
688 3005 822 3081 occulte
844 3013 1010 3089 tractata,
1029 3013 1069 3077 ut
1094 3005 1184 3100 ejus,
1204 3011 1334 3100 praeter
1352 3005 1538 3099 conjugem
1555 3027 1667 3090 suam,
1688 3013 1817 3078 matro-

192 3153 276 3204 nam
305 3129 490 3202 catholicae
524 3129 690 3226 religioni
719 3153 857 3226 semper
887 3130 1078 3214 addictam,
1109 3129 1247 3203 consilii
1273 3151 1377 3202 nemo
1409 3151 1499 3201 unus
1516 3137 1610 3202 esset
1639 3129 1812 3202 conscius.

194 3253 354 3350 Septimo
373 3251 455 3326 inde
472 3252 543 3336 die,
563 3253 654 3326 sesto
672 3253 746 3340 illo,
762 3255 901 3350 Regem
920 3254 964 3328 ad
978 3254 1147 3350 templum
1165 3255 1210 3327 de
1227 3275 1325 3327 more
1342 3247 1541 3339 comitatus,
1565 3255 1672 3327 Petro
1690 3277 1814 3328 secun-

193 3378 278 3450 dum
308 3377 514 3449 concionem
549 3399 648 3450 suam
679 3377 890 3452 sacrificanti
925 3379 1154 3465 ministravit;
1188 3379 1323 3473 riteque
1358 3385 1542 3452 execratus
1571 3378 1747 3463 haeresim,
1781 3379 1818 3451 in

194 3509 386 3597 conspectu
416 3501 607 3595 frequentis
637 3501 770 3596 populi,
791 3503 999 3598 religionem
1018 3481 1387 3598 sinceramprofessus
1406 3509 1481 3588 est;
1501 3503 1605 3597 Rege
1634 3509 1670 3574 et
1694 3526 1819 3599 proce-

191 3630 303 3712 ribus,
338 3649 412 3700 rem
430 3625 580 3722 primum
609 3649 737 3700 novam
767 3629 1035 3712 admirantibus,
1068 3627 1209 3708 deinde,
1240 3633 1371 3720 quanto
1405 3623 1441 3697 id
1459 3624 1573 3730 minus
1599 3634 1816 3721 sperassent,

191 3763 293 3826 tanto
310 3751 557 3825 vehementius
573 3752 663 3825 inter
678 3776 716 3826 se
733 3753 1006 3847 gratulantibus.
1032 3753 1144 3832 Quem
1159 3751 1323 3846 deinceps
1351 3751 1423 3823 Leo
1442 3751 1617 3824 Romanae
1633 3751 1816 3839 Ecclesiae,

193 3899 296 3973 quam
313 3873 408 3970 pium
428 3873 597 3946 adversus
627 3873 787 3947 inimicos
805 3875 1027 3949 defensorem
1059 3898 1138 3949 sese
1167 3851 1386 3971 praestiterit,
1407 3883 1537 3971 praeter
1553 3875 1643 3947 ahos
1660 3877 1818 3950 loannes

194 4001 413 4100 Ryvockius,
434 4000 489 4070 vir
501 3999 538 4072 iu
552 3999 702 4072 Lituana
720 4001 900 4095 provincia
918 4024 997 4073 oum
1019 4000 1102 4072 vitae
1121 4000 1365 4084 sanctimonia,
1381 4007 1455 4074 tum
1469 3999 1630 4073 laudibus
1649 4001 1819 4074 doctrinae
1846 4017 1968 4074 Pontifex

193 4127 359 4224 inclytus,
382 4124 521 4220 scriptis
539 4124 612 4196 suis
638 4125 836 4218 posteritati
855 4125 996 4219 reliquit
1013 4124 1306 4197 commendatum.
1343 4124 1395 4196 Eo
1414 4124 1544 4196 Leonis
1562 4147 1641 4196 cum
1660 4123 1820 4198 Ecclesia
1846 4099 1980 4238 {fflffl

194 4252 230 4323 in
261 4231 412 4364 gratiam
431 4247 547 4320 reditu
576 4248 775 4342 gratulatus
802 4257 855 4321 est
872 4272 1009 4344 quoque
1031 4250 1214 4322 Romanus
1242 4246 1418 4332 Pontifex,
1438 4248 1584 4342 ejusque
1611 4247 1733 4341 gaudii
1764 4249 1819 4321 sui
1847 4259 1964 4346 natue·

193 4374 336 4471 pignus,
357 4371 536 4465 insignem
565 4371 692 4443 obtulit
722 4395 881 4456 crucem;
916 4396 995 4465 quae
1023 4372 1196 4466 hodieque
1223 4371 1261 4442 in
1277 4370 1408 4466 templo
1436 4370 1638 4443 Brestensis
1669 4370 1819 4467 Collegii
1846 4349 1899 4403 ²¹¹¹·

196 4503 400 4571 asservatur
429 4518 508 4568 cum
542 4495 598 4568 his
632 4497 750 4568 notis:
788 4525 804 4556 a
842 4518 922 4568 noc.
962 4519 1078 4569 siano.
1109 4517 1268 4570 sanums.
1307 4517 1482 4568 cussanus.
1503 4517 1578 4566 vn1.
1623 4511 1816 4570 roumnsx.

199 4653 215 4684 u
239 4642 643 4696 u.nnonnu.snr1nnn.
681 4621 889 4693 surnnnun.
913 4643 953 4693 n.
974 4643 1145 4694 oucnnus
1181 4642 1376 4694 nmvnnvs.
1410 4641 1696 4692 cnucsnnnmuu.
1718 4643 1817 4696 rosh.

201 4777 217 4808 α
239 4767 547 4819 resonaremus.
569 4767 834 4817 sonnnnsnr.
869 4766 927 4816 sn.
952 4767 1059 4816 unsn.
1082 4766 1292 4822 saturatur.
1322 4763 1518 4815 ravennon.
1549 4765 1659 4816 ovnu.
1689 4765 1814 4819 nonus.

201 4901 217 4931 ιι
239 4892 389 4944 rnsron.
411 4889 565 4942 onmem.
588 4889 765 4941 snncnns.
787 4890 990 4941 nurnnxns.
1015 4901 1030 4932 n
1400 4937 1403 4944 .

248 4994 390 5090 Insigne
409 4991 550 5064 omnino
581 4999 616 5065 et
648 4991 951 5064 commemorabile
974 4990 1118 5086 juvenis
1150 4983 1365 5064 Lubecensis
1390 4991 1525 5064 lacinus
1551 4993 1735 5086 praeterire
1761 4994 1819 5068 hio

198 5142 270 5192 non
294 5139 493 5212 possumus.
527 5115 670 5189 Lubeca
686 5115 868 5187 civitatum
884 5115 1172 5186 Hanseaticarum
1191 5121 1296 5208 caput
1321 5122 1387 5198 est,
1410 5115 1604 5208 patriarum
1629 5115 1819 5190 haeresium

199 5241 313 5324 sedes,
356 5239 624 5336 peregrinarum
656 5238 938 5335 receptaculum
975 5240 1059 5311 binc
1091 5238 1218 5310 missus
1252 5246 1330 5311 erat
1359 5237 1389 5309 is
1423 5237 1627 5311 adolescens
1658 5239 1814 5328 Vilnam,
