4948 6654
504 1096 569 1156 1616

560 1173 593 1230 22

502 1256 627 1317 Benedic-

673 885 736 950 240
1055 882 1328 944 tirusulosuun
1349 882 1563 944 somniaris
1580 881 1667 942 taso
1690 879 1943 942 HlSTORlARUM

678 1067 831 1155 refectis
849 1065 936 1138 alibi
946 1065 1052 1138 etiam
1072 1065 1235 1151 conditis,
1259 1065 1409 1140 decessit
1422 1086 1517 1136 anno
1537 1061 1653 1136 aetatis
1671 1083 1746 1134 suae
1764 1070 1864 1135 sexto
1894 1086 2002 1160 supra
2026 1067 2295 1160 sexagesimum.

726 1191 810 1263 Pari
828 1186 1071 1262 benevolentia
1089 1188 1387 1282 complectebatur
1415 1186 1625 1260 Societatem
1659 1184 1807 1257 antistes
1826 1185 2047 1259 Vilueusium
2066 1187 2290 1274 Benedictus,

502 1341 548 1395 cm
572 1335 653 1404 Woy·
677 1316 714 1386 in
732 1314 895 1385 Romano
923 1311 1005 1384 olim
1025 1311 1181 1404 Collegio
1199 1311 1295 1396 felix,
1316 1318 1352 1382 et
1375 1333 1473 1382 asuo
1500 1314 1715 1404 praeceptore
1732 1308 1861 1379 litteris
1879 1311 1987 1382 etiam
2016 1311 2291 1400 commendatus,

501 1515 590 1572 copus.

551 2775 585 2830 23

500 2853 597 2912 Nervi-

503 2935 599 2992 aiensis

500 3012 626 3072 Condito·

500 3091 630 3147 ris‘Redl·

500 3167 560 3223 villi
571 3166 633 3223 felix

499 3245 597 3302 obitus.

499 3907 577 3964 rotlm
589 3907 644 3962 dic·

499 3991 552 4042 buu.

502 1437 539 1475 ¹¹⁸
568 1417 649 1488 Epis·
675 1436 796 1532 inclyti
814 1436 890 1530 ejus
907 1432 1065 1529 theologi
1088 1434 1237 1506 Roberti
1268 1434 1477 1508 Bellarmini
1507 1434 1722 1530 discipulus;
1755 1457 1798 1508 ex
1830 1458 1925 1518 vero,
1955 1437 2095 1530 qualem
2112 1438 2205 1509 hunc
2222 1463 2296 1534 per·

675 1583 778 1657 quam
800 1557 970 1644 eruditus,
996 1557 1220 1652 prudensque
1246 1559 1451 1643 aestimator,
1483 1559 1621 1655 Gaspar
1643 1556 1853 1628 Cichockius
1870 1557 1908 1629 in
1931 1560 2003 1630 suis
2029 1558 2297 1634 allocutionibus

676 1680 924 1757 Osiecensibus
933 1687 1123 1775 nuncupat;
1139 1679 1384 1751 haereticorum
1398 1692 1526 1767 terror,
1540 1683 1723 1756 catholicae
1737 1682 1919 1777 religionis
1939 1696 2181 1781 propugnator
2202 1713 2297 1762 acer-

673 1808 783 1880 rimus
802 1832 809 1878 :
830 1805 922 1877 adde
934 1811 1104 1898 patronus
1132 1803 1318 1875 Societatis
1336 1825 1378 1874 ac
1396 1812 1491 1876 tutor
1521 1804 1796 1878 amentissimus.
1821 1807 2001 1878 Summam
2023 1809 2129 1904 hujus
2155 1811 2296 1884 laudum

674 1930 864 2002 Viloenses
883 1924 1043 1998 canonici
1065 1924 1185 1995 hocin
1219 1947 1283 1995 suo
1318 1927 1447 2020 templo
1476 1950 1585 2024 supra
1610 1929 1797 2001 Benedicti
1829 1931 2052 2024 sepulchrum
2070 1935 2184 2028 posito
2207 1960 2299 2008 com-

672 2055 768 2152 plexi
786 2060 869 2125 sunt
882 2050 998 2145 elogio
1020 2073 1027 2120 :
1047 2071 1281 2122 snunmorus.
1301 2072 1451 2122 wovun.
1475 2075 1551 2125 arc.
1569 2075 1859 2127 sccunsmsrronc.
1879 2077 2051 2128 enarras.
2072 2079 2127 2130 nc.
2144 2050 2300 2136 'senero-

674 2202 765 2252 sum.
785 2195 1004 2249 memrsms.
1026 2179 1216 2246 muusrn'u.
1238 2194 1449 2246 excursum.
1476 2197 1653 2248 rnAErmr.
1683 2199 1874 2250 nocensne.
1893 2202 2074 2274 vpmvnusn
2093 2205 2213 2256 sums.
2235 2207 2296 2256 xv.

674 2321 830 2376 uuurss.
847 2320 963 2370 muns.
985 2317 1133 2369 saonis.
1154 2318 1188 2366 n.
1210 2317 1382 2369 ulmeus.
1401 2320 1686 2372 umnnrroonuu.
1710 2324 1869 2375 nmrmr.
1894 2325 1981 2375 n1v1.
2003 2326 2172 2378 cnsmnu.
2190 2330 2301 2380 ranv-

672 2439 1244 2499 orris.uouonns.1rvsrsunnv1r.
1266 2441 1409 2492 saeuas.
1436 2444 1527 2495 mus.
1551 2444 1754 2502 nnmoums.
1784 2449 2027 2500 uounsrronu.
2060 2452 2160 2503 noco.
2180 2453 2299 2504 ruuu-

654 2559 657 2566 ⁴
673 2572 793 2625 Lavl'l'.
805 2568 981 2620 PATRIAM.
993 2565 1166 2617 CONSILIO.
1184 2566 1265 2615 OPE.
1277 2567 1499 2620 Vlomnn'rm.
1513 2571 1650 2622 SUMMA.
1667 2573 1947 2625 ouaaunmmum.
1960 2575 2299 2632 mammutium.
2370 2629 2378 2647 ,

674 2694 963 2750 nnsraunsunm.
984 2689 1233 2741 vsonrunnvrs.
1251 2690 1556 2744 osusnnnnssnr.
1577 2695 1736 2748 rnrnvn.
1756 2699 1936 2751 nxcnssrr.
1958 2702 2067 2750 suno.
2092 2680 2301 2755 MDCXVl.

723 2795 810 2890 Ejus
829 2791 952 2864 mortis
983 2791 1126 2862 nuntius
1157 2789 1305 2862 offendit
1323 2793 1461 2879 Socios,
1486 2796 1562 2890 jam
1587 2797 1684 2868 luctu
1710 2808 1897 2893 occupatos
1916 2800 1951 2870 in
1970 2803 2087 2896 patria
2116 2825 2159 2875 ex
2177 2804 2303 2878 funere

675 2922 800 3019 capitis
817 2921 923 3014 longe
944 2916 1129 3000 carissimi,
1147 2915 1347 2988 conditoris
1378 2918 1434 2990 sui
1463 2920 1501 2990 iu
1525 2920 1702 2995 domicilio
1729 2925 1962 3009 Nesvisiensi,
1984 2926 2124 2998 Nicolai
2149 2929 2308 3004 Christo·

674 3050 778 3147 phori
794 3044 980 3127 Radivilli,
1001 3044 1100 3117 Sacri
1117 3043 1271 3116 Romani
1301 3042 1444 3136 Imperii
1463 3042 1650 3138 Principis,
1672 3046 1771 3120 ducis
1801 3049 1838 3120 in
1865 3049 1986 3143 Olyka
1998 3043 2033 3121 et
2052 3051 2206 3139 Niesviz,
2228 3055 2307 3128 Vil-

672 3174 791 3247 nensis
817 3169 976 3265 palatini,
1011 3167 1327 3263 Hierosolymitani
1360 3165 1499 3260 equitis,
1531 3167 1614 3238 anni
1652 3168 1771 3264 hujus,
1804 3193 1923 3250 mense
1957 3173 2151 3257 februario,
2182 3176 2303 3271 pridie

674 3295 846 3372 kalendas
876 3292 1021 3365 martias
1055 3292 1101 3363 ad
1126 3290 1272 3386 praemia
1302 3289 1507 3363 meritorum
1537 3313 1581 3362 ex
1615 3292 1683 3364 hac
1715 3317 1833 3366 rerum
1868 3295 2070 3367 mortalium
2100 3295 2303 3374 colluvione

672 3423 849 3502 translati.
867 3420 972 3494 Multi
990 3421 1130 3516 quidem
1143 3421 1186 3493 de
1204 3420 1271 3493 hoc
1284 3417 1442 3514 principe
1460 3416 1626 3487 memoria
1644 3417 1800 3488 omnium
1825 3417 2033 3490 saeculorum
2055 3418 2177 3516 digno,
2206 3443 2303 3512 prae·

673 3553 769 3626 clara
787 3549 859 3622 suis
884 3547 1117 3620 monumentis
1146 3545 1401 3638 consignarunt
1427 3540 1549 3625 multa,
1576 3540 1639 3614 sed
1659 3541 1791 3636 singuli
1812 3542 1887 3615 fere
1915 3543 2074 3637 singula;
2106 3567 2219 3638 neque
2233 3545 2307 3616 fuit

674 3677 803 3759 adhuc,
824 3673 884 3768 qui
910 3693 1053 3766 sparsas
1081 3672 1212 3766 passim
1230 3692 1293 3764 per
1324 3667 1434 3738 libros
1459 3665 1582 3737 laudes
1610 3664 1690 3748 viri,
1722 3665 1920 3758 praecipuas
1954 3665 2088 3760 utique,
2121 3667 2159 3738 in
2191 3692 2307 3740 unum

499 3826 576 3885 Unde
591 3827 646 3882 sis
674 3801 870 3898 collegerit.
887 3800 1002 3872 Natus
1027 3798 1085 3869 hic
1112 3797 1163 3868 IV
1187 3819 1295 3866 nonas
1335 3793 1479 3867 sextiles
1500 3794 1594 3867 1549
1612 3789 1762 3864 Nicolao
1780 3789 1895 3884 Nigro
1914 3789 2070 3884 palatino
2089 3792 2255 3867 Vilueusi
2271 3801 2312 3866 et

675 3924 883 4002 Elisabetha
897 3923 941 3993 de
953 3919 1238 4018 Szydlovieckiis,
1259 3916 1443 3990 castellani
1458 3915 1698 3988 cracoviensis
1720 3912 1803 3995 filia,
1823 3915 2031 4008 parentibus
2050 3917 2165 3990 adhuc
2178 3919 2311 3990 catho-

672 4050 764 4133 licis,
781 4055 929 4142 paterna
944 4067 988 4118 ex
1002 4043 1145 4136 antiqua
1161 4040 1386 4126 Narimundi,
1401 4039 1500 4111 ducis
1519 4039 1695 4110 Lituaniee
1710 4044 1746 4110 et
1762 4037 1886 4134 stirpe.
1913 4039 2099 4133 Agnomen
2118 4016 2307 4126 Sierotka,

674 4201 742 4274 quo
756 4176 813 4248 hic
829 4175 867 4246 in
880 4194 946 4245 sua
973 4170 1104 4242 tamdia
1122 4166 1366 4261 distinguitur,
1392 4185 1469 4235 sors
1488 4162 1557 4233 sibi
1574 4159 1712 4232 indidit.
1746 4158 2014 4232 Celebrantibus
2031 4162 2068 4232 in
2090 4162 2173 4233 aula
2187 4163 2310 4257 Sigis-

674 4300 796 4374 mundi
821 4296 973 4393 Augusti
991 4294 1091 4389 regia
1115 4291 1333 4389 proceribus,
1360 4286 1480 4358 nescio
1503 4285 1615 4378 cujus,
1649 4283 1790 4378 nuptias
1813 4283 1951 4379 (quibus
1978 4283 2148 4358 Nicolaus
2175 4287 2307 4372 etiam,

672 4433 747 4497 tum
762 4421 952 4494 admodum
966 4441 1065 4515 puer,
1095 4440 1172 4489 cum
1191 4415 1264 4487 suis
1281 4414 1452 4485 intererat
1466 4406 1683 4503 parentibus]
1696 4405 1964 4500 conviviumque
1977 4407 2014 4478 in
2028 4431 2142 4480 serem
2160 4421 2312 4482 noctem
2396 4424 2398 4428 ·

673 4555 709 4622 et
725 4547 871 4619 choreas
888 4541 1117 4639 agitantibus
1132 4541 1277 4636 jejunus
1290 4539 1378 4633 ipse,
1394 4533 1500 4607 asuis
1519 4533 1625 4605 etiam
1635 4529 1780 4604 relictus
1794 4532 1952 4626 ephebis,
1970 4534 2195 4608 solitudinem
2212 4559 2314 4632 puer

672 4671 769 4746 solus
786 4691 886 4740 suam
903 4668 938 4738 in
957 4665 1116 4739 conclavi
1132 4663 1300 4736 interiore
1312 4657 1480 4756 lacrymis
1497 4655 1690 4728 solabatur.
1713 4653 1841 4725 Indicit
1856 4654 1947 4728 forte
1962 4656 1999 4728 in
2015 4681 2160 4752 puerum
2175 4662 2312 4732 convi-

673 4800 776 4865 vator
809 4811 884 4874 rox,
910 4789 1166 4880 miseratusque
1186 4807 1264 4856 cam
1298 4781 1439 4856 Nicolai
1470 4780 1669 4864 orbitatem,
1698 4779 1863 4873 produxit
1903 4783 2040 4856 tristem
2077 4785 2114 4856 in
2149 4786 2313 4859 chorum

674 4910 1009 5010 complaudentium,
1029 4917 1148 5001 atque,
1185 4929 1230 4978 en
1263 4905 1376 4991 vobis,
1412 4904 1528 5000 patria
1544 4903 1669 4996 lingua
1694 4903 1821 4998 inquit,
1849 4908 2028 4991 Sierotkm
2059 4933 2128 5003 quo
2146 4912 2313 4984 nomine

674 5039 793 5113 Latini
811 5035 916 5108 orbos
928 5032 1148 5130 pupillosque
1164 5029 1356 5124 appellant.
1375 5027 1570 5123 Exceptum
1584 5025 1831 5128 blandimentis
1846 5005 2071 5102 convivarum
2091 5033 2319 5106 vocabulum

673 5163 756 5237 inde
769 5158 918 5234 Nicolao
936 5177 1111 5252 agnomen
1128 5177 1195 5227 usu
1207 5151 1461 5249 appellantium
1474 5150 1616 5222 factum.

728 5285 926 5379 Magistros
940 5281 1140 5354 litterarum
1158 5301 1177 5351 e
1194 5285 1292 5350 secta
1309 5274 1446 5349 Calvini
1467 5274 1504 5345 in
1517 5273 1601 5345 aula
1613 5280 1763 5368 paterna
1779 5277 1873 5351 male
1885 5286 2025 5364 nactus,
2050 5287 2171 5375 captus
2186 5279 2320 5354 homi-
