4906 6642
729 788 837 849 urens
863 789 997 850 000006
1018 792 1229 866 (reor-asro).
1447 739 1449 744 ⁵
1757 790 1796 852 41

184 973 250 1066 ipse
265 975 343 1044 erat
356 992 450 1044 anno
468 970 562 1045 1555
574 970 780 1044 translatus.
797 973 937 1046 Primus
946 972 1104 1068 Collegio
1117 974 1304 1069 praefectus
1318 973 1516 1058 Stanislaus
1536 973 1800 1046 Varszevichius
1827 987 1894 1042 levo

183 1094 266 1168 idern
283 1075 343 1168 hic
361 1095 486 1168 domus
504 1104 633 1183 rector,
654 1096 746 1169 idem
761 1097 986 1170 concionator
1003 1097 1183 1194 intemplo
1199 1099 1440 1172 Diviloannis
1457 1099 1592 1172 curiali.
1607 1097 1801 1192 Collegium
1826 1110 1940 1204 Prima„
2008 1075 2018 1094 ¹

180 1222 332 1315 jamtum
349 1222 563 1293 constabate
579 1221 692 1293 Sociis
718 1244 781 1294 sex
799 1245 904 1316 supra
916 1220 1058 1314 viginti.
1079 1221 1223 1295 Menses
1242 1247 1349 1318 prope
1367 1224 1455 1296 duos
1473 1230 1707 1295 commoratus
1725 1221 1801 1293 Vil-
1827 1189 1942 1322 ppcqgrgu

183 1367 232 1415 nae
247 1344 411 1439 Magius;
432 1344 602 1416 institutis
617 1345 683 1418 rite
697 1344 827 1418 novelli
844 1346 949 1417 rebus
969 1344 1131 1439 Collegii,
1151 1346 1293 1433 ibidem,
1311 1347 1474 1443 quamdiu
1491 1353 1662 1432 maneret,
1679 1346 1802 1418 diebus
1822 1349 1951 1440 ,versavi-

184 1476 259 1562 quot
275 1467 374 1542 festis
394 1469 440 1541 ad
459 1470 581 1554 Italos,
601 1470 699 1542 urbis
729 1470 834 1564 hujus
849 1468 997 1554 incolae,
1024 1469 1251 1544 concionatus
1268 1497 1276 1557 ;
1313 1471 1438 1544 Sextili
1454 1479 1618 1556 exeunte,
1650 1472 1687 1542 in
1706 1471 1804 1542 Var-
1828 1443 1894 1484 ω’

183 1592 293 1675 niam,
313 1593 396 1666 inde
415 1593 613 1688 Augustam
629 1593 896 1668 Vindelicorum
913 1592 1020 1665 rediit
1037 1619 1045 1677 ;
1075 1615 1117 1666 eo
1139 1617 1252 1689 usque
1276 1605 1457 1690 carpento,
1478 1595 1571 1690 quod
1587 1594 1717 1666 viatori
1742 1597 1803 1666 do-

183 1725 278 1788 narat
295 1717 494 1812 episcopua,
515 1725 648 1804 vectus,
670 1743 693 1790 a
710 1741 749 1790 re
766 1718 893 1790 viatica
910 1716 1058 1811 largiter
1076 1718 1120 1789 ab
1138 1720 1261 1790 eodem
1287 1721 1442 1792 munitus
1463 1745 1471 1806 ;
1493 1725 1622 1815 praeter
1638 1718 1802 1802 famulos,
1829 1691 1949 1825 ffiffil

184 1863 245 1911 uno
263 1862 309 1912 ex
325 1841 527 1914 honorariis
542 1841 635 1914 aulae
643 1842 833 1937 pontificiae
851 1841 994 1914 assechs
1012 1841 1301 1916 comitanteNon
1320 1844 1450 1930 omnia,
1461 1867 1540 1939 quae
1556 1845 1661 1930 domi,
1674 1867 1754 1939 quae
1767 1843 1805 1915 10
1829 1846 1936 1938 Germa-

183 1962 317 2058 templo,
340 1972 375 2038 ct
392 1989 471 2061 quae
489 1966 526 2038 in
544 1967 674 2038 scholis
693 1968 909 2041 instituenda
927 1977 1059 2055 essent,
1078 1968 1234 2064 hospites
1252 1967 1440 2060 Vilnenses
1459 1968 1697 2062 dispexerant,
1726 1990 1806 2039 cum
1831 1940 1913 1982 ΠΜ·

183 2088 222 2160 ab
234 2088 427 2174 haereticis‚
443 2090 527 2185 quid
541 2091 600 2163 isti
612 2090 782 2163 doctrinae
800 2099 834 2163 et
848 2093 976 2186 artium
995 2093 1157 2167 Lituanis
1169 2091 1371 2165 attulissent
1388 2093 1535 2164 advenae
1547 2097 1803 2187 pertententur.

227 2212 370 2286 Primus
388 2213 425 2285 id
437 2214 674 2309 periclitatum
692 2216 800 2300 venit,
821 2216 925 2289 horno
940 2219 1156 2304 cerebrosus,
1177 2239 1333 2312 pugnax,
1354 2223 1508 2289 sectator
1526 2215 1662 2287 Calvini
1688 2214 1804 2309 perdi·
1833 2219 1933 2339 V‚123-

189 2343 253 2420 tus,
280 2336 440 2410 Andreas
471 2338 650 2426 Volanus3
680 2364 748 2434 quo
776 2340 954 2437 palatinus
979 2343 1199 2415 Vilnensium
1217 2365 1351 2436 praeses
1367 2341 1404 2412 in
1421 2339 1504 2412 aula
1517 2361 1582 2411 sua
1598 2339 1805 2412 familiarius
1831 2301 1983 2437 essmllffil.

185 2459 356 2532 utebatur.
377 2461 447 2534 Hic
465 2485 544 2534 cum
569 2462 714 2536 Andrea
741 2465 911 2549 Tricosto,
931 2467 1055 2540 audaci
1076 2489 1177 2561 aeque
1196 2473 1406 2560 versutoque
1425 2462 1558 2547 rabula,
1577 2471 1612 2536 et
1631 2462 1806 2536 Calvinia-
1830 2462 1980 2582 ffisslsm
2011 2435 2020 2456 ’

184 2605 305 2654 norum
325 2584 652 2682 Luteranorumque
670 2588 779 2660 multo
797 2611 920 2684 grege,
947 2590 1144 2686 Collegium
1161 2588 1235 2662 adit
1255 2614 1262 2660 :
1283 2588 1433 2683 superbe
1452 2589 1573 2660 nescio
1590 2571 1673 2682 quid
1690 2587 1808 2660 statim
1966 2570 1971 2581 ’

185 2708 358 2782 10110106
371 2709 609 2806 iracundaque
630 2713 810 2808 praefatus,
832 2713 990 2808 hospites
1017 2721 1182 2808 provocat
1207 2712 1254 2784 ad
1284 2710 1532 2784 scholasticum
1561 2719 1739 2784 certarnen
1763 2711 1807 2782 de

183 2833 364 2928 religionis
383 2835 567 2908 catholicae
584 2837 752 2922 veritate;
774 2836 917 2933 objectis
934 2837 1052 2921 certis,
1068 2837 1105 2908 10
1125 2836 1248 2931 primis
1266 2835 1311 2908 de
1329 2843 1547 2909 sacramento
1571 2832 1694 2906 altaris
1712 2855 1808 2928 quae·

181 2956 365 3030 stionibus.
382 2961 466 3032 Non
482 2959 633 3053 ignavos
651 2959 797 3032 offendit
808 2960 882 3044 ille,
905 2982 1018 3055 neque
1037 2960 1083 3032 ab
1100 2961 1208 3032 armis
1229 2961 1434 3055 imparatos.
1457 2959 1500 3031 10
1517 2959 1640 3031 eodem
1659 2957 1809 3052 vestigio

181 3081 368 3174 quaerimus
387 3108 394 3154 :
421 3115 437 3144 a
458 3105 506 3154 an
522 3082 605 3154 boni
621 3107 724 3155 novae
737 3082 928 3176 theologiae
945 3061 1120 3176 magistri,
1141 3083 1178 3154 in
1191 3083 1248 3156 his
1265 3084 1399 3179 utique,
1416 3106 1496 3178 quae
1511 3081 1625 3154 sancti
1640 3078 1810 3153 Ecclesiae

183 3233 198 3264 κ
215 3206 345 3280 Patres
362 3208 540 3292 docerent,
557 3209 663 3281 fidem
678 3207 878 3280 habendam
896 3209 1081 3303 putarentl
1096 3206 1273 3280 affirmant
1292 3209 1424 3302 utique.
1441 3243 1457 3274 6
1474 3207 1571 3302 Ergo
1589 3203 1806 3299 proluditur;

180 3329 377 3404 afferuntur
390 3330 471 3404 libri
485 3358 493 3417 ;
515 3333 700 3405 sententiae
718 3339 869 3427 patrum,
890 3331 1083 3428 Augustini
1099 3332 1138 3404 in
1150 3333 1273 3427 primis
1291 3339 1327 3406 et
1343 3330 1534 3416 Ambrosii,
1550 3337 1805 3426 proponuntur.

181 3455 327 3550 ijecta
343 3478 402 3528 res
416 3455 603 3550 argutuhs,
622 3479 727 3550 quam
744 3456 813 3551 ipsi
829 3455 972 3540 vellent,
992 3456 1224 3542 luculentior;
1247 3455 1370 3528 eadem
1387 3454 1603 3550 argumentis
1624 3453 1809 3526 confirma·

179 3586 246 3654 tur.
270 3581 424 3676 Obloqui
443 3581 671 3676 quaedamilli
684 3604 782 3653 more
795 3603 871 3666 suc,
888 3587 923 3652 et
940 3602 985 3652 ex
999 3579 1118 3652 011010
1139 3578 1235 3651 ahud
1263 3577 1436 3650 saltitare.
1465 3577 1631 3661 Confusa,
1660 3583 1696 3649 ot
1722 3575 1808 3671 ipsis

179 3704 498 3800 versutiloquorum
530 3704 686 3799 strophis
714 3703 893 3799 perplexa,
925 3727 967 3776 ac
993 3705 1068 3776 sine
1094 3703 1237 3775 arbitris
1263 3701 1434 3775 volitatio.
1460 3699 1810 3784 Provocandosinde

179 3829 322 3902 omnino
347 3830 539 3902 censebant
569 3829 654 3901 socii
672 3826 888 3922 gladiatores
905 3828 991 3901 istos
1015 3829 1053 3901 in
1078 3850 1246 3913 arenam;
1269 3834 1345 3898 tum
1371 3825 1607 3920 infringendae
1632 3824 1709 3919 ejus
1735 3847 1810 3896 suae

177 3952 337 4024 audaciae
364 3975 485 4037 causa,
516 3961 590 4024 tum
622 3951 744 4048 populi
773 3951 901 4040 fidelis,
935 3976 1038 4048 quem
1056 3952 1115 4025 isti
1136 3952 1364 4035 lacesserent,
1391 3948 1632 4021 confirmandi.
1655 3948 1811 4021 Selectas

176 4074 300 4172 itaque
318 4101 361 4151 ex
380 4078 545 4150 universa
561 4077 755 4170 theologia,
776 4075 936 4172 interque
963 4101 1024 4150 eas
1054 4078 1097 4150 de
1126 4098 1211 4150 vera
1237 4073 1394 4169 corporis
1419 4082 1455 4145 60
1481 4071 1664 4166 sanguinis
1682 4070 1812 4143 Christi
1915 4075 1917 4079 '

175 4202 240 4272 sub
261 4203 450 4298 speciebus
464 4202 566 4298 panis
584 4210 620 4276 et
644 4202 716 4274 vini
740 4202 778 4273 in
806 4210 1026 4275 sacramento
1044 4202 1167 4275 altaris
1184 4201 1384 4297 praesentia,
1415 4198 1621 4284 6600600166,
1652 4196 1813 4270 omnibus

173 4325 297 4420 palam
329 4327 618 4422 propugnandae,
651 4349 671 4400 e
700 4326 834 4398 foribus
861 4326 983 4422 templi
1012 4347 1200 4422 appensas,
1228 4326 1496 4397 invitamentum
1517 4321 1813 4417 praetereuntibus

175 4447 366 4541 objiciunt.
387 4448 441 4520 Ea
463 4449 643 4544 provocati
664 4449 756 4535 dica,
785 4457 908 4522 octavo
931 4450 988 4522 die
1004 4449 1088 4520 inde
1118 4471 1155 4520 se
1186 4455 1405 4521 commovent
1430 4447 1604 4531 haeretici,
1634 4453 1736 4542 atque
1769 4446 1814 4518 ad

174 4577 414 4670 pugnandum
434 4578 507 4649 suis
524 4577 691 4650 succincti
717 4577 825 4650 armis
854 4573 1124 4668 conglobantur.
1146 4573 1277 4644 loanni
1308 4571 1415 4657 Heio,
1443 4580 1549 4665 gente
1582 4570 1699 4656 Scoto,
1727 4571 1813 4642 artis

173 4701 372 4774 rhetoricae
401 4702 586 4795 magistro,
615 4701 953 4798 propugnandarum
978 4698 1132 4771 thesium
1157 4672 1277 4769 datum
1303 4697 1498 4792 negotium,
1520 4696 1696 4769 stanislao
1721 4695 1812 4766 Var-

171 4823 309 4897 sevicio
340 4831 376 4897 et
393 4824 595 4897 Baltassare
621 4823 818 4906 Hostovino
835 4823 1058 4921 praesidibus.
1079 4822 1136 4894 Ad
1158 4822 1375 4917 propositum
1406 4831 1583 4894 certamen
1607 4817 1817 4913 frequentis·

173 4945 254 5017 simi
274 4947 393 5030 cives,
415 4946 613 5042 complures
626 4945 800 5029 haeretici,
821 4945 922 5041 quasi
939 4946 1015 5020 dies
1032 4946 1060 5018 si
1079 4946 1173 5018 dicta
1189 4947 1280 5019 foret
1298 4946 1473 5031 omnibus,
1490 4943 1730 5017 convolarunt.
1749 4942 1818 5015 Sed

173 5069 431 5164 controversia
446 5069 561 5141 omnis
572 5069 664 5142 inter
677 5067 772 5162 ipsos
782 5067 916 5153 Socios,
928 5068 995 5141 hos
1007 5077 1269 5163 oppugnantes,
1282 5070 1511 5142 defendentes
1520 5067 1614 5152 illos,
1626 5074 1818 5150 transacta3

172 5213 278 5266 nemo
292 5193 428 5267 haereti
435 5215 556 5266 corum
574 5215 665 5265 unus
678 5215 716 5264 66
731 5191 908 5285 ingerere,
930 5216 971 5263 ac
992 5215 1037 5265 ne
1055 5192 1191 5265 hiscere
1208 5193 1349 5288 quidem
1367 5201 1421 5265 est
1443 5210 1551 5264 ausus
1572 5213 1579 5261 :
1604 5191 1655 5264 ita
1672 5214 1737 5264 sua
1755 5213 1817 5262 au·

1695 5315 1711 5366 0
