4936 6658
768 796 877 857 urana
900 796 1021 858 nonus
1043 796 1254 875 (rescisso).
1778 797 1839 864 343
1957 861 1963 876 ,

208 978 332 1052 Induci
349 979 463 1050 bonus
477 1000 585 1050 senex
602 999 671 1050 non
691 984 843 1072 poterat,
863 977 915 1049 uti
929 975 1155 1049 cessaretlld
1172 976 1380 1062 ministeria,
1393 978 1438 1050 ad
1452 975 1656 1050 molestiora
1668 979 1823 1073 negotia,
1863 984 1929 1043 1648

207 1103 328 1176 alacer
345 1101 586 1174 antevertebat
595 1101 777 1196 juniorum
797 1102 1071 1196 properantiam.
1107 1101 1207 1172 Beue
1232 1099 1374 1186 multos,
1392 1102 1559 1195 gravibus
1577 1103 1748 1174 obnoxios
1765 1102 1834 1174 eri·

206 1228 360 1300 minibus
374 1226 556 1310 mortales,
576 1225 763 1318 plerosque
777 1247 868 1319 pone
908 1249 1019 1298 caecos
1045 1226 1291 1298 haereticorum
1315 1225 1420 1300 duces
1434 1226 1479 1298 ad
1506 1227 1650 1298 exitium
1672 1228 1831 1323 praecipi·

206 1362 334 1441 tantas,
360 1357 540 1441 sustinuit,
562 1356 667 1450 inque
699 1353 792 1424 viam
817 1351 941 1423 salutis
971 1351 1125 1434 reduxit,
1159 1374 1229 1444 qua
1249 1351 1474 1424 concionibus
1503 1351 1639 1446 (quibus
1655 1352 1715 1424 diu
1745 1355 1832 1426 mul·
1860 1413 1998 1472 innode-

204 1488 350 1575 tumque
378 1481 499 1574 valuit)
517 1502 587 1576 qua
617 1475 867 1551 controversiis
884 1475 928 1548 de
946 1475 1119 1571 religione
1146 1475 1307 1558 siucera;
1327 1474 1371 1545 de
1398 1498 1467 1567 qua
1495 1475 1531 1546 in
1560 1476 1692 1571 templo
1716 1477 1833 1550 Vilnae
1859 1496 1997 1550 mistico-

204 1603 407 1678 academico
420 1603 612 1696 theologiae
629 1601 800 1695 magister
815 1599 998 1697 polemicae
1023 1599 1142 1695 plures
1174 1623 1286 1670 annos
1314 1599 1529 1694 disceptavit.
1553 1602 1649 1673 Obiit
1661 1603 1730 1674 VII
1754 1585 1832 1676 idus
1857 1575 2010 1709 lssffiff

203 1727 362 1800 martias.
381 1728 508 1800 Elatus
527 1748 657 1819 magna
671 1723 789 1820 populi
808 1723 1019 1818 frequentia,
1036 1726 1163 1797 merita
1177 1725 1338 1818 magistri
1352 1725 1405 1796 sui
1424 1726 1544 1820 optimi
1562 1733 1665 1819 grata
1683 1749 1830 1798 comme·
1854 1731 2003 1798 professus.

202 1853 401 1926 moratione
433 1858 469 1924 et
498 1850 664 1922 laudibus
694 1848 917 1921 celebrantis.

153 1997 159 2006 ·
256 1977 377 2049 Doluit
393 1975 575 2048 interitum
590 1973 657 2045 viri
689 1997 767 2046 cum
799 1997 864 2074 sua
882 1974 966 2047 aula
983 1976 1086 2071 regia
1103 1977 1320 2050 vladislaus.
1342 1965 1513 2063 iamdiu,
1535 1980 1707 2075 deposita,
1728 2005 1833 2076 quam
1940 1983 1975 2038 30

200 2103 225 2175 J
227 2101 354 2174 oannis
368 2098 532 2173 Casimiri
546 2120 653 2170 causa
671 2095 754 2169 olim
769 2106 966 2192 acceperat,
988 2099 1330 2186 offensione,rursus
1353 2109 1453 2174 tanta
1466 2109 1607 2174 nostros
1621 2103 1829 2199 complecte—
1859 2065 2007 2204 fflz'gis

201 2228 307 2299 batur
323 2223 581 2307 benevolentia,
602 2229 641 2293 ut
655 2221 915 2295 intertrimento
936 2233 1137 2297 nostrorum
1161 2226 1196 2296 in
1225 2226 1363 2297 damnis
1382 2227 1455 2298 suis
1474 2226 1671 2322 deputaret.
1701 2229 1833 2302 Adibat
1858 2229 1979 2324 praeatus

199 2350 392 2446 collegium
418 2372 498 2422 cum
525 2348 649 2442 regina
676 2346 852 2418 Ludovica
867 2355 903 2422 et
918 2348 1076 2444 principe
1095 2348 1221 2422 Carolo
1240 2350 1416 2444 frequens
1429 2351 1529 2422 verni
1546 2353 1695 2426 maxime
1706 2354 1833 2448 jejunii
1858 2311 2007 2461 {ffiwm

200 2485 378 2571 tempore,
399 2473 679 2568 vespertinarum
698 2473 742 2544 de
761 2472 856 2543 caede
866 2470 1061 2545 Salvatoris
1081 2471 1222 2545 Domini
1233 2479 1431 2545 nostrarum
1445 2475 1587 2547 auditor
1604 2477 1829 2566 concionum;
1864 2496 1984 2554 Usnsex-

201 2622 355 2694 quarum
368 2621 454 2671 usus
478 2620 591 2691 nuper
609 2597 729 2690 coepit,
745 2594 925 2696 proposita
942 2617 985 2667 ex
1008 2595 1107 2666 altari
1134 2604 1218 2689 quot
1238 2597 1468 2670 hebdomadis
1493 2598 1561 2670 alia
1581 2601 1675 2694 passi
1692 2600 1832 2695 aliaque
1858 2574 1987 2709 ffiif

200 2723 338 2796 Christi
356 2721 527 2817 imagine.
553 2719 755 2815 Aliquando
774 2720 811 2789 in
828 2719 1021 2791 triclinium
1039 2720 1145 2793 etiam
1164 2720 1357 2804 descendit,
1379 2732 1414 2795 et
1432 2724 1568 2796 medius
1590 2724 1683 2795 inter
1695 2723 1830 2796 mendi·
1857 2732 1984 2792 cruciati-

199 2846 301 2921 culos
320 2845 452 2918 Christi
470 2843 642 2926 servulos,
673 2842 828 2936 collegas
842 2852 995 2928 nostros,
1013 2845 1202 2928 discubuit,
1224 2847 1321 2941 pium
1336 2855 1517 2941 parentem
1536 2871 1638 2920 suum
1656 2847 1825 2921 imitatus.
1854 2812 1904 2942 Bt?
1917 2811 1995 2868 chri-
2072 2875 2074 2886 ·

155 2979 161 2992 '
198 2975 258 3046 lta
271 2972 356 3045 olim
369 2972 469 3043 bonis
487 2969 705 3065 principibus
718 2969 756 3039 in
773 2977 984 3064 paupertate
1002 2970 1185 3042 hominum
1199 2971 1450 3065 religiosorum
1464 2979 1499 3042 et
1516 2969 1714 3043 humilitate
1740 2970 1829 3042 nihil
1854 2961 1978 3094 {iffi

199 3104 280 3170 erat
296 3094 441 3168 fastidii.
465 3094 564 3166 Beue
583 3091 633 3164 illi
657 3092 901 3177 meminerant,
927 3094 1018 3186 quod
1031 3094 1195 3166 laudator
1217 3094 1364 3166 Traiani
1383 3095 1521 3167 Plinius
1541 3093 1700 3189 exemplo
1719 3094 1826 3189 impe·
1853 3134 1897 3172 rex
1914 3117 1987 3172 inte·

199 3218 332 3294 ratoris
351 3216 546 3290 laudatoris
563 3217 618 3288 sui
636 3216 738 3288 docet
750 3215 949 3312 principes:
971 3217 1027 3288 cui
1050 3215 1138 3288 nihil
1155 3217 1202 3289 ad
1228 3217 1432 3311 augendum
1449 3217 1631 3311 fastigium
1649 3224 1824 3311 superest,
1854 3200 1968 3332 ἔξω

198 3345 295 3416 hunc
313 3364 383 3414 uno
400 3342 504 3414 modo
517 3362 677 3414 crescere
693 3361 819 3434 posse;
839 3339 870 3411 si
884 3363 922 3414 se
939 3340 1054 3436 ipsum
1076 3340 1272 3424 submittat,
1295 3363 1440 3412 securus
1466 3339 1720 3434 magnitudinis
1734 3363 1821 3412 suae.
1853 3360 1881 3414 in
1892 3359 1978 3415 tricli-

250 3467 340 3539 Haec
353 3465 551 3537 Varsaviae.
561 3463 679 3536 Vilnae
694 3464 836 3536 interim
854 3470 889 3538 et
903 3465 1023 3538 Pinsci
1037 3463 1169 3562 templa
1186 3465 1413 3539 dedicantur:
1436 3465 1585 3538 alterum
1600 3464 1645 3537 ab
1663 3463 1824 3537 antistite
1850 3458 1903 3591 2:1⁰0
1903 3443 2003 3589 qffla

198 3595 404 3680 Krasickio,
426 3594 581 3691 episcopi
597 3594 845 3667 Luceoriensis
858 3591 1004 3676 vicario,
1025 3591 1079 3663 XI
1093 3590 1166 3664 hal.
1184 3591 1393 3666 novembres
1423 3589 1596 3663 :alterum
1619 3589 1662 3660 ad
1682 3588 1826 3660 domici·
1851 3597 2003 3652 caismos.

196 3725 287 3796 linm
315 3721 542 3807 novitiorum,
569 3720 650 3791 divo
674 3720 812 3820 parenti
838 3726 959 3791 nostro
986 3741 1139 3803 sacrum,
1163 3743 1186 3792 a
1207 3719 1434 3815 suffraganeo
1464 3717 1638 3800 Viluensi,
1669 3719 1828 3814 principe
1853 3675 1979 3808 mnf„

198 3846 422 3942 Hieronymo
438 3843 674 3918 Lubartovicz
702 3843 925 3938 Sanguszko‚
949 3844 1023 3915 XII
1046 3843 1221 3917 kalendas
1245 3844 1399 3917 sextiles.
1426 3843 1573 3939 Templo
1596 3865 1734 3938 quoque
1748 3843 1828 3915 Divi
1852 3830 1964 3978 ξθᾞ)

196 3969 351 4041 Joannis
382 3967 598 4052 academica,
635 3990 699 4061 per
732 3966 945 4040 Michaelem
972 3966 1247 4052 Cuiaviensium,
1276 3973 1311 4040 et
1337 3965 1550 4040 Siauislaum
1587 3967 1825 4049 Ploceusium,
1852 4005 1912 4043 rum
1928 3987 2001 4042 dedi-

195 4091 400 4188 episcopos,
418 4115 512 4164 anno
536 4091 629 4164 1426
643 4089 819 4174 dedicato,
838 4090 980 4184 insigne
1002 4090 1070 4163 hoc
1094 4112 1187 4163 anno
1205 4090 1312 4164 decus
1328 4090 1496 4173 additum,
1517 4089 1640 4162 Beatae
1665 4089 1827 4185 Virginis
1852 4066 1951 4198 “5⁰32

194 4217 328 4290 Mariae
347 4216 587 4289 simulacrum.
607 4217 706 4312 Opus
720 4224 775 4288 est
792 4215 1016 4298 statuarium,
1036 4221 1149 4300 vetus,
1167 4213 1317 4288 effictum
1331 4215 1376 4287 ad
1395 4213 1574 4311 exemplar
1592 4214 1685 4310 quod
1702 4215 1827 4287 visitur
1852 4227 1956 4296 Templi

196 4346 206 4359 .
547 4343 553 4356 .
604 4343 648 4357 ..
1107 4340 1167 4354 ··
1223 4342 1229 4356 ·
1421 4343 1428 4358 .
1735 4343 1776 4358 ·.
1853 4307 2001 4364 academici

194 4367 237 4417 ιιι
271 4343 484 4416 domuncula
508 4343 669 4437 Virginis
697 4341 948 4414 Nazarethana
970 4341 1129 4423 Lauretr,
1157 4340 1313 4416 mdrdem
1334 4366 1453 4416 nescio
1467 4367 1534 4438 quo
1552 4364 1695 4414 munere
1708 4341 1827 4415 divino
1852 4385 1913 4441 oum
1928 4401 1988 4441 con·

195 4467 236 4538 in
257 4467 456 4540 Lituaniam
474 4465 635 4548 allatum,
655 4465 762 4561 inque
785 4465 914 4540 sacello
938 4462 1073 4559 templi,
1099 4465 1267 4559 impensis
1286 4465 1448 4538 casimiri
1475 4466 1732 4539 Jevlasvevshii
1746 4489 1826 4561 pro·
1852 4465 1949 4521 ⁸⁰0³st

193 4591 350 4688 palatini
374 4589 557 4664 Vilnensis
576 4598 793 4674 constructo,
814 4590 967 4663 locatum
984 4593 1033 4686 (1).
1056 4590 1152 4662 Inter
1166 4588 1346 4684 praecipua
1362 4587 1430 4659 hoc
1447 4586 1586 4680 siguum
1604 4587 1640 4658 in
1659 4588 1825 4660 Lituania
1851 4559 1948 4687 iffi?

193 4715 329 4788 divinis
352 4715 532 4789 beneficiis
564 4723 618 4789 est
636 4714 788 4789 celebre.
810 4714 1015 4787 Vladislaus
1040 4714 1108 4786 hoc
1129 4712 1272 4785 nomine
1289 4734 1413 4806 regum
1439 4711 1598 4784 Poloniae
1621 4712 1671 4784 IV
1688 4713 1782 4804 (nam
1803 4735 1826 4784 a
1851 4703 1988 4836 lvmffli·
2014 4725 2020 4736 '

192 4839 367 4914 Boleslao
381 4839 528 4912 Audace
546 4815 649 4934 prirhi
673 4827 756 4924 duo,
786 4838 891 4932 hujus
916 4839 1068 4912 nominis
1107 4838 1295 4934 principes,
1315 4835 1542 4908 Hermannus
1560 4844 1595 4908 et
1619 4835 1825 4910 Vladislaus
1850 4797 1997 4916 tinelli„

189 4969 292 5044 filius
311 4967 469 5043 Boleslai
487 4967 687 5051 Krivousti,
715 4974 806 5063 post
822 4963 954 5040 caedem
974 4964 1055 5036 Divi
1080 4960 1264 5046 Stanislai,
1285 4959 1363 5032 sine
1386 4959 1486 5052 regio
1504 4955 1636 5054 insigni
1654 4958 1823 5031 dominati
1848 4958 1898 4997 ¹¹²·

187 5097 290 5193 sunt)
307 5119 352 5170 ex
377 5097 607 5193 Sigismundo
632 5096 685 5169 III
712 5103 748 5169 et
773 5093 878 5166 Anna
892 5090 1082 5166 Auutriaca
1111 5087 1204 5160 XIII
1229 5084 1402 5159 kalendas
1428 5085 1593 5179 quintiles
1615 5084 1700 5157 anni
1731 5071 1849 5160 1595?
1944 5143 1946 5150 .

237 5235 281 5320 (i)
299 5236 404 5298 Cetera
420 5239 483 5296 vido
499 5239 524 5294 in
541 5235 732 5296 iiisceiiaueis
750 5234 778 5292 P.
795 5229 900 5290 hiberti
913 5228 1086 5303 Koiaioviou
1101 5241 1167 5305 pag.
1185 5226 1236 5286 24.
