4948 6654
692 801 752 868 190
1079 813 1351 873 LITUANICAllllll
1377 813 1587 874 secleratis
1607 815 1693 875 lESU
1718 813 1969 874 lllSTOlllllRUhl

518 999 582 1054 1599
744 991 799 1062 Ita
816 1000 992 1066 nostrates
1011 994 1128 1067 Vilnae
1147 996 1365 1070 roselmus
1383 998 1522 1092 quidem
1536 997 1706 1070 adversus
1718 997 1875 1069 desultas
1889 997 2005 1070 moliri
2019 997 2241 1082 videbantur,
2257 1000 2314 1072 sed

524 1079 665 1213 &ssan
695 1113 772 1207 ipso
790 1115 928 1188 demum
959 1128 1088 1192 eventu
1117 1122 1242 1215 patuit,
1262 1124 1396 1194 ‘omnia
1425 1123 1706 1194 machinamenta
1737 1144 1802 1193 sua
1834 1121 1944 1194 luisse
1973 1121 2157 1217 ejusmodi,
2194 1123 2316 1217 quibus

521 1239 653 1385 {ffgffl
695 1245 836 1310 nostros
850 1242 1056 1314 territareut
1073 1244 1258 1328 duntaxat,
1284 1270 1355 1318 non
1374 1245 1617 1340 percellerent.
1640 1245 1807 1318 Solemue
1827 1245 1918 1316 illud
1950 1269 2052 1317 suum
2074 1247 2264 1320 servabant
2280 1249 2314 1319 in

520 1397 664 1450 eumvunae
696 1360 846 1433 Polouia
869 1365 1042 1448 haeretici,
1062 1374 1101 1438 ut
1118 1369 1182 1440 sub
1201 1369 1301 1441 initio
1318 1369 1504 1441 tribunalis
1522 1369 1638 1440 Vilnae
1661 1369 1866 1463 quotannis
1895 1377 2089 1440 conventus
2119 1393 2201 1442 suos
2226 1370 2312 1443 cele

516 1473 664 1609 {amlffl'
692 1484 846 1557 brarent.
868 1489 981 1560 Multa
998 1490 1089 1562 inter
1106 1492 1185 1565 illos
1203 1501 1304 1564 erant
1322 1493 1364 1565 de
1378 1493 1608 1586 religionibus
1626 1493 1712 1574 suis,
1724 1492 1835 1564 multa
1848 1515 1911 1586 per
1932 1493 2153 1565 occasionem
2170 1492 2314 1567 eandem

694 1607 738 1680 de
755 1609 776 1682 J
781 1612 903 1684 esuitis
917 1614 1075 1688 consilia.
1097 1617 1248 1690 Moleste
1275 1619 1310 1689 id
1328 1619 1488 1722 ferebant
1501 1640 1664 1712 proceres
1678 1615 1851 1688 catholici.
1875 1616 2013 1688 Horum
2032 1617 2161 1710 aliquis
2185 1618 2221 1688 in
2236 1641 2313 1692 eam

692 1734 850 1807 incubuit
866 1760 999 1820 curam,
1021 1747 1058 1810 ut
1092 1741 1270 1834 agitantes
1300 1765 1365 1814 sua
1383 1742 1579 1814 clanculum
1600 1742 1801 1826 haereticos,
1822 1765 1842 1812 e
1860 1741 2006 1814 latebris
2025 1743 2062 1814 in
2081 1743 2195 1814 lucem
2213 1749 2316 1837 atque

690 1859 738 1932 ad
764 1867 941 1934 certamen
968 1887 1046 1936 oum
1069 1865 1216 1937 lesuitis
1246 1866 1421 1961 publicuin
1444 1866 1629 1961 aliquando
1651 1865 1806 1938 eliceret.
1844 1865 2038 1960 Appellati,
2067 1889 2234 1940 recusare
2265 1867 2317 1940 illi

694 1984 844 2078 primurn
854 1986 994 2080 quidem
1012 2012 1050 2060 ac
1068 1990 1252 2084 deprecari
1265 1989 1457 2084 periculum
1475 2015 1482 2075 ;
1505 1989 1714 2084 urgentibus
1728 1989 1927 2072 catholicis
1952 1990 2046 2063 diem
2071 2014 2114 2062 ex
2129 1990 2187 2064 die
2202 1991 2317 2086 prola-

694 2119 795 2180 tare:
817 2133 987 2184 excusare
1009 2137 1102 2186 nunc
1131 2136 1198 2186 sua
1216 2115 1373 2208 negotia,
1402 2138 1492 2184 nunc
1521 2111 1782 2194 valetudinem,
1810 2137 1901 2184 nunc
1927 2115 2047 2186 nescio
2079 2113 2161 2208 quid
2188 2114 2316 2200 aliud;

695 2231 875 2306 ministros
889 2236 1029 2309 interim
1052 2261 1147 2322 suos,
1165 2260 1252 2331 quos
1279 2261 1406 2332 magno
1421 2238 1557 2310 delectu
1582 2239 1627 2310 ad
1641 2239 1788 2332 triginta
1803 2239 1954 2334 amplius
1974 2248 2112 2312 mature
2134 2249 2318 2313 contraxe-

694 2365 787 2445 rant,
805 2359 946 2434 hortatu
965 2362 1074 2436 multe
1094 2364 1185 2434 clam
1207 2364 1374 2448 excitare,
1391 2363 1586 2457 opibusque
1604 2385 1742 2434 armare
1757 2362 1930 2435 omnibus.
1949 2363 2149 2458 Comparati
2167 2366 2318 2460 denique

695 2493 730 2557 et
746 2492 885 2580 tempus
905 2488 1008 2582 (diem
1027 2513 1048 2560 a
1066 2490 1277 2562 Pentecoste
1294 2495 1465 2585 quartum)
1480 2497 1514 2562 et
1535 2489 1650 2562 locum
1663 2491 1928 2587 (amplissimam
1947 2492 2105 2566 Palatini
2124 2495 2318 2583 Viluensis,

696 2609 877 2704 principie,
894 2613 1034 2705 patroni
1049 2613 1116 2698 sui,
1134 2613 1258 2708 eedem)
1277 2615 1459 2685 certamini
1473 2615 1664 2687 destinant.
1703 2617 1742 2686 ln
1760 2616 1934 2710 frequenti
1951 2639 2136 2711 procerum
2154 2642 2321 2692 consessu

692 2734 865 2828 turbaque
883 2737 1151 2823 confertissima,
1170 2745 1339 2833 occupato
1369 2741 1540 2811 maturius
1553 2737 1644 2822 loce,
1673 2763 1717 2812 ex
1734 2739 1936 2812 academico
1958 2741 2140 2814 Sociorum
2162 2741 2321 2837 Collegio

695 2863 864 2957 magister
878 2889 990 2940 sacrae
1007 2865 1199 2962 theologiae
1216 2867 1394 2956 Martinus
1408 2863 1643 2959 Smigleckius
1656 2863 1929 2956 praestolabatur
1941 2862 2174 2936 adversarios.
2197 2865 2263 2936 His
2282 2865 2322 2936 in

693 3009 804 3060 arena
824 2992 1033 3085 conspectis,
1059 3015 1173 3086 pauca
1203 2993 1247 3063 ad
1267 3015 1339 3062 rem
1355 2991 1532 3086 praelatus,
1550 2997 1584 3060 et
1606 2991 1859 3084 quaestionibus
1877 2992 1913 3062 in
1932 2993 2048 3064 medio
2061 2992 2184 3088 positis
2198 3002 2318 3088 rogat,

697 3114 782 3206 quid
805 3117 955 3210 primum
979 3117 1120 3210 quidem
1145 3118 1188 3189 de
1217 3122 1389 3212 potestate
1411 3113 1509 3185 Petri
1536 3113 1571 3183 in
1586 3111 1748 3186 Ecclesia
1781 3114 2052 3200 existimarent;
2077 3124 2164 3202 tum,
2189 3139 2236 3188 an
2254 3118 2323 3190 sub

696 3239 879 3332 speciebus
893 3240 994 3334 panis
1021 3241 1159 3326 etvini,
1181 3242 1248 3314 rite
1275 3245 1573 3319 consecratorum,
1605 3259 1730 3308 revera
1759 3250 1854 3310 esset
1873 3240 2008 3336 Corpus
2027 3240 2156 3313 Christi
2182 3241 2324 3314 etSen-

694 3363 792 3455 guis;
819 3363 959 3448 deinde,
984 3387 1029 3436 an
1052 3365 1175 3436 eadem
1190 3363 1415 3436 Eucharistia
1436 3387 1480 3436 ex
1503 3361 1724 3434 institutione
1744 3364 1877 3436 Christi
1897 3375 1932 3438 et
1949 3373 2208 3438 sacramentum
2225 3373 2327 3440 essct

696 3494 731 3558 et
748 3488 957 3560 sacrificium
976 3516 983 3574 ;
1017 3489 1061 3562 de
1084 3489 1178 3560 cultu
1198 3490 1348 3582 denique
1376 3512 1556 3560 sacrarum
1570 3488 1774 3581 imaginum,
1795 3487 1839 3558 de
1867 3497 2068 3559 sanctorum
2091 3488 2326 3561 invocatione

695 3622 730 3686 et
744 3615 950 3708 patrocini0,
973 3615 1016 3686 de
1030 3615 1113 3709 igne
1130 3615 1291 3686 Manium
1308 3613 1527 3708 purgatorio,
1545 3611 1668 3705 ecquid
1695 3618 1902 3686 statuerent.
1922 3613 2007 3684 lnde
2034 3615 2218 3708 provocati
2237 3637 2324 3685 coo-

696 3739 834 3809 riuntur
847 3737 882 3808 in
898 3762 1053 3838 pugnarn
1073 3765 1081 3823 ;
1115 3739 1263 3833 triginta
1280 3736 1430 3831 amplius
1445 3735 1626 3808 lectissimi
1643 3736 1801 3817 Arianae,
1827 3735 2059 3830 Zvinglianae‚
2082 3735 2322 3816 Calvinianae,

694 3861 907 3934 Lutherauae
932 3873 1107 3935 sectarum
1120 3862 1295 3956 magistri,
1325 3861 1535 3955 religionum
1558 3859 1776 3931 diversarum
1806 3859 2000 3943 antistites;
2017 3859 2162 3932 arbitris
2180 3866 2326 3930 contro-

694 3987 819 4058 versiae
836 3987 985 4080 primis:
1012 3987 1179 4059 anostris
1208 3988 1348 4080 quidem
1367 3983 1485 4055 Leone
1508 3983 1658 4077 Sapieha
1677 3986 1853 4058 Lituaniae
1882 3985 2106 4068 cancellarie,
2133 3993 2169 4058 et
2191 3985 2324 4067 altero,

694 4113 816 4184 nescio
839 4135 921 4205 que,
943 4136 962 4185 e
988 4114 1163 4207 praefectis
1189 4109 1418 4182 Vilnensibus
1446 4108 1520 4180 :ab
1545 4108 1721 4180 haereticis
1747 4117 1867 4182 autem
1886 4109 2324 4205 ChristophomDoroho·
2401 4131 2405 4140 ·

696 4237 855 4332 stayskio
883 4236 1057 4310 Lituaniae
1072 4235 1316 4318 mareschallo
1333 4243 1368 4307 et
1382 4235 1537 4328 Georgio
1552 4234 1732 4308 Radivillo
1758 4235 1988 4308 Trocensium
2011 4235 2218 4308 castellane.
2244 4238 2329 4309 Res

695 4363 939 4458 institutaque
965 4364 1094 4436 rectius
1110 4339 1327 4458 procederet,
1358 4367 1497 4432 cautum
1515 4360 1780 4455 praesidentium
1794 4369 1896 4454 pacto
1918 4366 1982 4431 :ut
2008 4360 2160 4432 ministri
2184 4384 2249 4457 per
2270 4383 2330 4434 se-

697 4513 747 4572 se,
778 4512 857 4582 quae
889 4487 934 4560 ad
961 4511 1035 4559 rem
1058 4487 1198 4570 vellent,
1231 4485 1438 4579 singulatim
1463 4486 1694 4580 objectarent,
1731 4493 1766 4557 et
1792 4487 1980 4581 objectanti
2009 4485 2161 4558 vicissim
2193 4486 2330 4558 aemulo

698 4623 951 4706 responsarent
972 4619 1035 4683 :ut
1060 4611 1261 4706 proloquia,
1290 4617 1324 4680 et
1350 4609 1509 4682 solennia
1544 4609 1611 4681 sibi
1638 4611 1874 4705 sophistarum
1905 4608 2126 4693 diverticula,
2163 4610 2208 4680 ad
2244 4611 2333 4704 ipsa

698 4737 872 4808 rationum
894 4736 1016 4807 attenti
1031 4743 1220 4818 momenta,
1242 4736 1444 4808 omitterent
1465 4760 1470 4806 :
1489 4742 1528 4805 ut
1553 4757 1597 4807 ne
1614 4735 1691 4828 quis
1705 4735 1938 4830 objectantem
1967 4741 2029 4806 aut
2054 4740 2334 4827 responsantem

694 4857 936 4953 interpellaret
952 4859 1186 4952 importunus,

745 4983 811 5055 His
830 4983 1087 5054 conditionibus
1105 4984 1195 5054 inter
1212 4989 1349 5077 partem
1367 4991 1550 5075 utramque
1571 4983 1748 5056 convenit.
1771 4980 2056 5075 congrediuntur
2068 4979 2194 5052 animis
2207 4979 2331 5050 utrin-

695 5130 762 5202 que
780 5107 943 5182 incensis.
968 5109 1158 5202 Oppugnat
1179 5108 1325 5202 primus,
1351 5116 1484 5201 quanta
1500 5113 1618 5203 potest
1635 5107 1743 5180 animi
1759 5108 1924 5201 vocisque
1945 5105 2181 5190 contentione,
2202 5125 2332 5176 sacer·

700 5233 833 5304 dotium
853 5233 950 5304 Petri
968 5239 1002 5302 et
1021 5231 1253 5326 principatum
1273 5233 1308 5302 iu
1327 5231 1487 5303 Ecclesia
1515 5254 1711 5304 romanum.
1732 5232 1780 5303 At
1801 5231 1871 5316 hic,
1892 5229 2044 5326 profusis
2061 5228 2192 5300 frustra
2210 5230 2335 5302 omni·
