4936 6658
707 775 816 840 menn
836 773 994 841 osoruus
1017 777 1235 861 (roco-reor).
1741 777 1801 846 381

179 967 297 1058 sperat
321 959 460 1035 interim
478 965 513 1035 et
529 960 641 1047 timet,
663 967 698 1034 ct
719 961 867 1036 horrore
891 962 1096 1059 nescioquo
1123 962 1328 1059 perstrictus
1357 968 1545 1060 respectat,
1574 984 1656 1036 ecce
1672 960 1736 1035 tibi
1753 962 1799 1034 ab
1824 978 1891 1038 1657

179 1087 343 1182 expedita
359 1110 472 1183 nuper
501 1087 646 1162 cohorte
664 1108 729 1161 sua
757 1089 923 1174 nuntius;
944 1086 1035 1184 ipse,
1066 1087 1190 1183 opinor
1208 1089 1379 1163 centurio.
1409 1088 1480 1162 Sed
1505 1086 1598 1174 vide,
1621 1109 1726 1183 quam
1743 1087 1798 1158 sui

179 1234 345 1287 reverens
362 1213 529 1311 principis
559 1214 672 1300 miles,
693 1237 769 1286 non.
793 1213 994 1310 interpellat
1023 1212 1281 1311 colloquentem
1298 1237 1362 1310 per
1392 1213 1586 1287 orationem
1611 1195 1690 1286 oiim
1706 1214 1795 1298 Deo,

180 1347 373 1434 exspectat,
385 1339 468 1413 dum
489 1362 528 1413 se
544 1346 646 1414 vocet
663 1339 783 1425 herus;
801 1340 903 1435 quasi
921 1339 1113 1412 etiamnum
1127 1339 1157 1412 is
1173 1339 1309 1424 vivens,
1324 1361 1483 1434 unusque
1503 1337 1619 1411 adhuc
1646 1361 1665 1410 e
1687 1337 1799 1410 famu·

179 1461 257 1536 litio
276 1463 401 1551 aulico,
422 1485 467 1538 ne
496 1464 563 1538 sibi
581 1465 617 1537 id
648 1463 814 1559 temporis
839 1471 942 1538 vacet
967 1464 1012 1537 ab
1032 1462 1158 1550 officio,
1179 1463 1296 1560 quoad
1318 1471 1396 1538 orat
1413 1463 1589 1559 princeps,
1611 1461 1799 1536 sarmentis

180 1586 244 1660 alit
271 1588 389 1684 ignem
406 1590 444 1662 in
461 1590 639 1664 luculento
658 1588 810 1662 cubiculi
827 1590 989 1676 comin03
1017 1589 1054 1661 id
1083 1569 1166 1662 iero
1192 1588 1306 1685 ipsum
1325 1612 1369 1663 ex
1389 1595 1546 1684 tempore
1562 1589 1659 1662 visus
1687 1587 1804 1683 egisse

179 1711 360 1800 misellus3
381 1715 441 1809 qui
460 1737 543 1787 suos
559 1715 661 1810 ignes
684 1737 755 1786 non
774 1713 823 1786 ali
840 1712 980 1809 quidem
993 1721 1151 1809 cuperet,
1172 1713 1235 1788 sed
1253 1712 1424 1809 extingui.

230 1838 462 1935 Conspectum
486 1840 664 1914 homiuem
689 1840 792 1913 laetus
811 1838 948 1913 salvere
960 1839 1063 1934 jubet
1091 1839 1211 1925 herus,
1228 1861 1275 1911 an
1297 1837 1564 1912 commilitiones
1582 1838 1688 1913 etiam
1712 1837 1803 1910 salvi
1827 1855 1925 1914 cohors

179 1963 350 2038 redierint
366 1965 511 2062 pariter,
533 1965 670 2061 quaerit.
708 1993 724 2024 ..-
746 1963 853 2050 Salvi,
880 1987 960 2060 quae
984 1964 1060 2037 Deo
1078 1964 1125 2036 sit
1149 1964 1281 2060 gratia,
1307 1965 1497 2060 respondet
1514 1964 1669 2038 nuntius.
1704 1962 1802 2036 Salvi
1825 1937 1952 2071 min

184 2117 201 2149 κ
222 2111 343 2162 sumus
361 2113 494 2178 omnes,
524 2089 555 2164 si
580 2090 677 2163 salus
695 2087 834 2184 quidem
865 2094 1041 2185 spectetur
1070 2088 1309 2184 sempiterna3
1330 2095 1497 2162 caeterum
1528 2111 1648 2161 omnes
1671 2088 1803 2184 pariter
1826 2097 1884 2189 acie

184 2244 202 2276 κ
222 2214 448 2288 occubuimus
472 2216 509 2288 in
532 2215 667 2311 praelio.
704 2213 821 2287 Hodie
850 2214 945 2287 inter
968 2235 1091 2288 manes
1116 2212 1268 2310 vectigal
1286 2236 1349 2310 pro
1369 2212 1505 2286 delictis
1521 2212 1557 2284 in
1575 2213 1659 2307 igne
1676 2197 1805 2308 purga·
1828 2176 1966 2316 ἕξω

185 2368 202 2402 ι
223 2341 314 2413 torio
333 2340 463 2414 divinae
485 2341 668 2436 pendimus
692 2339 854 2435 justitiae,
883 2337 1160 2413 misericordiam
1190 2361 1360 2436 opemque
1388 2339 1628 2435 imploramus.
1658 2339 1805 2412 Succur-

185 2492 202 2526 «
223 2473 319 2540 reret
336 2465 514 2561 princeps,
531 2465 656 2561 quibus
673 2470 805 2562 posset,
821 2463 981 2560 piaculis,
1002 2464 1108 2538 sciret
1125 2469 1245 2538 autem
1257 2471 1332 2538 tum
1346 2486 1385 2538 se
1402 2462 1528 2537 fecisse
1545 2465 1685 2537 demum
1704 2463 1805 2551 satis,

185 2619 203 2652 ι
224 2613 304 2663 curn
320 2590 389 2666 hoc
418 2591 522 2687 signo
551 2592 704 2665 monitus
730 2589 848 2665 fuerit.
879 2591 1025 2676 Lacum,
1045 2591 1140 2665 villae
1168 2616 1242 2665 suae
1258 2592 1466 2688 proximum,
1482 2592 1559 2688 jam
1584 2593 1644 2665 diu
1663 2593 1809 2667 oblima-

182 2743 200 2776 α
220 2721 295 2788 turn
315 2739 406 2804 esse,
424 2717 571 2811 et,quod
584 2716 689 2790 sciret
707 2717 796 2811 ipse,
813 2715 1034 2812 piscantibus
1057 2716 1267 2813 malignum.
1284 2717 1433 2791 Curaret
1449 2717 1528 2813 pius
1541 2739 1605 2812 pro
1618 2718 1809 2792 interfectis

184 2869 201 2903 c
223 2841 460 2915 ecclesiastica
490 2840 650 2937 piacula:
670 2841 801 2916 tentari
815 2841 956 2914 interim
967 2841 1112 2937 juberet
1130 2842 1166 2914 in
1188 2841 1268 2916 lacu
1285 2843 1479 2939 piscatum;
1509 2866 1551 2916 oc
1567 2850 1642 2915 tum
1658 2843 1811 2939 denique

185 2995 202 3026 κ
223 2989 262 3041 se
292 2967 476 3062 sociosque
494 2988 617 3041 manes
643 2966 810 3040 liberatos
840 2989 918 3050 esse
935 2966 1163 3062 intelligeret,
1196 2990 1276 3040 cum
1303 2991 1471 3063 magnam
1494 2969 1641 3063 piscium
1670 2969 1808 3065 copiam

185 3119 203 3152 a
223 3091 357 3166 retibus
370 3092 543 3166 inclusam
559 3093 699 3166 viderit.
725 3126 741 3158 n
758 3091 859 3165 Nihil
874 3092 992 3165 omisit
1008 3092 1186 3188 princeps,
1203 3092 1296 3188 quod
1309 3092 1415 3165 etiam
1428 3099 1599 3189 praeterea
1616 3115 1682 3166 sua
1694 3093 1808 3189 pietas

183 3217 434 3314 suggessisset.
454 3217 523 3290 Diu
539 3218 681 3292 interim
696 3239 798 3291 cassa
813 3217 1003 3291 verrebant
1028 3216 1145 3290 lacum
1162 3218 1266 3290 retia.
1292 3217 1417 3290 Multis
1435 3225 1613 3314 postremo
1632 3219 1754 3293 effusis
1772 3219 1807 3291 in

183 3365 284 3439 opem
301 3343 439 3417 miseris
454 3342 636 3417 ferendam
652 3367 832 3416 nummum
845 3342 1012 3430 millibus,
1033 3366 1095 3439 spe
1110 3344 1223 3440 major
1247 3343 1500 3438 comprehensa
1516 3344 1663 3441 piscium
1689 3343 1806 3418 mulli·

181 3468 278 3541 tudo.
311 3467 367 3541 Ab
397 3491 439 3542 eo
469 3490 552 3541 mox
580 3468 729 3564 piscatu,
758 3475 833 3541 tota
864 3465 992 3540 dicitur
1009 3465 1071 3538 illa
1089 3485 1155 3539 sua
1180 3474 1323 3540 caterva
1340 3467 1500 3555 Alberto,
1520 3469 1613 3542 inter
1635 3469 1807 3542 orandum

183 3593 388 3688 suspicienti
418 3593 557 3680 coelum,
591 3593 795 3690 apparuisse
825 3617 868 3666 ex
902 3615 997 3677 aere,
1030 3592 1140 3664 multo
1179 3591 1474 3688 splendidissima,
1509 3589 1808 3691 triumphantique
1858 3671 1860 3677 ,

183 3715 321 3804 similis,
342 3719 522 3814 signisque
546 3719 651 3792 certis
668 3717 851 3792 liberatori
878 3739 942 3790 suo
968 3715 1087 3812 egisse
1120 3720 1257 3811 gratias
1275 3715 1323 3813 (1).
1348 3717 1477 3791 Civiles
1499 3717 1805 3816 principis‘laudcs
1923 3805 1926 3813 ‚

183 3839 317 3914 Paulus
347 3840 551 3928 Potoclrius,
573 3842 882 3918 Camenecensium
898 3865 1032 3938 praeses
1062 3841 1290 3928 castellanus
1312 3841 1414 3916 brevi
1426 3844 1494 3917 hoc
1519 3845 1557 3916 in
1571 3867 1636 3918 sua
1652 3843 1805 3918 clarissi-

184 3989 322 4040 morum
338 3967 494 4040 virorum
518 3966 677 4043 centuria
709 3968 973 4064 comprehendit
1004 3967 1121 4063 elogio
1139 3967 1201 4063 (2):
1233 3965 1401 4041 Albertus
1435 3969 1606 4064 majorum
1638 3966 1808 4043 institutis

182 4092 449 4189 propugnandis
467 4093 636 4191 impendit
653 4095 775 4180 vitam,
792 4095 964 4168 adversus
978 4094 1064 4168 vitia
1082 4092 1299 4190 reipublicae,
1321 4115 1386 4166 sua
1402 4093 1495 4167 mole
1516 4093 1681 4182 labentis,
1711 4094 1807 4168 stetit

184 4218 286 4315 quasi
300 4219 409 4305 solus,
429 4220 694 4315 cadentemque,
714 4228 881 4316 quantum
899 4219 1033 4293 retrahi
1055 4218 1182 4314 potuit,
1203 4217 1359 4304 retinuit,
1381 4217 1464 4292 dum
1480 4218 1579 4294 vixit.
1604 4219 1727 4294 Oratio
1756 4217 1808 4292 illi

183 4347 301 4420 minus
321 4355 471 4443 compta,
489 4348 552 4422 sed
578 4346 703 4444 ipsum,
723 4348 782 4443 qui
811 4348 850 4420 in
879 4345 996 4420 animo
1011 4351 1101 4430 erat,
1127 4343 1339 4442 loquebatur
1367 4345 1554 4418 candorem
1574 4343 1724 4441 :lingua
1752 4343 1805 4416 illi

182 4493 263 4544 cum
293 4479 435 4568 pectore
465 4473 555 4548 mira
601 4473 842 4549 consentiebat
883 4472 1080 4546 harmonia.
1128 4469 1293 4544 Mortuus
1318 4468 1468 4556 Gedani,
1502 4469 1608 4543 funus
1652 4467 1806 4544 transla·
1850 4465 1853 4470 ’

181 4602 258 4668 tum
276 4594 441 4692 Olykam.
1141 4575 1144 4583 Ι

230 4723 461 4799 Varmienses
471 4724 767 4813 Socii,dcmiciliis
777 4725 851 4798 suis
865 4723 985 4821 inopia
997 4729 1033 4798 et
1045 4722 1266 4820 pestilentiae
1275 4719 1670 4817 xacti‚Regiomontum
1679 4719 1813 4818 aliquot

183 4855 435 4944 penetrarunt;
460 4875 528 4948 quo
541 4853 617 4948 jam
635 4851 756 4925 multae
774 4873 818 4923 ex
831 4849 1010 4934 Lituania,
1043 4847 1191 4934 Russia,
1215 4846 1425 4942 Samogitia,
1446 4845 1606 4942 profanae
1627 4867 1707 4922 cum
1724 4843 1805 4918 reli·

225 5011 273 5097 (1)
294 5011 355 5076 Huc
369 5018 444 5076 rerer
459 5016 580 5091 elogium
604 5017 719 5096 Georgii
736 5008 932 5090 Tyszlriowicn
948 5029 994 5092 ep.
1011 5010 1086 5073 Viin.
1102 5014 1177 5074 bene
1192 5013 1227 5074 de
1244 5011 1385 5076 Societate
1401 5013 1492 5074 meriti
1510 5011 1520 5090 1
1535 5029 1562 5072 v.
1579 5013 1607 5072 in
1618 5007 1702 5071 Facie
1718 5023 1811 5071 rerum

187 5121 276 5183 Sern.
296 5122 329 5183 P.
345 5123 550 5195 Naramowski‚
564 5141 592 5200 p.
608 5125 689 5201 363),
706 5125 760 5184 boc
771 5138 844 5183 anno
861 5124 961 5184 mortui
979 5121 1144 5193 inPrussia,
1165 5121 1251 5202 (ibt.
1270 5123 1299 5196 t,
1314 5137 1341 5183 c.
1360 5121 1400 5199 9).
1413 5152 1456 5164 -
1467 5119 1507 5199 (1)
1518 5119 1589 5182 bisc.
1606 5117 1809 5189 Rodivilinous,

188 5232 300 5308 eiapud
316 5231 347 5294 P.
370 5230 505 5293 Adamum
530 5231 723 5294 Naramouski
748 5231 846 5294 Facies
873 5247 966 5294 rerum
992 5231 1221 5304 Sarmaticarum,
1239 5230 1300 5290 Lib.
1323 5230 1426 5305 primo,
1441 5245 1468 5293 c.
1493 5229 1542 5300 17,
1568 5243 1634 5309 pog.
1661 5223 1731 5290 131.
1848 5267 1850 5273 -
