4948 6654
655 737 716 806 232
1024 754 1299 816 LlTUANlChllUll
1322 754 1533 817 SOClll'thlS
1553 755 1639 818 JESU
1662 752 1914 815 HlSlOlllARUM

658 959 676 992 ιι
696 954 905 1031 aequumque
921 957 959 1010 se
975 936 1047 1010 illis
1074 937 1267 1030 exhibeat:
1287 945 1328 1012 ut
1340 963 1378 1014 se
1390 941 1427 1012 in
1452 941 1584 1014 tuenda
1605 948 1641 1013 et
1667 938 1905 1012 conservanda
1925 935 2124 1031 Republica
2149 935 2281 1010 nullius

657 1085 674 1117 a
694 1056 878 1132 industriae
903 1067 938 1133 et
962 1060 1094 1135 laboris
1120 1064 1274 1158 pigeat:
1313 1072 1352 1136 ut
1388 1066 1456 1161 piis
1491 1072 1527 1139 et
1563 1063 1782 1160 sapientibus
1824 1061 2012 1144 auscultet,
2042 1068 2280 1134 assentatores

658 1211 674 1244 a
696 1190 891 1270 aversetur,
908 1184 1079 1257 desidiam
1106 1194 1141 1260 et
1166 1187 1366 1280 voluptates
1392 1189 1564 1284 defugiat,
1582 1187 1836 1260 ecclesiasticos
1868 1195 1903 1260 et
1919 1187 2087 1281 profanos
2107 1186 2159 1258 rei
2178 1209 2278 1257 com-

657 1335 674 1367 «
694 1307 810 1379 munis
827 1307 1052 1381 administros
1077 1317 1172 1382 creet
1189 1308 1319 1405 probos
1338 1312 1465 1408 ubique
1489 1319 1524 1385 et
1545 1312 1636 1407 pios,
1653 1311 1813 1405 aliasque
1839 1310 2031 1384 secundum
2048 1309 2164 1403 legem
2183 1317 2280 1380 tuam

658 1460 676 1492 u
701 1441 736 1506 et
754 1433 971 1508 voluntatem
984 1434 1139 1506 divinam
1155 1436 1235 1508 vias
1251 1423 1493 1530 persequatur.
1515 1441 1569 1511 lta
1586 1437 1758 1532 polliceor
1770 1437 1912 1510 nomine
1929 1444 2003 1519 tuo,
2024 1436 2110 1508 Jesu
2125 1435 2277 1518 Christe,

659 1586 675 1618 u
696 1566 873 1654 potentem
887 1585 1028 1635 manum
1040 1571 1138 1635 tuam
1167 1565 1262 1647 huic,
1286 1560 1618 1661 foreque,utomnia
1633 1582 1849 1655 quaecunque
1870 1561 1915 1632 sit
1927 1560 2098 1642 facturus,
2111 1580 2280 1655 prospere

659 1715 676 1747 κ
697 1689 872 1762 eveniant.
894 1689 950 1763 Ad
968 1700 1128 1763 senatum
1146 1693 1229 1764 item
1247 1693 1474 1785 ordinemque
1497 1699 1709 1783 equestrem,
1726 1689 1771 1758 ad
1798 1711 1897 1759 suam
1922 1687 2090 1759 familiam
2113 1693 2149 1756 et
2165 1685 2278 1755 famu-

659 1816 763 1902 «los,
784 1819 820 1890 in
846 1821 996 1894 comitiis
1026 1829 1061 1894 et
1090 1822 1331 1904 conventibus,
1361 1825 1522 1891 servator
1556 1817 1719 1899 Domine,
1753 1817 1824 1888 obii
1854 1817 2052 1912 perfecique
2081 1815 2278 1910 legationes

658 1969 675 2000 κ
695 1949 788 2014 tuas.
819 1942 1012 2027 Hortabar,
1048 1953 1087 2015 ut
1113 1967 1213 2016 suam
1240 1951 1421 2039 parentem
1452 1953 1648 2036 utramque,
1671 1939 1868 2013 Ecclesiam
1894 1940 2026 2012 scilicet
2046 1945 2081 2010 et
2110 1937 2275 2032 patriam,

660 2095 676 2127 a
698 2089 767 2139 uno
785 2089 904 2140 secum
921 2068 1059 2141 vinculo
1086 2071 1304 2166 conjunctas,
1326 2073 1528 2140 constanter
1545 2064 1768 2158 efflictimque
1789 2068 1931 2135 ament:
1960 2069 2000 2134 ut
2025 2083 2069 2133 ne
2093 2082 2154 2134 eas
2172 2060 2215 2131 ab
2240 2082 2279 2132 se

657 2219 674 2252 a
695 2213 758 2285 per
783 2191 938 2265 haereses
970 2192 1138 2265 divellant
1168 2219 1175 2264 :
1208 2216 1254 2266 ne
1280 2191 1475 2264 discordias
1502 2189 1684 2271 inducant,
1713 2187 1838 2282 quibus
1866 2193 2014 2278 utraque
2041 2185 2217 2256 intereat:
2239 2190 2280 2255 ut

659 2345 675 2378 c
696 2314 842 2389 consilia
860 2315 1062 2388 consocient
1074 2317 1256 2403 salutaria,
1278 2319 1354 2413 ipso
1369 2316 1436 2389 sibi
1463 2315 1556 2386 bono
1575 2312 1797 2407 Reipublicae
1810 2313 2010 2411 proposito;
2031 2310 2136 2406 hujus
2153 2331 2276 2392 causa,

660 2467 676 2500 c
696 2437 757 2510 ubi
773 2461 831 2511 res
849 2438 1089 2534 postulaverit,
1110 2442 1223 2514 omnis
1251 2441 1379 2536 privati
1406 2440 1575 2512 commodi
1599 2441 1777 2536 jacturam
1796 2441 1913 2513 facere
1931 2441 2047 2535 parati
2069 2464 2076 2510 :
2096 2447 2135 2510 ut
2153 2439 2280 2534 princi·

658 2591 676 2624 κ
696 2585 758 2658 pes
793 2585 888 2646 suos,
917 2587 1060 2636 suorum
1091 2563 1251 2660 exemplo
1292 2565 1477 2661 majorum,
1510 2564 1629 2636 colant
1654 2564 1817 2650 fideliter,
1850 2563 1923 2636 illis
1953 2565 2207 2658 obtemperent,
2233 2563 2278 2636 de

659 2713 675 2745 κ
696 2685 853 2781 ipsorum
888 2686 1099 2761 contumelia
1122 2689 1332 2773 irascantur,
1365 2709 1478 2782 neque
1513 2687 1599 2781 ipsis
1626 2688 1913 2760 obmurmurent:
1941 2695 1982 2759 ut·
2013 2686 2164 2759 vicissim
2194 2710 2279 2782 gra·

658 2839 675 2870 a
696 2809 874 2882 tificentur
903 2810 983 2895 sibi,
1024 2833 1210 2905 secumque
1240 2813 1462 2885 consentiant
1495 2836 1503 2882 :
1536 2836 1581 2886 ne
1619 2835 1683 2886 sua
1713 2814 1904 2886 abutantur
1936 2811 2115 2898 libertate,
2160 2812 2279 2906 itaque

658 2957 675 2991 a
693 2931 908 3025 dispereant,
941 2932 1195 3029 discordiisque
1209 2934 1252 3004 in
1274 2935 1479 3007 servitutem
1504 2935 1735 3010 adducantur.
1764 2937 2002 3024 Vociferabar,
2024 2936 2185 3020 Domine,
2210 2935 2282 3008 cla-

659 3085 676 3117 «
697 3057 921 3153 moribusque
938 3057 1026 3134 meis
1045 3081 1166 3132 omnes
1186 3057 1405 3153 flagitabam,
1429 3065 1468 3132 ut
1491 3059 1706 3154 castigandis
1727 3061 1940 3144 homicidiis,
1957 3060 2128 3157 perfidiae,
2144 3059 2280 3132 adulte-

660 3211 677 3244 «
697 3183 774 3265 riis,
793 3183 948 3267 incestis,
966 3182 1174 3268 foenoribus,
1193 3184 1338 3278 rapinis,
1358 3183 1634 3268 incursionibus
1655 3186 1862 3280 caeterisque
1888 3186 2091 3258 criminibus
2109 3184 2283 3278 aequiores

661 3335 677 3366 ι
698 3293 851 3379 condant
879 3306 992 3403 leges,
1013 3307 1276 3402 promptiorque
1301 3304 1441 3400 justitia
1466 3305 1663 3390 habeatur3
1695 3305 1814 3400 itaque
1844 3305 2013 3401 pollutam
2043 3313 2078 3378 et
2107 3306 2283 3400 sanguine

661 3457 678 3490 κ
698 3438 734 3504 at
757 3431 896 3526 injuriis
913 3431 1121 3527 templorum
1147 3454 1189 3503 ac
1214 3403 1421 3527 pauperum,
1441 3434 1477 3500 et
1501 3428 1740 3524 subjectorum
1766 3417 2006 3526 oppressione,
2028 3437 2156 3501 terram
2182 3450 2284 3500 suam

661 3585 678 3618 κ
698 3557 840 3651 expient
860 3581 869 3628 ε
889 3563 928 3628 ut
945 3557 1160 3652 superbiam,
1179 3556 1313 3642 luxum,
1334 3563 1551 3653 nepotatum‚
1571 3557 1807 3652 profusionem
1838 3564 2039 3652 sumptuum
2060 3557 2095 3628 in
2121 3555 2216 3643 vina,
2246 3558 2285 3628 in

661 3707 678 3740 κ
698 3678 817 3751 lanam
844 3677 1088 3775 bombycinam
1106 3678 1373 3775 voluptatesque
1392 3679 1575 3763 omittant;
1605 3678 1667 3751 sed
1699 3701 1783 3774 opes
1809 3679 1844 3749 in
1863 3678 2030 3771 praesidia
2048 3678 2282 3774 Reipublicae,

662 3829 678 3864 u
699 3801 737 3873 in
755 3808 902 3896 egentes
933 3809 968 3874 et
993 3801 1122 3896 templa
1152 3800 1371 3896 impendant.
1391 3803 1559 3875 Minabar
1588 3801 1656 3886 his,
1686 3803 1789 3897 jussu
1814 3810 1888 3886 tuo,
1909 3802 1998 3874 iram
2023 3811 2095 3874 tuae
2118 3803 2284 3897 justitiae,

660 3953 678 3986 ιι
697 3925 877 3998 interitum
904 3932 939 3998 et
956 3925 1113 4021 gladium
1132 3927 1307 4011 hostilem,
1324 3928 1524 4000 vastitatem
1542 3927 1644 4021 regni
1663 3927 1781 3999 suiad
1798 3927 2019 4023 alienigenas
2036 3928 2288 4002 transferendi.

660 4079 675 4112 a
698 4048 930 4122 Ostentabam
947 4047 1189 4143 impendentes
1207 4049 1402 4124 cervicibus
1423 4052 1586 4124 acinaces
1612 4054 1836 4138 barbaricos;
1858 4053 1918 4148 qui
1935 4062 1986 4126 tot
1997 4055 2073 4150 jam
2091 4055 2290 4126 vicinarum

538 4159 545 4172 ⁸
658 4203 674 4236 κ
696 4174 856 4270 gentium
891 4172 1007 4268 capita
1049 4173 1285 4268 florentesque
1320 4196 1432 4268 nuper
1466 4198 1551 4269 opes
1595 4177 1878 4261 demessuerint;
1915 4185 1954 4249 ut
1983 4175 2179 4250 severitatis
2215 4185 2292 4249 tuae

657 4325 673 4360 a
695 4297 821 4370 moniti
841 4297 1101 4392 resipiscerent,
1118 4305 1165 4382 et,
1184 4297 1243 4390 qui
1261 4297 1413 4393 majores
1432 4298 1552 4395 culpas
1571 4299 1841 4384 contraxissent,
1863 4299 2065 4394 cogitarent
2080 4299 2288 4394 prudentes,

657 4447 674 4479 a
695 4421 825 4514 quibus
856 4419 994 4493 demum
1024 4419 1173 4516 piaculis
1205 4420 1362 4496 divinam
1386 4433 1484 4497 tuam
1510 4426 1742 4522 propitiarent
1767 4416 1953 4521 justitiam.
1975 4426 2111 4519 Ecquid
2141 4448 2293 4521 agerem

659 4570 676 4603 c
696 4542 867 4637 amplius,
900 4544 948 4615 mi
983 4545 1157 4617 Dominel
1188 4543 1341 4619 fideliter
1366 4555 1471 4642 atque
1496 4571 1540 4621 ex
1565 4549 1682 4622 animo
1711 4551 1969 4646 poenitentiam,
2007 4551 2293 4626 emendationem

658 4695 675 4727 a
697 4688 854 4751 morum,
874 4667 1024 4740 salutem
1042 4691 1164 4741 eorum
1181 4671 1413 4762 procurabam
1436 4701 1443 4742 :
1464 4679 1503 4744 tu
1520 4675 1626 4746 nosti.
1648 4675 1816 4748 Libenter
1832 4677 1868 4747 in
1887 4677 1924 4748 id
1942 4677 2049 4750 etiam
2066 4699 2160 4749 nunc
2178 4677 2292 4750 vitam

659 4819 676 4852 κ
697 4811 814 4863 meam
841 4789 1059 4886 impendero,
1095 4791 1200 4864 modo
1230 4794 1323 4866 bono
1353 4797 1480 4890 patriae
1511 4796 1650 4891 publico
1672 4799 1898 4873 consulatur.
1932 4799 2106 4873 Amabam
2136 4801 2294 4896 gloriam

663 4920 853 4986 «tuamet
885 4914 985 4986 lucra
1018 4923 1099 5000 tua;
1136 4917 1368 5013 verebarque,
1391 4937 1454 4993 ·na
1480 4919 1582 4994 labor
1607 4928 1642 4994 et
1663 4924 1839 5018 pretiosus
1866 4925 2013 5020 sanguis
2036 4933 2118 4998 tuus
2148 4925 2296 5022 profun-

660 5073 677 5106 κ
699 5046 842 5118 deretur
857 5045 893 5116 in
912 5053 1053 5140 gentem
1078 5047 1171 5119 hanc
1192 5047 1340 5121 frustra.
1363 5047 1429 5126 Qui
1447 5046 1527 5130 fiat,
1548 5055 1586 5119 ut
1604 5047 1719 5120 oleum
1746 5049 1889 5143 perdam
1916 5055 1951 5120 et
1977 5071 2132 5144 operam,
2150 5050 2292 5124 nescio.

662 5199 678 5230 ι
702 5169 791 5252 Rari
828 5169 1015 5242 admodum
1044 5170 1090 5241 ad
1120 5171 1255 5265 frugem
1285 5195 1324 5246 se
1350 5171 1523 5266 recipiunt
1553 5195 1560 5244 :
1599 5171 1707 5243 durus
1735 5171 1980 5266 malignusque
2010 5195 2098 5267 ager
2132 5173 2298 5248 vetulum
