4948 6654
647 801 753 862 traua
777 801 944 872 oriturus
968 803 1179 878 (rano-roco).
1700 805 1757 870 191

145 991 197 1061 bus
210 997 285 1062 tum
298 987 407 1060 animi
422 996 496 1060 tum
509 989 645 1083 ingenii
661 987 806 1072 viribus,
824 987 1037 1083 praefocante
1055 989 1210 1061 animam
1224 988 1312 1071 ravi,
1330 987 1530 1061 succedenti
1549 990 1757 1084 disputatori
1788 1006 1850 1060 rasa

144 1115 246 1186 locum
266 1113 381 1197 dedit;
403 1136 482 1208 quae
508 1112 740 1185 declamasset
769 1112 842 1194 diu,
862 1113 1033 1207 probante
1053 1112 1202 1184 nemina.
1225 1113 1326 1184 Alter
1344 1113 1501 1208 splenem
1528 1114 1631 1187 etiam
1653 1116 1761 1188 movit
1846 1207 1848 1214 y

145 1239 372 1325 auditoribus;
394 1238 525 1332 sophus
543 1237 679 1309 scilicet
693 1237 836 1308 uxorius
855 1261 862 1307 :
884 1238 944 1331 qui
962 1237 1164 1310 sacerdotes
1192 1237 1320 1310 debere
1340 1241 1482 1310 omniuo
1503 1241 1646 1312 maritos
1668 1263 1759 1325 esse,

147 1371 174 1435 et
184 1361 330 1435 lutheri
348 1362 402 1433 sui
415 1360 574 1455 exemplo
589 1361 801 1444 uxorculam,
814 1361 935 1455 putide
948 1363 1198 1446 contenderet;
1214 1384 1296 1433 narn
1311 1362 1415 1434 aliter
1430 1363 1664 1435 sacerdotium
1679 1386 1761 1434 neu·

146 1489 265 1580 tiquam
283 1509 389 1582 posse
407 1487 523 1558 vocari
550 1493 820 1558 sacramentum.
843 1485 913 1558 Sex
930 1487 1038 1558 horas
1068 1485 1099 1558 is
1130 1485 1271 1557 duravit
1297 1485 1492 1558 conflictus.
1515 1486 1595 1558 Otio
1614 1487 1763 1582 denique

148 1613 226 1684 bono
244 1614 281 1684 in
299 1612 386 1707 ipsis
415 1611 662 1683 haereticorum
691 1610 832 1705 ineptiis
861 1610 1026 1694 contrito,
1048 1617 1159 1682 coetus
1193 1611 1399 1696 dimittitur;
1433 1611 1659 1695 adversariis,
1681 1611 1765 1706 quia

39 1789 40 1826 3
150 1745 309 1810 certamen
329 1760 401 1809 non
419 1760 438 1808 e
458 1736 632 1809 sententia
654 1735 720 1806 sibi
744 1735 985 1828 processisset,
1006 1742 1045 1806 ut
1063 1734 1156 1806 idern
1175 1742 1316 1829 postero
1343 1735 1399 1806 die
1424 1735 1669 1828 redintegrare
1692 1738 1765 1808 suis

148 1860 270 1942 liceret,
291 1860 564 1954 postulantibus
579 1859 707 1931 Velum
722 1859 759 1929 id
773 1859 991 1954 indutique,
1012 1858 1104 1950 quod
1119 1858 1171 1929 illi
1185 1881 1259 1929 suae
1274 1857 1497 1930 contumeliae
1511 1858 1761 1931 obtenderent:

150 1980 408 2080 nam'postridie
427 2008 471 2058 ne
487 1985 725 2057 internuntius
743 1983 884 2077 quidem
911 2006 955 2054 ex
981 1982 1144 2054 universo
1164 1981 1225 2054 illo
1244 1983 1426 2055 doctorum
1443 1983 1708 2077 trigintaviratu
1727 2006 1766 2054 ea

150 2110 179 2180 in
194 2133 300 2182 arena
320 2111 437 2196 visus;
458 2133 537 2181 cum
554 2109 694 2181 interim
716 2107 784 2202 ipsi
799 2107 904 2178 etiam
922 2104 1177 2200 disceptatores
1196 2105 1250 2178 sui
1265 2115 1300 2178 et
1313 2108 1453 2201 patroni
1467 2130 1527 2178 eos
1542 2116 1768 2202 expectarent
1839 2171 1842 2180 .

150 2235 373 2329 cupidissime,
387 2242 422 2308 et
436 2235 483 2304 ad
497 2232 720 2330 profliganda
731 2211 884 2327 incepta,
901 2253 1142 2324 quemcunque
1156 2231 1294 2303 demum
1309 2219 1474 2304 habitura
1488 2241 1608 2306 essent
1620 2234 1764 2317 exitum,
1789 2250 1792 2262 ’

150 2360 291 2432 stimulis
310 2366 480 2455 urgerent
499 2359 671 2430 omnibus.
693 2356 763 2429 Sed
782 2379 871 2439 mus,
889 2356 982 2449 quod
1005 2356 1191 2449 proverbio
1206 2355 1345 2440 dicitur,
1367 2359 1524 2450 gustavit
1536 2359 1660 2453 picem.
1682 2359 1765 2430 Ela-

149 2483 267 2556 buutur
285 2507 406 2557 omues
426 2507 470 2556 ex
487 2482 574 2554 urbe
604 2480 816 2564 clanculum,
836 2480 1005 2574 fugaque,
1032 2488 1069 2551 ut
1093 2480 1177 2552 victi
1200 2480 1338 2574 praelio,
1360 2482 1450 2554 alius
1481 2483 1586 2554 alium
1603 2489 1765 2554 antever-

149 2615 227 2680 tunt.
246 2609 301 2682 llli
319 2615 451 2692 tamen,
468 2629 547 2700 quae
562 2628 627 2678 sua
644 2603 860 2700 impudentia
880 2605 1072 2698 singularis
1090 2605 1164 2688 mir,
1180 2606 1273 2700 apud
1291 2629 1401 2678 nurus
1421 2630 1502 2678 suas
1516 2614 1552 2678 et
1564 2606 1766 2701 plebeculas
1794 2597 1796 2602 ’

149 2755 223 2804 suas
241 2755 327 2826 quas
340 2731 460 2804 nescio
474 2731 641 2802 victorias
656 2728 888 2822 crepitabant.
906 2729 987 2800 Non
1002 2727 1165 2799 omuibus
1178 2728 1250 2800 illis
1264 2729 1385 2822 utique
1399 2729 1571 2823 impunita
1584 2731 1649 2800 luit
1662 2731 1766 2824 hujus

149 2857 315 2950 turpitudo
336 2855 523 2929 mendacii.
542 2854 573 2925 E
591 2877 701 2948 grege
720 2854 786 2925 isto
802 2853 946 2925 Gabriel
961 2853 1302 2949 Lubosnczynskius,
1324 2863 1493 2949 patronus
1511 2854 1763 2940 calvinisticuS,

149 2979 309 3054 Medireci
331 2979 368 3052 in
396 2979 480 3050 villa
510 2978 651 3050 Nicolai
683 2977 858 3061 Szumski,
879 2977 1036 3072 praefecti
1067 2976 1319 3060 Rudniceusis‚
1340 2977 1482 3072 hospes,
1503 2977 1673 3071 postridie
1691 2977 1767 3072 ejus

149 3105 253 3176 nostri
273 3103 488 3188 certaminis,
514 3103 556 3173 ad
575 3125 731 3175 mensam
749 3102 906 3175 convivis
925 3100 969 3174 de
991 3125 1136 3173 suorum
1157 3102 1322 3174 hesterno
1341 3125 1420 3173 cum
1438 3101 1459 3174 J
1464 3103 1585 3174 esuitis
1603 3099 1767 3174 conflictu

149 3229 332 3314 narrabat;
353 3228 415 3300 sad
432 3226 603 3298 narrabat
621 3226 739 3299 omnia
757 3249 941 3321 perperam
958 3248 1194 3321 perverseque
1217 3226 1320 3298 homo
1347 3249 1459 3297 vanus
1478 3257 1483 3296 ;
1506 3225 1632 3298 vicisse
1655 3247 1763 3297 suos:

148 3351 254 3424 victos
266 3353 434 3434 Jesuitas,
451 3351 657 3445 ignominiae
678 3348 814 3444 plenos,
832 3348 975 3422 offertos
997 3348 1229 3436 contumeliis
1248 3373 1291 3422 ex
1307 3330 1417 3422 arena
1438 3349 1584 3443 fugisse.
1608 3349 1767 3421 Commo·

149 3475 223 3546 dum
245 3475 437 3548 intererant
453 3467 614 3546 convivae
630 3473 801 3567 hospites
823 3473 882 3567 qui
900 3473 1023 3567 etipsi
1039 3472 1171 3544 fuerint
1198 3473 1321 3545 arbitri
1339 3472 1435 3544 illius
1451 3473 1702 3545 controversiae
1723 3473 1766 3545 ad

148 3599 257 3692 ipsum
271 3622 380 3694 usque
407 3599 564 3670 exitum:
585 3597 622 3669 in
652 3597 773 3691 primis
799 3599 956 3671 Mathias
986 3598 1298 3683 Soreczkovskius‚
1318 3599 1532 3672 benedictini
1550 3599 1674 3671 Trccis
1692 3621 1764 3671 mo·

148 3725 287 3794 uasterii
309 3723 471 3796 antistes,
493 3722 619 3794 Mirari
638 3723 788 3817 primum
807 3721 857 3793 illi
878 3725 1030 3795 hominis
1048 3723 1314 3818 impudentiam,
1339 3747 1446 3819 seque
1473 3724 1762 3819 circumspicere;

150 3846 282 3932 deiude,
302 3856 477 3941 nugatore
496 3871 515 3918 e
533 3846 773 3920 taciturnitate
791 3870 856 3919 sua
873 3848 1009 3918 animos
1030 3856 1203 3932 sumente,
1224 3848 1382 3922 modeste
1405 3848 1559 3943 obloqui,
1583 3873 1637 3935 ac,
1659 3872 1764 3944 porro

149 3995 215 4044 non
243 3981 416 4054 cessante,
437 3973 527 4044 tueri
545 3972 739 4044 veritatem.
761 3972 871 4044 Suum
901 3980 1024 4044 contra
1053 3973 1216 4067 persequi
1240 3973 1467 4060 obtrectator,
1492 3983 1528 4046 et
1545 3974 1765 4046 mendacium
1794 4005 1942 4060 Pennan-

148 4097 345 4182 mendaciis,
362 4096 529 4169 couviciis
547 4096 690 4189 insuper
707 4093 971 4190 maledictisque
989 4095 1210 4168 confirmare.
1229 4097 1401 4192 Denique,
1423 4120 1592 4170 execrans
1607 4099 1642 4169 in
1661 4107 1766 4193 caput
1793 4085 1934 4215 mgis}

149 4241 274 4292 suum:
299 4251 315 4283 a
337 4223 534 4316 dispeream
554 4221 628 4313 jam
653 4243 759 4304 nunc,
780 4220 906 4314 inquit,
926 4219 994 4290 uisi
1025 4244 1103 4315 quae
1130 4223 1186 4315 ajo
1205 4220 1277 4292 sint
1294 4241 1400 4293 vera.¹
1429 4256 1445 4288 a
1467 4222 1594 4294 Evenit
1618 4223 1762 4319 itaque:

147 4343 249 4416 simul
261 4345 335 4420 haec
353 4346 453 4432 dixit,
470 4345 574 4417 simul
592 4345 742 4416 animam
755 4343 877 4417 infelix
890 4344 1055 4430 evomuit,
1072 4344 1255 4439 repentino
1270 4345 1467 4440 apoplexiae
1480 4345 1551 4419 ictu
1564 4348 1601 4419 iu
1615 4351 1765 4446 vestigio

146 4469 336 4560 perculsus,
352 4471 452 4573 ‚VIII
483 4471 563 4542 idus
586 4469 723 4565 junias.
1851 4525 1882 4578 16

194 4593 357 4666 Possonii
385 4595 421 4666 iu
447 4593 647 4689 Hungaria‚
669 4591 761 4664 sacri
792 4580 934 4663 romani
957 4591 1095 4687 imperii
1124 4593 1335 4687 principem,
1356 4595 1628 4669 mareschallum
1654 4597 1765 4691 primo
1795 4600 1924 4692 suuisrat

146 4713 335 4804 Lituaniae,
352 4718 481 4791 deinde
494 4716 702 4812 Samogitiae
715 4716 932 4811 praefectum,
950 4716 1164 4788 Stauislaum
1178 4715 1396 4789 Radivillum
1411 4719 1551 4803 Romae,
1568 4721 1766 4793 christianis
1795 4678 1926 4812 mg?

145 4860 240 4910 auno
268 4841 449 4936 piaculari,
471 4842 607 4925 eodem,
628 4843 703 4935 ejus
729 4841 855 4935 gratiae
881 4841 1136 4934 consequendae
1158 4862 1278 4923 causa,
1299 4842 1567 4914 contendentem
1597 4867 1692 4915 mors
1711 4845 1767 4918 0'c·
1794 4839 1860 4893 ¹⁸⁰⁸·

143 4964 295 5056 cupae-it.
314 4965 483 5039 Relatum
509 4966 544 5036 in
571 4965 735 5060 patriam,
757 4987 883 5057 corpus
903 4962 1024 5057 Olycae
1042 4965 1077 5033 in
1096 4963 1262 5059 temploa
1281 4987 1319 5036 se
1337 4965 1555 5038 exaedificato
1574 4967 1763 5041 conditum.

142 5085 262 5180 Ejecit
277 5113 385 5185 nuper
408 5113 452 5162 ex
477 5113 519 5163 eo
546 5087 674 5184 oppido
703 5085 879 5161 ministros
905 5088 1153 5172 calvinisticos,
1176 5098 1361 5183 aparente
1386 5113 1450 5162 suo
1478 5092 1627 5164 Nicolao
1654 5093 1768 5188 Nigro

143 5210 352 5300 collocatos;
380 5215 542 5307 cavitque
570 5212 665 5307 lege,
686 5221 737 5293 ut,
758 5212 864 5305 siqui
892 5213 1080 5284 haereticus
1114 5211 1152 5309 in
1181 5235 1266 5307 opes
1297 5235 1380 5286 suas
1410 5215 1626 5300 succederet,
1641 5216 1702 5309 jus
1728 5216 1766 5287 in
