4896 6650
681 787 788 848 LIBER
810 788 969 851 TERTIUS
991 791 1202 870 (ltaactaa).
1721 779 1781 848 117

155 962 369 1061 religionise
391 964 568 1040 Societate
593 967 818 1063 flagitabant.
852 970 909 1044 Ad
935 979 1085 1059 tantam
1114 971 1391 1056 tamdiversam,
1419 976 1472 1044 tot
1503 968 1591 1043 locis
1626 987 1778 1040 messem
1808 971 1872 1028 ¹58⁴

158 1091 296 1163 dolebat
314 1089 514 1184 Campanus
527 1091 767 1180 vehementer,
781 1103 890 1191 utque
909 1105 986 1170 erat
1003 1097 1129 1170 salutis
1145 1097 1305 1191 gentium
1324 1092 1548 1190 percupidus,
1578 1090 1781 1164 calamitate

159 1215 407 1312 postulantium
437 1215 591 1310 cognita,
621 1243 700 1292 cum
729 1222 864 1315 gemitu
891 1223 1117 1318 querebatur,
1150 1245 1302 1296 messem
1330 1220 1471 1316 quidem
1507 1241 1585 1292 esse
1620 1216 1780 1300 multam,

159 1341 337 1436 operarios
354 1347 473 1414 autem
486 1341 554 1413 sibi
568 1365 777 1438 perpaucos.
800 1346 937 1420 Orabat
955 1327 1143 1421 Dominum
1161 1347 1299 1432 messis,
1320 1347 1475 1418 mitteret
1492 1345 1569 1439 ipse
1586 1343 1623 1415 in
1640 1363 1701 1416 aas
1728 1363 1784 1414 re·

160 1467 278 1560 giones
297 1487 380 1537 suas
399 1465 596 1560 operariae.
618 1467 705 1562 Egit
723 1469 865 1543 interim
882 1473 959 1566 ipse
976 1453 1042 1566 pra
1060 1472 1174 1568 copia,
1197 1464 1671 1566 Claudiopolitanocollegio
1690 1464 1787 1536 misit

158 1588 326 1662 Jacobum
343 1587 650 1683 Vangroviclium
668 1591 717 1685 (1),
736 1593 920 1667 Sociorum
937 1595 1055 1668 Vilnae
1072 1617 1185 1668 annos
1203 1593 1331 1666 abhinc
1352 1617 1415 1666 sex
1424 1597 1682 1688 prorectorem;
1704 1588 1785 1660 huic

160 1737 233 1786 mox
251 1715 423 1786 successit
441 1715 692 1788 Ferninandus
710 1718 895 1814 Capacius.
918 1719 1139 1794 Gallissiensi
1162 1720 1312 1793 coloniae
1342 1720 1539 1812 Gasparem
1566 1712 1781 1798 Savickium,

160 1839 242 1912 alios
259 1838 348 1910 alibi
363 1839 524 1934 praefecit
541 1849 712 1914 rectores.
1590 1849 1594 1858 '

202 1965 285 2038 Jam
316 1963 497 2038 Grodnam
515 1968 622 2040 etiam
640 1967 803 2040 mittendi
820 1975 921 2042 erant
938 1967 974 2040 in
992 1966 1178 2051 coloniam,
1200 1965 1339 2061 prolixa
1356 1964 1459 2059 regis·
1473 1964 1645 2059 Stephani
1660 1964 1782 2036 volun·
1864 2027 1905 2081 Ἠ.

160 2097 226 2162 tate
242 2089 416 2162 invitante
436 2089 483 2162 ad
500 2091 659 2163 redditus
677 2113 881 2164 eversarum
899 2091 1131 2164 ecclesiaram
1148 2091 1388 2188 occupandos.
1408 2090 1504 2161 Urbs
1516 2089 1594 2164 haec
1609 2089 1785 2162 Lituaniae
1808 2107 1960 2180 stephanus

157 2215 190 2285 in
205 2215 377 2288 Trocensi
393 2215 589 2310 provincia,
614 2217 661 2288 ad
679 2216 858 2288 chranum
881 2215 955 2288 sive
969 2215 1180 2300 Nemenum,
1206 2238 1346 2288 amnem
1372 2214 1626 2286 mercatoribus
1650 2222 1786 2285 nostra·
1809 2187 1952 2244 '⁰¹⁸⁰⁰i⁰⁸

159 2339 246 2412 tibus
262 2338 513 2434 navigabilem,
534 2341 580 2413 ab
602 2339 676 2412 alia
695 2341 843 2435 regione
861 2339 942 2412 coeli
961 2339 1008 2411 ad
1026 2339 1265 2435 Kotrayciam,
1289 2340 1411 2412 subter
1425 2337 1685 2434 propugnaculi
1696 2339 1786 2433 jugo
1811 2283 1942 2402 pqpprgw

160 2463 339 2535 imminens
352 2462 601 2547 confluentem,
621 2463 700 2539 loco
713 2487 866 2548 amaena,
887 2463 1047 2559 caeloque
1074 2463 1211 2536 salubri
1237 2463 1332 2549 sita,
1362 2462 1637 2536 commeantibus
1658 2462 1789 2534 Versa·
1812 2424 1926 2558 ὲῖζῗῃω

159 2587 213 2658 via
227 2587 265 2659 in
282 2587 487 2664 Lituaniam
504 2587 701 2662 tabellariis
716 2589 840 2683 pervia
857 2613 865 2673 ;
886 2597 926 2660 ut
951 2595 1140 2683 propterea
1167 2588 1323 2660 Grodnaa
1345 2588 1502 2684 jucunda
1533 2595 1568 2660 et
1592 2592 1789 2682 opportuna
1814 2579 1893 2636 situs.

160 2711 334 2806 Stephana
352 2709 460 2784 fuerit
475 2712 719 2786 commoratio.
742 2713 796 2785 lbi
809 2735 873 2786 rex
899 2712 968 2784 sibi
994 2733 1108 2799 arces,
1137 2712 1255 2799 villas,
1287 2713 1436 2798 vivaria,
1471 2734 1620 2806 quaeque
1644 2710 1724 2782 usui
1754 2717 1790 2784 et

159 2834 411 2910 oblectamento
426 2843 566 2909 essent:
586 2837 637 2909 ibi
660 2836 877 2910 domicilium
893 2858 1032 2931 qnoque
1046 2835 1160 2912 Sociis
1176 2835 1401 2930 designabat.
1423 2835 1472 2908 At
1485 2835 1666 2929 Campano
1683 2857 1728 2906 ex
1747 2856 1789 2906 ea
1814 2845 1960 2910 Cannam

159 2981 273 3032 raram
290 2959 488 3033 ablatarum
503 2962 605 3056 copia
619 2963 732 3058 major
749 2962 949 3036 sollicitudo
963 2970 998 3037 et
1016 2971 1143 3049 metus,
1160 2941 1266 3058 quam
1282 2965 1373 3038 foret
1391 2986 1436 3036 ex
1454 2971 1627 3058 egestate.
1661 2963 1789 3058 Dispu·
1814 2926 1944 2981 reuocat.

158 3083 245 3154 tavit
272 3083 310 3157 id
345 3107 466 3158 secum
490 3086 580 3181 ipse,
615 3095 650 3160 et
680 3087 830 3185 principi
848 3090 1007 3163 benefico
1037 3088 1334 3164 considerandum
1350 3085 1557 3185 proposuit:
1582 3117 1598 3150 κ
1621 3097 1789 3185 quantum

161 3211 330 3286 «scilicet
348 3212 559 3286 incommodi
585 3221 621 3286 et
646 3214 789 3289 invidiae
820 3216 977 3290 allatura
1005 3224 1099 3290 esset
1128 3218 1211 3302 ista,
1245 3226 1319 3290 mm
1345 3223 1492 3312 repente
1522 3225 1621 3302 nata,
1645 3216 1790 3290 domici·

161 3365 177 3396 α
197 3335 326 3410 liorum
340 3337 550 3424 multitudo;
572 3363 720 3432 quorum
739 3340 813 3413 alia
829 3341 936 3414 hodie
958 3340 1124 3414 collocari
1143 3348 1271 3438 caepta,
1299 3340 1427 3416 affecta
1443 3365 1557 3436 nuper
1581 3342 1667 3424 alia,
1692 3341 1789 3416 nulla

161 3490 177 3521 a
198 3471 317 3534 essent
335 3462 505 3558 perfecta.
526 3499 543 3530 n
561 3464 684 3537 Omitti
701 3467 758 3539 hic
777 3467 957 3552 nonlicet,
973 3468 1194 3542 fidentiorem
1208 3466 1317 3551 illam,
1335 3488 1437 3560 quam
1454 3466 1581 3538 recitat
1596 3465 1788 3540 historicus

159 3595 278 3660 noster
291 3587 502 3674 Sacchinus,
522 3589 718 3662 orationem
733 3591 903 3685 Campani
920 3591 965 3662 ad
979 3591 1184 3686 principem.

207 3741 224 3772 ι
243 3711 351 3797 Olim,
372 3712 499 3807 inquit,
520 3735 702 3786 sacrarum
720 3713 879 3788 locorum
902 3715 1123 3787 institutores
1141 3721 1395 3810 praepotentem
1413 3714 1528 3786 Deum
1544 3712 1787 3797 imitabantur,
1816 3709 1945 3803 Oneon

160 3870 176 3900 κ
196 3843 257 3937 qui
282 3841 382 3937 prius
409 3840 626 3914 domicilium
654 3841 751 3914 orbis
769 3850 946 3916 terrarum
965 3845 1110 3928 creavit,
1132 3851 1167 3916 et
1185 3867 1323 3915 amnem
1344 3845 1420 3937 ejus
1438 3840 1585 3936 perfecit
1602 3848 1787 3926 ornatum;
1816 3789 1963 3925 fam,

159 3996 175 4026 κ
196 3973 272 4038 tum
298 3965 438 4039 demum
464 3965 644 4038 hominem
663 3967 699 4037 in
722 3966 809 4040 illud
837 3968 1046 4040 introduxit.
1063 3969 1111 4041 At
1137 3991 1202 4040 nos
1227 3968 1295 4040 hac
1320 3976 1529 4063 tempestate
1554 3967 1591 4038 in
1621 3966 1793 4040 incertum

159 4120 175 4152 ι
196 4112 379 4176 vocamur,
396 4113 467 4163 non
501 4088 607 4162 domo
633 4092 751 4185 parati
769 4113 839 4163 non
868 4092 999 4164 ralla
1029 4091 1140 4163 multa
1166 4114 1347 4178 conamur,
1364 4115 1477 4188 pauca
1502 4089 1715 4187 perficimus.
1736 4089 1791 4162 En

157 4245 174 4276 κ
195 4215 409 4290 Jaroslaviae
433 4223 468 4288 at
493 4215 683 4298 aedificare,
709 4223 745 4289 et
769 4238 833 4310 pro
868 4200 1028 4289 aedificiis
1062 4216 1263 4288 mendicare
1294 4217 1474 4311 cogimur.¹
1499 4215 1644 4288 Lublini
1661 4213 1792 4286 Varse-

157 4371 173 4400 ι
194 4341 311 4414 victus
328 4347 415 4412 ante
428 4339 582 4412 mendici
601 4363 727 4412 namen
746 4340 910 4434 acquirit,
927 4363 1031 4434 qaam
1050 4340 1196 4412 cultoris
1210 4340 1426 4426 animarum;
1442 4339 1526 4413 dam
1538 4340 1695 4412 intentus
1709 4337 1794 4412 aedi·

157 4491 174 4524 c
194 4465 355 4538 ficationi
371 4464 439 4537 hos
459 4470 565 4559 atqua
591 4464 657 4536 hos
675 4462 846 4560 dynastas
860 4471 966 4559 atque
991 4465 1129 4559 regiam
1153 4472 1309 4539 vestram
1332 4466 1553 4561 majestatem
1571 4464 1718 4560 fatigat3
1738 4463 1796 4536 cui

157 4619 173 4650 ι
194 4589 335 4684 gratias
354 4611 427 4682 ago
454 4589 501 4661 de
519 4586 649 4660 collato
662 4587 701 4660 in
722 4611 802 4660 aum
818 4587 1000 4662 luculento
1017 4587 1175 4662 subsidio
1206 4589 1326 4685 (quina
1341 4591 1377 4661 in
1397 4589 1673 4685 quinquennium
1689 4587 1793 4661 flore·

156 4743 172 4774 a
194 4737 326 4788 norum
345 4712 462 4786 millia
484 4712 720 4810 attribuerat).
743 4713 952 4796 Polocense,
970 4713 1145 4809 Rigense,
1167 4713 1394 4800 Calissiense,
1416 4713 1659 4796 Nesvisiense,
1679 4718 1794 4807 caepta

156 4865 172 4898 κ
197 4859 314 4934 opera
344 4845 442 4923 sunt,
458 4861 529 4909 nan
560 4837 738 4932 perlecta3
767 4838 853 4910 item
871 4838 1031 4933 Derpati,
1058 4838 1249 4922 Cracoviae,
1272 4846 1308 4911 et
1330 4840 1367 4909 in
1390 4836 1652 4934 Transylvania
1676 4832 1790 4918 Albae,

154 4989 170 5022 ι
196 4961 392 5034 Varadini.
409 4961 503 5033 Hinc
520 4961 572 5045 fit,
591 4969 631 5033 ut
654 4961 869 5033 frustrentur
896 4983 960 5034 sua
987 4963 1233 5056 expectatione
1260 4962 1404 5057 populi:
1441 4962 1523 5034 dum
1548 4981 1695 5032 necesse
1725 4965 1792 5041 est,

153 5117 169 5146 a
191 5087 306 5160 rebus
319 5087 522 5159 domesticis
541 5085 768 5181 providendis
795 5085 973 5158 insumere
985 5085 1142 5173 labores,
1158 5110 1246 5181 quos
1261 5088 1447 5182 oportebat
1473 5087 1509 5155 in
1527 5084 1699 5156 culturam
1718 5081 1794 5154 ani-

192 5238 236 5312 (l)
253 5235 312 5294 ΡΡ.
327 5237 452 5296 lacobus
464 5236 562 5308 Vujel,
580 5235 664 5296 Fard.
684 5235 823 5311 depectus
839 5243 867 5295 et
878 5235 987 5311 Gaspar
999 5237 1132 5296 Sawicki.
