4948 6672
652 686 714 756 452
1332 693 1567 764 errabamus,

653 895 692 972 S.
713 897 847 974 Paulus
860 899 977 998 (Rom.
997 901 1030 985 l,
1046 901 1105 996 32)
1113 901 1269 977 scribens
1285 904 1330 978 da
1347 925 1519 978 consensu
1536 906 1573 978 in
1599 908 1705 994 mala,
1734 908 1805 983 ait:
1838 912 1946 1002 Dioni
1961 917 2043 982 sant
2063 917 2174 981 morte
2200 931 2273 982 non

653 1014 766 1084 sctum
783 1019 845 1104 qni
861 1018 948 1086 tolia
961 1017 1110 1102 faciam,
1129 1019 1191 1087 sed
1204 1019 1310 1088 atione
1327 1021 1387 1105 qni
1404 1023 1620 1091 consentiant
1640 1025 1861 1108 facientibus.
1878 1018 1993 1094 Multo
2021 1028 2141 1094 autem
2156 1021 2273 1116 magis

655 1121 715 1216 qui
744 1147 813 1197 non
828 1130 965 1197 tantum
982 1124 1232 1210 consentirent,
1252 1126 1314 1198 sed
1333 1134 1452 1199 essent
1469 1130 1765 1227 causatalislegis
1778 1131 1921 1226 iniquae,
1943 1129 2000 1205 vel
2017 1152 2096 1204 eam
2109 1132 2269 1217 ferendo,

655 1231 711 1306 vel
729 1235 917 1332 otiaretur
935 1234 1118 1308 consilium
1133 1244 1194 1309 aut
1211 1237 1381 1312 auxilium
1399 1240 1529 1326 dando,
1548 1242 1655 1315 immo
1673 1245 1779 1317 etiam
1795 1268 1868 1318 non
1893 1244 2126 1340 impediendo,
2147 1244 2178 1317 si
2194 1269 2274 1340 pos·

657 1351 746 1431 sent,
763 1345 940 1419 contrario
959 1345 1125 1433 consilio;
1142 1349 1188 1420 ad
1211 1349 1304 1443 quod
1333 1349 1485 1424 dandum
1511 1354 1576 1426 sub
1592 1376 1698 1448 poena
1716 1357 1851 1451 peccati
1873 1355 2032 1429 mortalis
2050 1363 2215 1429 tenentur
2248 1357 2273 1428 ii

655 1455 714 1550 qui
726 1454 814 1531 illud
831 1457 917 1532 dare
934 1465 1092 1554 possunt,
1126 1458 1157 1531 si
1187 1457 1238 1532 eis
1273 1461 1410 1535 occasio
1444 1461 1629 1538 offerretur
1654 1466 1699 1539 de
1714 1466 1783 1541 hac
1799 1489 1839 1542 ro
1857 1465 2000 1564 agendi,
2015 1466 2213 1562 praesertim
2242 1465 2275 1540 si

656 1587 777 1641 corum
795 1564 972 1644 sententia
988 1569 1055 1643 hac
1073 1569 1116 1644 de
1138 1592 1177 1646 re
1194 1579 1423 1666 quaereretur.

1261 1805 1458 1865 oumaruua
1478 1809 1619 1867 oasam
1639 1809 1649 1860 :

657 1955 716 2026 An
733 1960 901 2046 ternplum
917 1959 955 2030 S.
966 1959 1117 2046 Sophiae,
1137 1961 1228 2047 qnod
1244 1967 1294 2030 est
1307 1963 1507 2034 catltcdrcte
1518 1968 1747 2054 metropolite
1763 1967 1973 2051 Kiooiensis,
1985 1967 2149 2053 permitti
2162 1967 2273 2056 possit

966 2109 1177 2192 non-unitis,
1199 2115 1236 2178 at
1250 2110 1339 2179 iliud
1351 2119 1565 2197 restaurent,
1585 2120 1617 2184 et
1631 2135 1699 2204 pro
1713 2135 1751 2183 se
1767 2119 1967 2184 retineant?
2009 2091 2011 2096 ¹

710 2302 820 2400 Rasp.
833 2305 1145 2380 Restaurationem
1156 2306 1278 2402 templi
1289 2308 1464 2396 catholici,
1481 2311 1564 2407 quia
1581 2313 1674 2386 cedit
1687 2313 1723 2384 in
1750 2313 1970 2386 commodum
1987 2313 2157 2387 Ecclesiae
2182 2319 2219 2386 et
2235 2334 2280 2385 ax

658 2437 699 2488 se
717 2415 809 2488 mala
835 2423 870 2490 et
886 2417 996 2490 vetita
1022 2441 1093 2490 non
1111 2425 1177 2504 est,
1197 2441 1300 2513 posse
1317 2422 1472 2515 permitti
1489 2447 1497 2510 ;
1519 2423 1581 2498 aad
1611 2424 1641 2496 si
1659 2425 1753 2497 ultra
1782 2423 2077 2498 restaurationem
2093 2425 2198 2498 debet
2216 2423 2280 2497 da-

531 2581 533 2586 ·
660 2532 782 2607 venire
797 2531 835 2606 in
851 2533 1109 2628 possessionem
1126 2535 1405 2621 non-unitorum,
1423 2542 1459 2608 et
1474 2535 1623 2611 alienari
1635 2536 1681 2608 ab
1694 2535 1802 2608 unitis
1816 2535 1920 2630 (quod
1937 2535 2113 2608 non-uniti
2128 2541 2281 2632 praeten-

661 2644 773 2741 dunt),
802 2669 873 2718 uon
890 2669 995 2740 posse
1024 2646 1060 2717 id
1078 2645 1258 2742 permitti:
1278 2653 1354 2719 tum
1378 2653 1520 2742 propter
1550 2670 1677 2723 causas
1708 2651 1745 2722 in
1770 2649 2060 2746 responsionibus
2086 2649 2132 2722 ad
2161 2651 2284 2746 priora

661 2759 812 2853 quaesita
828 2759 955 2833 allatas
970 2785 978 2846 ;
1002 2765 1075 2833 tum
1094 2760 1175 2854 quia
1197 2762 1231 2832 1⁰
1247 2760 1315 2832 hoc
1331 2754 1499 2852 templum
1516 2757 1583 2830 fuit
1602 2767 1709 2834 otest
1729 2769 1810 2834 actu
1827 2760 1863 2832 in
1880 2762 2105 2856 possessione
2121 2762 2286 2836 moderni

661 2869 745 2944 Rmi
771 2870 841 2942 Dni
859 2869 1093 2966 metropolitae
1110 2871 1218 2943 totius
1232 2870 1376 2942 Russiae
1393 2870 1495 2955 uniti,
1512 2870 1572 2965 qui
1589 2871 1625 2942 in
1640 2871 1701 2944 illo
1719 2880 1756 2945 et
1772 2871 1952 2966 liturgiam
1970 2871 2087 2966 (otiam
2099 2871 2284 2967 praesenti·

660 2981 726 3055 bus
744 2981 886 3057 Oosacis
905 3005 934 3055 s.
950 2981 1091 3064 unionis
1108 2979 1281 3075 hostibus)
1306 2978 1495 3054 celebravit
1515 2981 1672 3075 pacifice,
1698 2989 1733 3056 et
1755 2981 1844 3054 illud
1860 2983 2000 3078 magnis
2019 2983 2213 3078 sumptibus
2238 3006 2286 3056 ex

662 3097 763 3187 parte
780 3092 1005 3178 restauravit,
1039 3099 1075 3165 et
1100 3114 1182 3164 suos
1208 3090 1360 3164 vicarios
1381 3091 1427 3163 ad
1444 3089 1533 3164 illud
1557 3093 1664 3178 misit,
1684 3100 1720 3166 ot
1737 3091 1872 3166 clavem
1889 3092 1986 3164 illius
2014 3094 2133 3180 habat,
2154 3093 2219 3168 etsi
2239 3093 2287 3166 ob

664 3207 901 3281 resistentiam
918 3214 953 3280 et
981 3208 1174 3304 potentiam
1192 3206 1404 3280 Cosacorum
1421 3207 1697 3292 non-unitorum,
1716 3205 1754 3279 in
1766 3206 1829 3278 illa
1847 3206 1897 3280 ita
1913 3206 2127 3302 frequenter,
2155 3215 2194 3280 ut
2210 3207 2286 3281 vel·

663 3318 857 3404 let,divina
880 3320 1049 3415 mysteria
1070 3319 1249 3394 celebrare
1264 3342 1334 3392 non
1351 3319 1473 3412 possit.
1494 3316 1661 3392 Adimere
1678 3325 1796 3394 autam
1813 3317 1926 3391 modis
1951 3319 2082 3394 illicitis
2107 3327 2143 3394 ct
2166 3318 2290 3394 vetitis

665 3428 772 3501 alicui
796 3429 902 3504 etiam
923 3429 1107 3503 tabernam
1126 3428 1263 3503 civilem
1284 3429 1340 3524 (ad
1358 3451 1463 3524 quam
1475 3426 1535 3501 ille
1547 3430 1608 3526 jus
1633 3428 1765 3525 habet),
1781 3429 1923 3503 etiamsi·
1936 3429 2033 3504 illius
2065 3452 2139 3504 non
2154 3429 2291 3503 haheat

548 3631 555 3642 ·
665 3541 846 3636 pacificam
868 3542 1141 3637 possessionem,
1174 3547 1227 3614 est
1251 3539 1405 3635 injuria;
1426 3547 1556 3635 quanto
1584 3540 1699 3635 magis
1727 3562 1800 3613 rem
1814 3541 1974 3615 sacraml

713 3653 752 3726 2⁰
770 3652 859 3734 Quia
876 3651 1141 3725 fundationibus
1169 3649 1431 3746 episcopatuum
1457 3650 1598 3725 Russiaa
1634 3649 1744 3746 graeci
1761 3651 1851 3724 ritus
1866 3653 1934 3724 hoc
1958 3659 2012 3726 est
2035 3648 2225 3746 peculiare,
2245 3657 2291 3724 ut

665 3787 786 3837 omnes
803 3771 995 3860 proventus
1020 3762 1232 3859 temporales
1255 3761 1300 3834 iis
1317 3762 1477 3836 attributi
1496 3787 1518 3837 a
1535 3762 1781 3858 fundatoribus
1807 3759 1945 3835 fundati
1959 3769 2041 3835 sunt
2066 3771 2102 3835 ct
2126 3762 2290 3858 inscripti

542 3962 545 3966 ¹
665 3878 752 3974 ipsis
780 3876 931 3973 templis
960 3882 996 3949 ot
1032 3876 1097 3948 sub
1132 3875 1234 3946 titulo
1248 3873 1470 3956 Sanctorum,
1490 3874 1526 3945 in
1553 3897 1701 3971 quorum
1729 3873 1899 3946 honorem
1923 3872 2055 3968 templa
2073 3873 2147 3946 Deo
2168 3871 2290 3946 dicata

666 3996 764 4062 sunt:
790 4015 824 4063 v.
838 3985 1141 4084 gr.,metropoliae
1159 3983 1360 4058 Kioviensis
1377 3983 1536 4060 fundatio
1564 3992 1617 4060 est
1633 3983 1764 4078 templo
1789 3985 1827 4058 S.
1848 3983 1989 4080 Sophiae
2019 4007 2098 4057 cum
2125 3985 2290 4056 omnibus

664 4099 782 4173 firodis
795 4097 1154 4195 inscripta.Quocirca
1171 4097 1203 4169 si
1220 4097 1288 4170 hoo
1303 4094 1470 4191 templum
1488 4097 1595 4170 unitis
1613 4095 1823 4180 auferretur,
1839 4097 1895 4168 cui
1905 4118 2044 4170 annexa
2059 4101 2113 4169 est
2128 4095 2291 4168 fundatio

664 4212 759 4286 illius
785 4209 1119 4305 archiepiscopatus,
1140 4231 1261 4283 omnes
1291 4209 1367 4303 ejus
1396 4216 1588 4304 proventus
1624 4207 1728 4280 simul
1764 4207 1896 4281 auferri
1924 4213 2091 4303 possent;
2125 4213 2291 4280 neutrum

665 4331 781 4397 autem
793 4321 877 4394 licet
890 4320 934 4392 ob
948 4339 1074 4392 causas
1088 4341 1192 4414 supra
1203 4319 1341 4392 allatas.
1362 4318 1492 4392 Merito
1510 4342 1596 4415 ergo
1616 4318 1654 4392 S.
1679 4317 1910 4406 Athanasius,
1930 4321 2116 4414 episcopus
2132 4317 2292 4391 Alexan-

665 4435 801 4520 drinus,
819 4455 909 4517 anno
925 4430 1054 4505 Christi
1067 4431 1152 4516 349,
1170 4438 1208 4503 ut
1224 4429 1332 4503 refert
1345 4430 1536 4516 Baronius,
1564 4435 1711 4524 rogatus
1730 4429 1776 4501 ab
1802 4430 2019 4524 Imperatore
2041 4429 2288 4516 Constantino,

665 4546 837 4621 utsaltam
850 4569 957 4619 unam
971 4543 1155 4618 ecclesiam
1182 4541 1408 4616 Alexandriae
1420 4544 1564 4617 Arianis
1575 4543 1835 4628 concederet,id
1857 4545 1951 4642 quod
1967 4569 2088 4621 eorum
2106 4547 2292 4642 episcopus

666 4657 835 4732 Leontius
857 4656 1073 4754 postulabat,
1093 4653 1218 4727 nolens
1231 4653 1268 4725 id
1285 4654 1401 4727 facere
1415 4655 1521 4728 elusit
1539 4655 1804 4750 Imperatorem,
1824 4658 1974 4752 petendo
1992 4659 2037 4731 ab
2050 4682 2093 4732 eo
2108 4657 2293 4732 ecclesiam

666 4769 890 4856 Arianorum,
912 4793 991 4867 quae
1010 4776 1087 4844 crat
1111 4766 1322 4853 Antiochiae,
1355 4790 1420 4863 pro
1444 4791 1510 4841 usu
1528 4768 1778 4842 catholicorum
1796 4792 1804 4854 ;
1837 4791 1917 4863 quae
1934 4769 2124 4866 postulatio
2150 4769 2294 4843 etiamsi

669 4904 771 4977 aequa
791 4880 968 4954 videretur
996 4877 1219 4974 Imperatori,
1238 4876 1382 4954 Arianis
1400 4885 1517 4956 tamon
1538 4904 1609 4954 non
1636 4887 1691 4954 est
1712 4877 1826 4951 visum
1849 4879 1963 4954 simile
1980 4879 2171 4956 Athanasio
2185 4881 2292 4954 bena·

668 4991 788 5066 ficium
806 4999 993 5091 praestare,
1009 5015 1051 5066 eo
1070 4989 1163 5087 quod
1180 4989 1382 5064 viderentur
1399 5015 1422 5066 a
1438 4991 1621 5067 catholicis
1634 4989 1760 5064 Ariani
1777 4989 1895 5067 multis
1908 4991 2102 5066 rationibus
2119 4992 2289 5089 superati,

630 5199 638 5212 ⁸
668 5106 701 5182 si
716 5105 816 5184 illam
833 5105 1020 5184 adelasiam
1037 5103 1200 5180 catholici
1215 5103 1402 5179 haberant.
