4936 6658
707 715 770 782 3116
1066 710 1341 775 LITUANICARUM
1363 671 1577 774 SOClth'llS
1597 710 1684 776 Jasu
1705 711 1960 776 ulsromeuuu

538 911 602 970 1662
713 928 730 962 a
754 901 851 987 dum,
872 920 940 995 quo
958 897 1093 994 aequius
1121 898 1248 972 melius
1273 922 1373 975 reum
1400 899 1599 996 deposcatis
1624 898 1670 974 ad
1697 899 1919 996 supplicium,
1939 897 2072 974 crimen
2090 896 2177 973 mihi
2194 895 2332 993 aliquos

713 1053 730 1086 s
752 1026 871 1121 utique
889 999 1023 1098 certum
1040 1025 1195 1120 objicite.
1219 1025 1337 1097 Unum
1363 1031 1417 1098 est
1445 1047 1565 1120 porro,
1585 1031 1823 1110 accusatores,
1842 1024 2019 1120 iidemque
2038 1024 2177 1120 judices
2201 1023 2272 1100 mei
2298 1045 2335 1098 ac

713 1178 730 1210 a
750 1150 919 1235 vindices,
939 1173 1048 1223 unum
1081 1157 1134 1223 est
1160 1149 1279 1222 illud:
1305 1171 1497 1223 consensus
1523 1156 1644 1222 noster
1666 1149 1703 1222 in
1728 1171 1814 1244 rege
1831 1149 1974 1234 tuendo,
2001 1156 2038 1223 et
2062 1147 2268 1246 reipublice,
2298 1171 2334 1220 ae

714 1303 730 1335 a
751 1273 832 1346 fide.
854 1274 932 1346 Hoc
949 1297 1056 1369 porro
1079 1273 1193 1346 ultum
1224 1273 1296 1346 itis.
1328 1273 1507 1369 Siquidem
1526 1274 1710 1348 obstinatis
1735 1276 1787 1348 ita
1817 1275 1902 1348 estis
1926 1274 2067 1362 animia,
2088 1274 2195 1349 ilicet.
2218 1274 2333 1348 Oratio

712 1426 728 1458 κ
750 1419 828 1470 mea
846 1420 950 1491 quam
971 1405 1066 1470 reete
1103 1421 1182 1470 cum
1206 1397 1324 1470 animo
1349 1405 1384 1470 et
1409 1422 1448 1472 re
1474 1399 1684 1484 consentiat,
1705 1399 1774 1471 nisi
1792 1399 1948 1484 creditis,
1967 1398 2119 1494 rumpite
2138 1400 2228 1494 jam,
2244 1398 2330 1484 licet,

711 1551 727 1582 s
749 1522 816 1594 hoc
841 1529 975 1617 pectus,
996 1522 1220 1616 cruentisque
1247 1521 1410 1594 manibus
1437 1528 1472 1594 et
1496 1521 1607 1594 oculis
1637 1522 1831 1617 explorate.
1857 1559 1874 1592 a
1904 1525 1960 1598 lta
1983 1521 2274 1619 expostulantem,
2294 1546 2332 1596 ne

708 1645 901 1730 audiretur,
930 1645 1167 1718 obturbabant
1197 1645 1300 1740 primi
1330 1646 1412 1740 pili;
1441 1670 1535 1732 mox,
1564 1646 1804 1722 succlamante
1834 1647 1955 1732 turba,
1985 1646 2179 1742 glandibus
2204 1646 2332 1742 jacula·

712 1773 1052 1869 torumdiscerpitur
1068 1773 1113 1868 (1).
1136 1773 1270 1868 Corpus
1289 1771 1432 1844 Vilnam
1457 1769 1625 1855 delatum,
1656 1793 1678 1842 a
1704 1771 2072 1866 moerenteconjuge,
2106 1769 2331 1864 Magdalena,

709 1898 893 1971 Octaueni
935 1896 1157 1992 Konopackii
1202 1895 1386 1970 castellani
1436 1893 1669 1990 Elbingensis
1715 1894 1803 1982 filia,
1842 1895 1878 1968 in
1921 1894 2053 1990 templo
2094 1893 2219 1968 domus
2260 1917 2332 1990 pro·

709 2015 817 2094 'fessae
852 2027 986 2093 nostrae
1014 2019 1224 2116 depositum.
1944 2012 1947 2022 ’

761 2146 852 2227 Quid
866 2147 949 2219 boni
966 2146 1228 2231 nanciscantur,
1248 2145 1319 2240 qui,
1336 2143 1536 2217 voluntario
1555 2142 1734 2240 religiosae
1747 2147 1783 2216 in
1802 2144 1977 2220 Societate
1995 2145 2082 2219 Jesu
2098 2145 2233 2218 militiae
2250 2144 2329 2217 obli·

712 2273 787 2367 gati
807 2277 1040 2356 sacramento,
1060 2270 1191 2366 perjuri
1210 2263 1420 2354 desciscunt,
1441 2271 1721 2365 desponsamque
1739 2270 1880 2344 Christo
1903 2271 2144 2344 castimoniam
2162 2270 2209 2343 ud
2225 2269 2331 2344 thala·

634 2413 636 2416 ’
715 2420 792 2472 mos
825 2396 1044 2469 transferunt
1074 2394 1281 2490 sacrilegos,
1310 2417 1354 2466 ex
1384 2391 1531 2464 infinitis
1560 2391 1628 2474 hoo
1660 2416 1813 2489 quoque,
1846 2394 1941 2489 quod
1967 2395 2080 2468 Sociis
2115 2396 2151 2468 in
2184 2392 2332 2489 Collegio

535 2616 536 2620 Ἰ
715 2521 900 2593 Pinscensi
913 2519 1055 2615 quidam
1073 2519 1181 2604 dedit,
1203 2519 1370 2591 dimissus
1386 2515 1554 2602 indidem,
1571 2515 1671 2612 isque
1694 2541 1827 2614 genere
1846 2518 1976 2592 illustri
1990 2526 2094 2594 natus
2107 2520 2145 2592 in
2159 2517 2331 2602 niceana,

573 2643 577 2649 ’
716 2647 967 2720 documentum
981 2652 1115 2718 certum
1130 2643 1261 2740 accipe.

540 2767 687 2866 ⁰1¹¹J¹⁸⁸⁵0
765 2775 806 2844 ln
823 2771 1002 2867 religiosas
1027 2771 1190 2842 tirocinio
1220 2769 1316 2854 vitae,
1345 2767 1471 2842 deinde
1497 2768 1534 2840 in
1558 2768 1679 2842 schola
1706 2766 1955 2864 philosophiae,
1979 2769 2048 2842 rite
2067 2768 2261 2856 institutus,
2281 2767 2335 2840 ob·

539 2852 687 3001 miii.
713 2899 946 2994 languescere
960 2896 1020 2970 ille
1033 2895 1204 2992 paulatim
1219 2897 1344 2969 domus
1364 2899 1523 2988 paternae
1540 2893 1717 2966 desiderio
1734 2919 1742 2966 :
1762 2893 1923 2968 fastidire
1941 2895 2162 2991 propositum
2180 2895 2264 2967 vitae
2288 2894 2334 2964 in·

538 3003 637 3061 nobes.
711 3025 885 3108 stitutum,
913 3031 948 3095 et
965 3046 1046 3117 quae
1063 3021 1218 3116 prudeus
1244 3019 1440 3103 dimiserat,
1461 3017 1567 3090 corde
1596 3025 1733 3114 captus,
1764 3025 1967 3113 respectare
1996 3026 2103 3114 atque
2132 3017 2332 3093 habiturire.

711 3149 836 3243 Neque
850 3145 990 3221 iuterim
1010 3145 1087 3232 ulli,
1109 3145 1169 3241 qui
1186 3145 1254 3217 sibi
1267 3142 1400 3218 mederi
1417 3149 1547 3238 posset,
1565 3143 1674 3216 animi
1690 3142 1819 3216 vulnus
1846 3145 1997 3239 aperuit.
2022 3145 2093 3218 Suo
2118 3144 2238 3240 itaque
2259 3165 2337 3216 usus

708 3275 868 3360 consilio,
889 3297 968 3347 cum
986 3275 1023 3346 in
1050 3272 1151 3346 aliud
1165 3297 1245 3347 cum
1270 3272 1374 3347 Sosio
1398 3268 1653 3344 transferretur
1670 3270 1900 3356 domicilium,
1921 3293 1965 3343 ex
1983 3272 2110 3344 itinere
2128 3269 2336 3355 clanculum,

707 3401 899 3475 insalutato
917 3400 1055 3486 comite,
1079 3401 1222 3472 domum
1240 3421 1279 3472 se
1292 3398 1338 3469 ad
1356 3403 1523 3493 parentes
1537 3393 1612 3490 egit
1628 3392 1859 3490 praecipitem.
1881 3395 1988 3468 Brevi
2007 3395 2138 3491 hospes
2162 3393 2338 3491 nupturiro

705 3549 747 3598 ae
765 3525 916 3622 procuri.
937 3525 1073 3596 Nactus
1088 3546 1218 3618 genere
1232 3545 1356 3618 parem
1369 3525 1405 3594 et
1422 3518 1548 3614 opibus
1563 3541 1743 3613 sponsam,
1761 3519 1807 3594 ad
1821 3518 2024 3591 condictum
2042 3519 2176 3615 nuptiis
2194 3519 2286 3593 diem
2299 3540 2337 3590 ac

706 3649 835 3733 locum,
866 3647 1038 3742 crispulus
1065 3646 1138 3730 1116,
1160 3651 1377 3727 cerussatus,
1396 3643 1595 3738 unguentis
1613 3643 1776 3737 perlitus,
1798 3642 1984 3738 splendido
2003 3649 2205 3717 assectaute
2236 3641 2337 3716 comi·

706 3779 797 3857 tatu,
812 3773 983 3844 fremente
1000 3769 1173 3865 superbus
1190 3769 1301 3842 fertur
1319 3791 1421 3863 equo.
1448 3766 1655 3863 Splendoris
1669 3768 1810 3840 iuterim
1825 3768 1900 3862 ipse
1916 3767 2112 3840 admirator
2130 3768 2187 3840 sui
2204 3767 2339 3864 despec-

706 3905 760 3971 tat
782 3895 918 3980 obvios,
939 3894 1195 3968 assentantibus
1212 3892 1425 3966 insolentius
1443 3891 1635 3988 imperitat.
1653 3892 1760 3965 Haud
1787 3892 1909 3990 procul
1936 3916 2076 3988 sponsae
2094 3893 2198 3966 domo
2216 3893 2339 3966 vadum

706 4029 784 4098 erat
798 4017 1057 4115 trajiciendum,
1079 4017 1245 4112 virgultis
1264 4017 1429 4090 obsitum.
1461 4015 1529 4088 Hic
1557 4039 1641 4090 suas
1673 4016 1798 4090 infelix
1825 4039 1977 4112 sponsus
1995 4016 2173 4112 nuptiales
2195 4015 2340 4090 extinxit

708 4145 842 4230 taedas;
867 4143 913 4215 ab
930 4142 1075 4216 asseclis
1096 4143 1246 4238 imperia
1267 4141 1410 4238 superbi
1436 4138 1568 4216 domini
1592 4141 1741 4236 perosis,
1760 4140 1881 4214 multis
1905 4141 2089 4216 confossus
2114 4140 2335 4214 vulneribus.

712 4271 828 4344 Exeiti
844 4267 951 4342 caedis
979 4268 1101 4340 nuntio
1120 4275 1286 4363 parentes
1317 4288 1458 4361 sponsae
1475 4274 1682 4352 accurrunt;
1713 4265 1853 4340 domum
1871 4266 1978 4340 hodie
1995 4265 2236 4340 semianimem
2264 4285 2340 4360 que·

712 4392 793 4476 ruli,
809 4389 979 4488 postridie
1002 4389 1132 4464 funesti
1155 4396 1331 4463 mortuum
1354 4397 1486 4486 preater
1506 4388 1702 4465 thalamum
1717 4391 1900 4466 conferunt
1914 4393 1960 4466 ad
1985 4391 2179 4477 tumulum;
2196 4398 2340 4488 repente

710 4517 748 4589 in
765 4514 961 4611 epicedium
991 4536 1094 4587 verso
1116 4513 1384 4588 convivatorum
1401 4517 1713 4614 ,convivarumque
1731 4520 1971 4615 epithalamio.
1992 4519 2076 4595 Non
2096 4521 2197 4607 istaS,
2220 4510 2344 4604 credo,¹

709 4647 783 4712 tam
797 4637 1016 4713 miserabiles
1025 4638 1169 4728 juvenis
1186 4639 1396 4714 confecisset
1411 4640 1601 4736 aliquando
1618 4643 1770 4739 nuptiae,
1788 4645 1819 4718 si
1844 4668 1949 4741 quam
1974 4644 2010 4716 in
2037 4644 2162 4718 schola
2188 4645 2339 4718 tironum

712 4763 897 4843 societatis
911 4761 1080 4857 religiosa
1094 4762 1313 4858 disciplinam
1327 4763 1410 4837 olim
1428 4773 1626 4882 aqceperat,
1637 4767 1836 4864 diligenter
1855 4770 2020 4866 deinceps
2039 4770 2227 4845 tenuisset.

537 4870 688 5004 rseiemr
761 4889 850 4965 Erat
866 4910 979 4985 nuper
995 4888 1128 4962 novitio
1148 4889 1229 4962 huic
1254 4891 1425 4985 magister
1443 4892 1486 4966 P.
1505 4891 1778 4989 christophorus
1792 4895 1970 4982 Schenck,
1991 4893 2046 4968 vir
2064 4895 2111 4968 ad
2130 4896 2168 4971 id
2186 4893 2340 4969 muneris

538 5034 625 5090 obitus
658 5033 686 5086 ee
712 5015 757 5088 ab
783 5016 873 5110 ipsa,
894 5019 933 5085 ut
959 5014 1010 5086 113
1027 5012 1153 5099 dicam,
1175 5015 1307 5110 pietate
1325 5016 1495 5091 formatus
1512 5043 1521 5090 ε
1540 5042 1653 5095 annos
1677 5020 1826 5114 triginta
1842 5021 1881 5094 in
1898 5019 2076 5098 domicilio
2103 5021 2329 5106 novitiorum,

537 5119 607 5176 ¹⁸⁰⁸·
746 5149 799 5241 Ι(1)
823 5153 855 5218 V.
876 5155 938 5216 Lib.
956 5153 1053 5216 Victor
1067 5160 1096 5215 et
1110 5153 1207 5216 Victus
1222 5162 1337 5218 auctore
1350 5154 1534 5216 Woslauski.
