4896 6650
675 807 735 873 120
1035 799 1309 882 ulrunurcnuu'rr
1332 821 1545 884 socrsrsrls
1564 823 1651 885 insu
1674 823 1928 888 fllsroulnuun

501 1007 566 1064 1584
674 991 846 1087 ejusmodi
864 994 1102 1090 cogitantibus
1121 1000 1249 1087 Sociis,
1281 1004 1328 1077 ad
1345 1003 1541 1102 Collegium
1558 1016 1666 1104 atque
1684 1007 1789 1083 etiam
1807 1009 1843 1082 in
1861 1010 2067 1095 triclinium,
2088 1007 2153 1081 sub
2165 1017 2304 1103 tempus

448 1177 451 1182 ,
501 1173 598 1228 euroi—
673 1121 837 1207 coenulae,
865 1122 1123 1200 benevolentiae
1150 1153 1225 1202 suae
1242 1132 1477 1207 testificandae
1498 1158 1619 1222 causa,
1642 1159 1682 1210 se
1708 1137 1905 1211 conferunt.
1932 1138 2016 1223 Hic,
2040 1137 2185 1210 remotis
2207 1134 2302 1208 arbi-

499 1255 631 1310 1111111-
671 1247 750 1332 tris,
781 1247 964 1322 Sociorum
982 1251 1224 1348 hospitalitate
1241 1256 1312 1329 frui
1339 1256 1405 1331 sibi
1426 1258 1580 1354 placuit;
1610 1261 1701 1333 nihil
1718 1262 1754 1332 in
1774 1260 1983 1357 frugalitate
2000 1282 2145 1349 mensae,
2167 1268 2203 1335 et
2219 1283 2302 1333 con-

500 1331 635 1484 ffflffl
671 1371 832 1446 vivarum
849 1374 1049 1449 humilitate
1062 1383 1335 1473 aspernantibus
1353 1407 1361 1456 :
1378 1384 1534 1479 Georgio
1551 1386 1733 1460 cardinale
1745 1386 1853 1461 etiam
1867 1387 2110 1473 confirmante,
2128 1407 2301 1481 nusquam

498 1499 645 1633 mx
671 1496 860 1572 seleutius
876 1499 1151 1597 jucundiusque,
1169 1529 1274 1599 quam
1291 1508 1327 1579 iu
1346 1507 1494 1581 istorum
1512 1509 1731 1605 parsimonia
1750 1511 2012 1599 convictorum;
2033 1513 2070 1585 in
2084 1533 2154 1609 qua
2166 1509 2301 1583 familia

499 1656 573 1712 ,qm
671 1622 798 1717 sejam
821 1622 905 1696 olim
922 1625 1063 1698 Socium
1090 1628 1311 1715 habuissent,
1340 1633 1514 1728 pullatum
1544 1635 1678 1709 scilicet
1704 1634 1864 1709 similiter
1889 1637 2128 1709 :suavissimo
2155 1635 2230 1721 illc,
2262 1643 2301 1706 ut

670 1743 804 1839 ajebat,
825 1770 894 1841 quo
913 1771 952 1822 se
968 1750 1127 1846 religiosi
1148 1752 1209 1825 isti
1225 1755 1354 1828 fratres
1372 1757 1527 1828 vicissim
1546 1756 1753 1852 dignantur,
1771 1768 1934 1832 ornatum
1951 1761 2159 1857 pronomine
2177 1763 2300 1831 Coris-

668 1871 775 1952 sima',·
793 1892 868 1964 prae
898 1894 966 1966 qno
997 1897 1136 1947 omnem
1162 1876 1349 1971 profanum
1379 1879 1618 1976 splendorem,
1653 1891 1688 1955 et
1718 1883 2016 1978 contortuplicata
2034 1882 2097 1956 illa
2116 1903 2299 1955 munerum

669 1988 859 2064 illustrium
880 1994 1055 2069 vocabula
1072 1999 1213 2085 1111111,
1247 2009 1286 2074 11
1314 2002 1353 2075 hi
1383 2003 1514 2077 fratres
1534 2004 1707 2090 lacerent,
1733 2005 1907 2101 laetusque
1937 2012 2198 2091 contemneret;
2231 2004 2299 2075 nisi

668 2137 769 2188 suurn
782 2116 948 2192 ineundae
962 2120 1149 2194 Societatis
1162 2125 1184 2196 J
1188 2148 1251 2198 esu
1261 2125 1447 2199 consilium
1461 2127 1703 2224 impedivisset
1712 2129 1895 2202 Pontificis
1905 2130 2031 2202 summi
2043 2129 2235 2202 auctoritas
2248 2127 2297 2224 (1).

669 2237 846 2312 Germana
876 2241 983 2337 plane
1011 2246 1144 2341 pietate
1175 2249 1281 2344 hujus
1313 2251 1506 2325 cardinalis
1541 2251 1651 2326 frater
1666 2253 1886 2328 .Stanislaus
1912 2251 2129 2338 Radivillus,
2158 2249 2299 2323 Nicolai

668 2362 819 2458 palatini
848 2365 1032 2442 Vilueusis
1048 2370 1143 2445 filius
1161 2382 1247 2444 natu
1274 2375 1454 2460 minimus,
1480 2375 1738 2450 mareschallus
1759 2385 1836 2451 tum
1859 2379 2051 2462 Lituaniae,
2080 2375 2208 2449 deinde
2234 2376 2299 2449 Sa·

501 2517 632 2575 suburba-
668 2490 826 2584 megitiae
843 2494 1044 2587 praefectus,
1065 2497 1220 2592 benigne
1239 2499 1363 2572 Socios
1377 2510 1412 2573 et
1430 2502 1506 2595 ipse
1523 2502 1740 2597 complexus
1757 2501 1929 2577 Vilueuse
1943 2500 2300 2578 suburbanum'suum

499 2613 563 2653 ”⁰¹¹¹
581 2598 626 2653 ‘¹⁰'
670 2611 850 2703 Lubiszki,
870 2619 1023 2713 primum
1040 2621 1141 2706 illud,
1158 2622 1252 2718 quod
1269 2627 1508 2707 narravimus,
1526 2627 1776 2701 haereticorum
1793 2627 2010 2702 advenarum
2023 2626 2297 2724 receptaculum,

497 2677 633 2810 1111111ὼ
668 2738 706 2809 11
731 2739 824 2814 valle
846 2742 893 2814 ad
921 2764 1061 2818 amnem
1075 2747 1208 2820 Viliam
1226 2770 1368 2822 amoeuo
1385 2749 1464 2822 loco
1492 2750 1609 2837 situm,
1631 2751 1791 2847 collegio
1815 2777 1893 2827 oum
1910 2753 2028 2826 lundis
2046 2751 2182 2848 praedio
2199 2751 2300 2846 adja-

669 2862 831 2966 centibus
849 2865 1005 2941 douavit.
1579 2959 1582 2966 ι

498 2962 643 3096 auidiss-
717 2989 1446 3091 1111111111(1111311181111111111111
1471 2996 1508 3067 in
1531 2995 1695 3069 Livonia.
1718 2998 1757 3068 lu
1784 3002 1921 3068 tantam
1945 2993 2058 3090 pietas
2087 3011 2153 3065 sua
2178 2993 2298 3065 existi·

499 3118 642 3211 tioudigni-
668 3113 858 3187 mationem
875 3125 1036 3202 venerat,
1053 3125 1092 3189 ut
1109 3139 1173 3212 pro
1188 3118 1449 3214 sapientissimo
1467 3119 1759 3215 sanctissimoque
1776 3118 1943 3216 pontifice
1959 3117 2005 3190 ah
2024 3118 2186 3190 omnibus
2204 3117 2298 3190 cole·

497 3197 626 3335 m?
668 3245 778 3310 retur.
800 3238 994 3334 Negabant
1019 3241 1088 3336 ipsi
1106 3241 1212 3314 etiam
1231 3265 1275 3314 ex
1298 3243 1483 3315 Moscovia
1510 3242 1636 3316 incolae
1655 3243 1837 3328 Photiarri,
1863 3243 2047 3338 episcopos
2069 3264 2152 3315 suos
2176 3263 2300 3315 omnes

667 3360 1023 3458 archiepiscoposque
1045 3365 1174 3459 dignos
1197 3387 1289 3452 esse,
1310 3367 1370 3460 qui
1391 3367 1662 3439 admitterentur
1687 3365 1746 3440 vel
1762 3367 1808 3438 ad
1826 3366 1935 3462 pedes
1961 3365 2066 3460 hujus
2093 3365 2183 3438 tanti
2205 3367 2300 3437 anti·

572 3575 579 3590 ,
622 3575 629 3590 ·
668 3485 761 3559 stitis
789 3487 1013 3560 osculandos.
1035 3489 1235 3584 Campanus
1261 3512 1400 3585 quoque
1429 3491 1587 3587 perrexit
1617 3491 1653 3562 in
1676 3491 1876 3575 Livoniam,
1896 3498 1977 3587 post
2007 3489 2300 3585 disceptationem

496 3574 641 3709 ffssffi
667 3607 764 3681 illam
783 3610 1009 3706 deponendo
1040 3612 1196 3685 Grodnae
1227 3613 1417 3698 domicilio,
1445 3637 1468 3686 a
1494 3636 1581 3710 rege
1607 3637 1686 3686 cum
1712 3615 1807 3687 bona
1832 3615 1950 3710 gratia
1976 3613 2153 3686 dimissus.
2183 3610 2301 3684 Multa

497 3734 616 3789 nivonis.
667 3732 756 3806 inibi
774 3757 918 3807 suorum
948 3733 1082 3808 laboris
1109 3744 1144 3809 et
1169 3736 1356 3812 industriae
1381 3736 1485 3811 laetus
1513 3737 1685 3833 comperit
1711 3737 1920 3811 documenta
1948 3761 1955 3809 :
1981 3761 2052 3808 non
2077 3759 2138 3810 eos
2157 3735 2303 3809 demum

666 3879 835 3953 magnam
852 3865 989 3954 partem
1012 3883 1091 3934 esse
1109 3862 1263 3934 Livones
1288 3863 1521 3957 Estonesque,
1549 3883 1638 3956 quos
1661 3884 1774 3956 nuper
1800 3859 2004 3956 reliquisset
2024 3885 2032 3932 :
2052 3858 2200 3932 fractam
2217 3881 2303 3933 1111

669 3982 911 4055 ministrorum
929 3984 1178 4058 haereticorum
1194 3987 1381 4059 audaciam
1403 4010 1411 4059 ε
1433 3985 1641 4059 conciliatos
1660 3987 1789 4058 civium
1811 4007 1898 4081 erga
1924 3985 2047 4058 Socios
2072 3985 2118 4056 ad
2143 3984 2303 4056 benevo-

667 4107 813 4181 lentiam
837 4109 975 4181 animos
997 4134 1004 4181 :
1026 4109 1134 4205 Rigae
1163 4111 1290 4184 fundos
1315 4112 1392 4207 jam
1419 4111 1567 4206 aliquot,
1601 4110 1695 4184 uude
1723 4132 1880 4184 annuum
1910 4119 2096 4206 caperetur
2125 4107 2299 4203 vectigal,

666 4234 777 4306 civico
804 4243 949 4308 senatus
971 4235 1132 4309 consulto
1155 4237 1396 4333 emancipatos
1417 4262 1425 4308 :
1446 4235 1600 4309 infantes
1622 4235 1719 4331 ipsos
1745 4242 1944 4330 nongentos
1970 4235 2196 4329 septuaginta
2218 4255 2303 4306 am-

666 4356 759 4454 plius
777 4357 923 4433 lustrico
939 4360 1107 4456 baptismi
1128 4361 1225 4434 sonte
1250 4360 1391 4435 ablutos
1410 4386 1418 4433 :
1436 4359 1634 4457 complures
1651 4360 1748 4432 viros
1765 4358 1997 4454 ioemiuasque
2014 4356 2072 4430 vel
2087 4379 2110 4428 a
2127 4359 2303 4454 superati·

664 4481 836 4570 tionibus,
852 4485 910 4558 vel
927 4485 973 4558 ab
990 4485 1120 4560 haeresi
1137 4485 1184 4557 ad
1201 4486 1411 4583 religionem
1434 4494 1470 4558 et
1491 4484 1624 4559 rectius
1641 4485 1726 4558 vitae
1748 4484 1947 4557 institutum
1971 4492 2158 4556 revocatos
2180 4508 2187 4554 :
2208 4483 2303 4578 quin

665 4607 785 4703 aliqua
802 4610 910 4683 etiam
935 4612 1024 4684 mira
1050 4635 1114 4708 per
1131 4611 1256 4685 Socios
1278 4611 1446 4685 divinitus
1473 4617 1644 4706 patrata:
1667 4631 1760 4704 aqua
1777 4609 1917 4683 lustrali
1930 4607 2164 4704 amuletisque
2182 4611 2303 4682 sacris

665 4731 812 4827 depulsa
838 4736 950 4809 multa
971 4737 1173 4809 morborum
1203 4759 1350 4832 genera,
1378 4735 1562 4819 veneficia,
1591 4733 1758 4808 terricula
1783 4733 2071 4807 cacodaemonum
2100 4757 2107 4804 :
2137 4733 2304 4806 rationes

665 4856 755 4930 lucri
782 4859 912 4933 accolis
929 4862 1037 4933 maris
1055 4861 1187 4934 Baltici
1211 4862 1302 4933 miro
1319 4860 1424 4934 modo
1443 4860 1637 4933 restitutas.

713 4983 960 5064 Querebantur
977 4985 1041 5071 illi,
1062 4987 1243 5080 regionem
1262 5007 1363 5058 suam
1379 4985 1605 5067 maritimam,
1630 4983 1712 5057 olim
1730 4985 1867 5080 piscatu
1886 4985 2015 5081 oppido
2036 4991 2300 5079 quaestuosam,

662 5107 770 5181 hodie
788 5109 943 5180 omnium
962 5131 1040 5184 esse
1062 5108 1339 5183 infelicissimam
1358 5134 1401 5183 ex
1427 5133 1469 5182 co
1489 5109 1567 5204 jam
1593 5114 1764 5204 ternpore,
1780 5131 1849 5204 quo
1864 5109 2013 5182 advenae
2032 5107 2227 5181 Lutheraui
2247 5109 2304 5180 ad

703 5257 751 5343 (1)
773 5259 835 5324 viu.
853 5263 915 5323 libri
929 5263 1154 5336 eiusdemnurn.
1173 5265 1223 5323 13.
