4906 6642
656 774 698 840 32
1038 777 1312 840 LITUANICARUM
1336 776 1550 839 SOCIETATIS
1570 776 1657 840 lusu
1679 776 1933 840 ulsroalatuut

485 951 550 1008 ¹⁵⁶⁸
656 978 817 1074 gencium
834 982 1062 1056 mostellaria.
1093 982 1203 1056 Nulla
1220 983 1315 1056 hunc
1332 983 1458 1057 deinde
1475 981 1661 1070 maleficia,
1690 1006 1761 1056 non
1773 984 1901 1079 jactati
1917 984 1956 1056 in
1972 993 2078 1080 caput
2096 986 2140 1059 de
2162 989 2282 1084 plateis

657 1105 809 1200 lapides,
830 1132 901 1181 non
919 1111 1103 1183 morticina
1122 1111 1314 1184 anteferes
1333 1133 1482 1206 arasque
1500 1112 1605 1184 etiam
1625 1130 1718 1202 saepe
1734 1106 1856 1202 templi
1873 1107 2044 1203 projecta,
2061 1133 2132 1182 non
2149 1114 2279 1197 sordes,

646 1231 904 1326 obscoenaeque
928 1233 1117 1328 imagines,
1153 1233 1379 1328 carminaque
1404 1234 1441 1305 in
1470 1235 1628 1330 papistas
1646 1232 1737 1319 dira,
1757 1255 1829 1304 non
1858 1231 1940 1304 aliae
1956 1232 2121 1330 ¹crudeles
2145 1234 2280 1331 injuriae

658 1360 702 1434 de
736 1362 883 1434 statione
917 1361 1095 1456 depulere.
1134 1362 1315 1436 Adversus
1333 1363 1404 1434 vim
1430 1363 1658 1458 fraudemque
1689 1361 1818 1435 virtute
1843 1360 2006 1447 obnixus,
2026 1363 2280 1458 malignitatem

655 1487 837 1559 homiuum
854 1531 857 1538 ·
873 1486 1080 1580 superabat;
1110 1485 1294 1580 effecitque
1329 1509 1372 1558 ea
1405 1486 1484 1558 viri'
1497 1487 1707 1574 constantia,
1746 1494 1785 1560 ut
1818 1488 1944 1583 religio
1963 1489 2135 1562 catholica
2161 1491 2279 1563 Elbin·

478 1611 600 1668 1³.th
656 1633 714 1706 gae
744 1610 1004 1683 convalesceret
1035 1610 1233 1705 insigniter.
1274 1615 1315 1685 In
1351 1634 1392 1682 eo
1424 1621 1551 1684 conatu
1586 1614 1727 1699 Petrus,
1774 1613 1935 1686 omnibus
1969 1613 2098 1686 bostra
2128 1621 2280 1689 tentatus

477 1690 599 1823 iffi?
655 1745 775 1830 aperte
805 1734 1000 1818 maleficiis,
1034 1758 1169 1809 veneno
1205 1736 1354 1830 denique
1379 1736 1538 1808 sublatus
1556 1746 1611 1809 est
1641 1737 1690 1832 (1).
1722 1738 1765 1808 ln
1793 1737 1898 1831 hujus
1934 1738 2045 1814 vicem
2075 1740 2228 1835 operarii
2261 1765 2279 1814 e

654 1858 940 1954 Brunsbergensi
976 1859 1145 1954 Collegio,
1182 1859 1366 1953 Philippus
1400 1858 1700 1944 Vidmanstadiua
1738 1883 1940 1955 germanus,
1961 1869 1996 1934 et
2029 1862 2145 1935 Lucas
2172 1863 2278 1937 Kras-

653 1981 841 2066 sowslrius,
858 1981 1020 2077 polonus,
1041 2005 1252 2055 successere.

480 2127 545 2184 losa
703 2107 781 2186 Quo
798 2129 892 2178 anno
922 2106 1086 2178 Lituania
1104 2108 1141 2202 (a)
1177 2107 1364 2201 conjuncta
1391 2128 1470 2177 cum
1498 2127 1608 2198 regno
1638 2104 1798 2178 Poloniae
1821 2105 1874 2178 ita
1900 2105 2031 2178 coaluit
2048 2129 2111 2202 per
2140 2110 2278 2184 comitia

480 2197 590 2331 vissffgn
654 2230 836 2325 utriusque
863 2232 978 2325 gentis
1006 2231 1147 2303 Lublini
1174 2230 1368 2313 habitant
1401 2237 1436 2302 et
1466 2229 1557 2302 ratio
1584 2229 1738 2324 eligendi
1763 2231 1859 2324 regis
1888 2253 1930 2302 ac
1960 2238 2118 2326 potestas
2144 2235 2278 2330 utrique

478 2353 566 2484 3⁰⁰1&
587 2353 631 2408 d0·
655 2356 848 2428 communis
866 2364 971 2437 esset,
992 2364 1107 2429 atrax
1139 2356 1355 2429 Polonorum
1384 2353 1477 2427 idem
1496 2378 1645 2449 magnus
1665 2355 1896 2427 Lituanorum
1916 2356 1986 2428 dux
2004 2357 2195 2432 haberetur
2211 2385 2218 2432 ε
2237 2384 2277 2433 eo

478 2435 633 2564 affini&
657 2478 868 2552 Societatem
894 2477 956 2551 illa
984 2487 1141 2552 nostram
1158 2479 1293 2574 accepit
1311 2478 1455 2550 Vilnam
1478 2499 1542 2573 per
1560 2502 1661 2551 suum
1692 2478 1895 2573 episcopum
1926 2479 2155 2552 Valerianum
2177 2482 2277 2558 Saus-

479 2588 598 2725 ffine}
655 2603 859 2676 rlrovslrium
889 2605 1124 2677 Protasevicz.
1154 2605 1251 2676 Duos
1284 2625 1328 2675 ex
1360 2602 1597 2675 Olomuciensi
1629 2602 1787 2696 Collegio
1809 2603 2024 2690 sacerdotes,
2058 2605 2276 2682 Baltasarem

585 2711 591 2725 ⁹
654 2727 889 2799 Hostovinum
907 2735 942 2800 et
958 2727 1137 2802 Andream
1170 2728 1325 2801 Frisium
1342 2726 1379 2823 (3)
1402 2750 1481 2798 cum
1502 2726 1647 2798 totidem
1665 2727 1881 2821 adjutoribus
1899 2727 2012 2813 laicis,
2034 2731 2093 2822 qui
2105 2733 2277 2828 tantisper

652 2856 781 2942 Vilnae,
831 2836 999 2952 tanquam
1027 2858 1065 2929 in
1111 2857 1276 2941 statione,
1327 2853 1522 2949 Collegium
1572 2843 1831 2948 exspectarent,
1865 2855 2090 2950 provincialis
2133 2857 2278 2930 deduxit

647 2981 860 3056 Franciscus
886 2983 1096 3056 Sunnerius.
1118 2983 1244 3055 Statim
1283 2987 1322 3052 ut
1351 2980 1394 3052 de
1423 2979 1578 3052 adventu
1604 2980 1763 3074 proximo
1795 2979 1927 3076 accepit
1956 2981 2166 3055 Valerianus
2184 3006 2277 3056 nun·

647 3105 747 3191 tium,
770 3105 912 3178 obviam
929 3113 964 3178 et
990 3107 1119 3179 rhedas
1137 3113 1173 3178 et
1199 3104 1401 3178 comitatum
1418 3125 1462 3175 ex
1490 3100 1571 3173 aula
1588 3103 1694 3176 mittit
1725 3104 1968 3178 lectissimum.
1987 3105 2161 3180 Sunnerio
2179 3130 2273 3194 eam,

646 3241 686 3324 ut
703 3255 782 3327 quae
800 3257 871 3307 non
888 3256 963 3306 suae
980 3233 1224 3328 religiosorum
1241 3232 1421 3304 hominum
1439 3230 1600 3326 apposita
1624 3230 1715 3305 foret
1731 3232 1926 3318 modestiae,
1958 3233 2170 3328 deprecante
2196 3257 2218 3306 a
2236 3258 2276 3308 se

645 3381 818 3454 pompam,
840 3365 1055 3432 armatorum
1073 3361 1217 3454 insuper
1235 3357 1379 3430 advolat
1392 3366 1525 3443 turma;
1546 3359 1591 3430 ab
1605 3357 1763 3430 antistita
1779 3362 1962 3429 contracta
1977 3356 2023 3428 ad
2040 3357 2125 3444 dm,
2138 3358 2276 3453 siquam

644 3481 802 3555 haeretici
832 3507 911 3555 cum
941 3506 1004 3556 suo
1033 3483 1193 3555 Vilnensi
1223 3481 1387 3554 Palatino
1418 3482 1700 3576 ingredientibus
1733 3480 1915 3567 afferrent,
1951 3482 1987 3552 vi
2016 3477 2271 3577 repellendam.

647 3603 860 3678 Suboluerat
878 3606 1042 3703 nimirum
1064 3604 1134 3677 illis
1152 3603 1365 3692 hominibus,
1388 3606 1471 3701 quid
1493 3605 1678 3701 episcopus
1696 3607 1865 3679 adversus
1883 3607 2036 3701 partium
2058 3613 2175 3680 castra
2192 3629 2275 3678 sua·

645 3749 738 3812 rum,
759 3729 940 3822 religionis
959 3730 1123 3803 defensor
1141 3753 1234 3812 acer,
1251 3731 1447 3804 moliretur.
1466 3734 1589 3826 ltaque
1606 3731 1712 3815 Socii,
1734 3731 1847 3825 quise
1865 3729 2028 3824 pedibus,
2049 3723 2275 3824 quemadmo-

647 3853 729 3925 dum
747 3855 841 3927 inter
858 3877 896 3928 se
914 3855 1155 3942 condixerant,
1177 3856 1308 3931 inferre
1326 3860 1547 3946 maluissent,
1569 3860 1782 3932 asseclarum
1799 3857 1852 3928 illi
1868 3856 2037 3929 nobilium
2055 3856 2275 3952 militumque

646 3980 815 4052 comitatu
833 3981 937 4075 septi,
957 3981 994 4052 in
1017 3981 1141 4053 urbem
1158 3982 1213 4054 via
1230 3985 1410 4056 consulari
1426 3985 1660 4069 invehuntur;
1681 3981 1801 4055 effusis
1819 3981 1975 4075 undique
1992 3981 2135 4064 urbicis,
2156 3981 2274 4054 studio

646 4103 789 4177 videndi
802 4105 971 4188 advenas,
993 4103 1161 4200 dissipato
1174 4105 1249 4200 jam
1265 4114 1347 4181 ante
1364 4131 1504 4181 rumore
1521 4108 1687 4192 celebres,
1708 4105 1801 4179 ultro
1819 4105 1974 4200 citroque
1992 4105 2269 4179 occursantibus.

648 4227 773 4300 Mense
791 4227 980 4324 septembri
1006 4227 1130 4300 urbem
1147 4229 1358 4324 domumque
1384 4237 1618 4325 praeparatam
1645 4227 1796 4300 subiere.
1818 4226 1885 4304 Qui
1901 4225 2084 4320 religionis
2112 4225 2274 4298 fueritin

646 4351 789 4424 civitate
807 4358 919 4424 status
947 4352 1075 4436 adhuc,
1096 4331 1340 4439 narravimus;
1362 4354 1444 4448 quid
1462 4376 1567 4448 porro
1586 4349 1705 4447 oppidi
1733 4349 1811 4444 ipsa
1828 4349 1874 4421 sit
1890 4348 2010 4435 Vilna,
2031 4373 2103 4422 non
2119 4357 2273 4444 praeter-

645 4475 797 4546 eundum
829 4474 968 4548 silentio
986 4499 994 4547 :
1015 4483 1070 4548 est
1097 4475 1189 4547 enim
1219 4477 1302 4548 urbs
1320 4475 1585 4548 Lituanicarum
1608 4472 1763 4545 omnium
1781 4479 1897 4568 caput,
1919 4472 2088 4567 cujusque
2118 4473 2272 4546 civitatis

645 4599 801 4692 insignia
819 4599 954 4671 suntin
973 4599 1185 4672 Societatem
1202 4599 1384 4672 beneficia.

694 4723 857 4802 Quatuor
875 4721 986 4793 hodie
1015 4721 1111 4816 ipsas
1127 4723 1329 4818 frequentes
1347 4722 1535 4796 Societatis
1551 4721 1673 4793 domos
1686 4720 1819 4792 ambitu
1836 4743 1899 4792 suo
1918 4721 2158 4816 complectitur
2186 4744 2272 4816 pro-

646 4844 832 4930 fessorum,
869 4845 1164 4930 academicorum,
1197 4847 1422 4934 novitiorum,
1455 4854 1490 4920 et
1512 4846 1707 4941 juniorum,
1740 4845 1798 4939 qui
1826 4843 2009 4918 Societatis
2026 4845 2096 4918 ritu
2125 4845 2271 4918 tertium

695 5072 735 5149 (t)
752 5070 785 5131 V.
802 5073 884 5133 toan.
897 5071 955 5132 Leo
977 5073 1005 5130 iu
1018 5071 1091 5132 Hist.
1104 5072 1200 5135 Pruss.
1214 5089 1278 5154 pag.
1296 5073 1406 5134 tao—
1422 5071 1463 5152 (t)
1481 5069 1512 5134 P.
1526 5070 1701 5146 Koialovica
1717 5071 1835 5132 Miscell.
1849 5086 1915 5150 pag.
1933 5073 2022 5132 96.-
2035 5071 2075 5148 (3)
2089 5070 2129 5130 ile
2144 5073 2272 5132 adventu

647 5175 766 5256 plurium
782 5180 929 5240 Sociorum
951 5182 1007 5241 vid.
1022 5196 1097 5242 num.
1115 5181 1163 5239 tt.
