4906 6642
628 831 736 890 LIBER
758 829 1124 906 primusquoddam).
1668 820 1707 886 19

104 1031 220 1120 busque
248 1019 419 1095 ministris
453 1015 651 1089 honorariis
684 1011 846 1099 mittitur,
887 1012 994 1104 inque
1020 1008 1209 1083 seminario
1235 1009 1270 1104 (ι)
1296 1006 1584 1080 scholasticorum
1609 1007 1709 1101 juve·
1737 1021 1799 1076 1568

103 1175 170 1226 num
193 1147 395 1220 collocatur.
417 1143 599 1234 Frequens
631 1137 667 1208 id
701 1145 778 1209 erat
810 1135 1105 1228 nobilissimorum
1142 1155 1187 1204 cx
1216 1131 1330 1218 Italia,
1360 1131 1563 1215 Germania,
1592 1131 1709 1204 Bobe-

104 1277 171 1356 nia,
204 1269 404 1366 Hungaria,
438 1265 597 1348 Polonia,
618 1262 834 1359 pulchreque
863 1284 886 1332 a
914 1258 1044 1332 nostris
1078 1255 1338 1354 Viennensibus
1373 1255 1415 1327 ad
1450 1254 1648 1328 litterarum
1678 1261 1713 1328 et

107 1395 230 1496 pietatis
255 1393 372 1466 studia
397 1390 607 1473 institutum,
629 1407 864 1460 convenarum
889 1385 1060 1480 juranum
1080 1379 1286 1475 Collegium.
1308 1378 1466 1452 Gentiles
1484 1402 1528 1485 en
1548 1378 1710 1463 Polonia,

106 1529 215 1619 praeter
248 1516 351 1598 alios,
383 1521 506 1586 nactus
534 1511 585 1582 ibi
614 1509 812 1584 Stanislaus
847 1507 1076 1590 convictores,
1106 1503 1349 1578 adolescentes
1380 1503 1555 1598 egregios,
1594 1502 1713 1574 divino

107 1643 236 1718 consilio
253 1642 297 1713 ad
313 1637 468 1734 insignia
484 1639 522 1709 in
546 1635 708 1708 Ecclesia
730 1655 876 1706 munera
906 1631 1101 1705 destinatos
1123 1655 1130 1700 :
1151 1627 1372 1702 Bernardum
1407 1625 1712 1722 Maciejovslrium,

106 1777 134 1842 ct
157 1769 327 1840 Joannem
351 1761 652 1845 ·Tarnovskium;
689 1759 783 1831 hunc
823 1756 1123 1852 archiepiscopum
1149 1753 1411 1837 Gnesnensem,
1454 1750 1555 1846 regni
1584 1751 1715 1846 prima-

107 1903 190 1965 tem:
212 1890 311 1961 illum
328 1887 433 1983 hujus
452 1906 688 1958 successorem
719 1883 757 1954 in
787 1904 927 1964 munuc,
947 1903 989 1952 ac
1006 1885 1182 1973 praeterea
1200 1897 1312 1948 sacrae
1343 1873 1517 1947 Romanae
1548 1875 1717 1948 Ecclesiae

108 2013 317 2089 cardinalem.
336 2012 473 2084 Horum
487 2009 711 2102 omniumque
723 2006 760 2078 in
778 2029 820 2078 eo
835 2003 1063 2078 contubernio
1077 2002 1251 2075 sodalium
1265 2023 1420 2073 amorem
1434 2000 1501 2073 sibi
1518 1999 1717 2072 conciliavit

108 2140 307 2237 praecipuum
324 2135 514 2230 conspicua
538 2130 704 2205 Stanislai
728 2130 854 2226 pietas,
885 2129 1055 2224 probitas,
1076 2149 1262 2221 moresque
1280 2149 1417 2199 summa
1434 2125 1619 2219 temperati
1637 2147 1717 2196 sua·

108 2265 229 2346 utate3
256 2267 460 2353 tantumque
489 2255 709 2329 auctoritatis
737 2276 782 2326 ea
816 2276 892 2326 suaa
926 2252 1064 2325 virtutis
1097 2251 1282 2342 maturitas
1317 2249 1453 2333 habuit,
1488 2256 1526 2320 ut
1560 2247 1718 2344 exempla

110 2383 264 2460 stanislai
293 2381 430 2456 caeteris
449 2389 567 2454 essent
584 2401 649 2475 pro
678 2377 894 2472 magisterio,
915 2377 961 2449 ad
988 2398 1097 2471 eaque
1123 2374 1268 2470 ingenui
1297 2373 1448 2446 libenter
1470 2395 1508 2445 sc
1525 2372 1713 2466 fingerent.

112 2511 185 2589 Quae
200 2507 268 2580 hoc
284 2504 454 2600 magistro
473 2497 678 2576 didicissent
694 2502 844 2574 Viennae
862 2499 1140 2586 contubernales,
1169 2498 1365 2570 narrabant
1380 2497 1489 2593 longo
1507 2496 1613 2569 ctiam
1639 2503 1718 2592 post

109 2643 254 2728 tempore
269 2652 455 2703 memores.

149 2758 200 2830 Ex
220 2757 279 2828 bis
304 2753 478 2828 Antonius
503 2753 652 2836 Mierus‚
691 2749 853 2836 antistes,
880 2750 919 2821 in
952 2749 1035 2822 aula
1061 2748 1292 2844 imperatricis
1318 2747 1445 2820 Mariae
1471 2749 1586 2821 viduae
1622 2771 1719 2843 spor·

110 2883 181 2954 tulis
207 2879 407 2976 praefectus
426 2879 464 2949 in
486 2898 588 2950 sacra
605 2873 752 2947 ltituum
771 2875 1054 2968 Congregatione
1070 2875 1107 2968 (a)
1135 2873 1374 2946 testimonium
1396 2871 1516 2944 dedit:
1553 2901 1569 2933 a
1599 2872 1720 2944 Primo

115 3007 255 3079 estatim
284 3014 453 3098 tempore,
491 3023 559 3097 quo
595 2999 793 3073 Stanislaus
822 3000 859 3070 in
888 2999 1113 3072 seminarium
1138 2999 1342 3088 Viennense
1373 2998 1568 3094 ingressus,
1605 2998 1719 3072 lucam

116 3130 316 3224 «quandam
349 3125 533 3199 mirificam
557 3147 637 3196 cum
665 3123 742 3217 ipso
775 3122 932 3195 illatam:
948 3130 1085 3196 tantum
1115 3145 1158 3196 cx
1189 3122 1250 3194 illo
1277 3120 1448 3217 effulgere
1483 3121 1717 3218 splendorem,

118 3263 183 3326 eut
198 3255 293 3326 bunc
310 3273 430 3324 omncs
446 3249 595 3320 maxime
620 3247 836 3341 suspicerent
860 3273 868 3330 ;
886 3270 929 3319 cx
946 3247 1022 3342 ipso
1040 3247 1179 3320 virtutis
1196 3247 1404 3342 dignitatem
1435 3247 1563 3320 clarius
1593 3269 1723 3342 cogno·

117 3382 293 3462 «socrant,
314 3375 516 3471 pariterque
542 3371 588 3442 ad
620 3371 774 3443 studium
791 3371 946 3466 pietatis,
968 3395 1123 3444 amorem
1141 3370 1370 3456 castimoniae,
1390 3393 1492 3444 usum
1518 3370 1724 3445 Sacramen-

118 3530 131 3558 α
148 3509 273 3584 torum,
292 3498 338 3570 ad
355 3495 586 3569 imitationem
602 3493 816 3589 frugalitatis
830 3503 866 3568 ct
884 3517 1022 3568 omnam
1039 3496 1260 3569 honestatem
1276 3496 1420 3568 hortatu
1438 3496 1589 3591 quodam
1601 3497 1724 3569 intimo

117 3630 380 3696 «moverentur.
411 3654 428 3686 n
454 3618 716 3691 Confirmabant
741 3619 834 3692 idem
855 3619 1045 3694 cardinalis
1078 3620 1282 3692 Bernardus
1300 3628 1336 3694 ct
1359 3620 1382 3692 J
1386 3643 1518 3694 oannes
1554 3621 1724 3716 archiepi-

115 3769 243 3842 stopUS,
280 3742 449 3817 Stanislai
478 3741 562 3815 olim
593 3743 826 3824 convictores,
846 3743 1041 3816 imitatores
1057 3743 1221 3827 viventis,
1253 3743 1458 3818 laudatores
1480 3744 1668 3828 demortui,
1688 3753 1725 3818 et

117 3869 283 3942 referendi
308 3869 347 3939 in
376 3867 476 3938 divos
510 3873 757 3960 procuratores
774 3867 902 3962 cupidi.
924 3866 1087 3940 Doluisse
1116 3868 1354 3953 vehementer,
1374 3867 1531 3963 ajebant,
1563 3893 1642 3940 cum
1661 3869 1727 3941 sibi

116 4006 181 4066 tum
193 4017 258 4067 suo
271 3994 338 4066 toti
350 3990 512 4065 sodalitio
526 4013 570 4064 nc
583 4013 714 4063 annum
723 3991 863 4085 quidem
875 3998 988 4065 totum
1001 4016 1042 4064 eo
1056 3993 1148 4066 beati
1156 3993 1298 4088 juvenis
1311 3993 1472 4066 convictu
1481 3993 1549 4065 frui
1561 3993 1701 4067 licuisse
1715 4019 1722 4066 :

116 4139 201 4204 nam,
217 4116 445 4190 Ferdinando
463 4115 678 4209 imperatore
701 4115 781 4187 anni
802 4115 896 4190 1566
914 4116 1061 4210 septimo
1075 4116 1219 4189 kalend.
1240 4116 1405 4212 quintiles
1431 4125 1581 4202 mortuo,
1601 4116 1733 4212 aliquot

117 4249 185 4334 post
214 4241 436 4314 mensibusa
466 4239 724 4325 Maximiliano,
745 4241 850 4335 hujus
868 4241 941 4313 filio
971 4249 1007 4313 et
1036 4263 1238 4314 successore
1265 4241 1304 4312 in
1322 4239 1460 4324 solium,
1489 4241 1606 4314 nobile
1640 4240 1729 4314 illud

118 4365 311 4460 collegium,
333 4384 501 4436 converso
520 4363 608 4435 alios
626 4364 663 4434 in
679 4387 764 4436 usus
782 4363 971 4450 domicilio,
992 4363 1210 4460 dissipatum.

158 4489 247 4560 Aliis
276 4487 348 4560 alio
367 4486 829 4582 commigrantibus‚Paulo,
846 4487 1059 4562 adolescenti
1073 4495 1149 4561 tum
1164 4509 1270 4572 vano,
1290 4486 1419 4581 placuit
1437 4485 1546 4574 aedes,
1569 4486 1734 4583 magnifi-
1762 4491 1867 4584 uocare
1889 4568 1894 4579 .

118 4613 241 4684 cantior
258 4611 334 4698 illa,
355 4611 480 4684 domus
497 4612 582 4684 civis
597 4612 805 4698 consularis,
826 4612 1073 4697 Kamberkeri‚
1098 4612 1134 4684 in
1147 4612 1222 4684 foro
1241 4611 1445 4696 Kiermark,
1465 4611 1543 4684 loco
1560 4613 1732 4686 mercibus
1761 4567 1915 4706 afflig

119 4737 251 4820 celabri,
286 4737 379 4822 sita;
399 4735 463 4808 sed
494 4737 594 4832 cujus
619 4737 707 4831 ipsae
733 4737 879 4810 lautitiae
909 4737 1086 4810 fastidium
1103 4736 1270 4810 afferrent
1296 4737 1504 4844 Stanislao:
1540 4738 1632 4832 quod
1653 4739 1731 4833 ejus

121 4858 272 4933 dominus
289 4860 394 4932 homo
422 4861 514 4933 soret
538 4861 730 4956 improbus,
761 4861 900 4956 isquee
926 4869 1023 4936 secta
1039 4862 1242 4934 luteranica.
1270 4863 1312 4933 In
1329 4885 1404 4934 eam
1436 4885 1474 4934 se
1501 4861 1635 4934 Paulus
1655 4885 1734 4934 cum

121 4985 308 5082 padagogo
326 4993 362 5059 et
374 4985 513 5057 famulis
525 4984 655 5068 intulit,
673 4985 886 5081 fratremque
896 4987 1083 5082 compegit.
1104 4987 1172 5058 Hic
1184 5009 1292 5080 puero
1319 5009 1382 5060 suo
1407 4986 1503 5059 Deus
1529 4988 1735 5060 exercendae

122 5109 250 5182 virtutis
268 5109 381 5182 voluit
399 5110 634 5205 gymnasium,
666 5115 702 5181 et
720 5112 888 5204 quosdam
917 5109 1012 5182 velut
1029 5133 1209 5194 carceres3
1231 5110 1324 5182 unde
1342 5110 1378 5180 in
1409 5109 1544 5182 duobus
1559 5112 1737 5204 germanis

157 5265 192 5336 tt)
209 5263 397 5323 Seminarium
413 5265 468 5320 boc
481 5261 516 5319 ab
532 5263 700 5334 imperatore
719 5261 894 5319 l'crdiuando
909 5263 1065 5321 conditum.
1081 5295 1121 5304 -—
1141 5259 1184 5340 (t)
1206 5263 1322 5321 Procas.
1341 5262 1437 5333 Rom,
1453 5279 1479 5334 p.
1498 5264 1567 5319 741.
