4930 6634
639 823 701 888 310
1007 826 1282 890 tlruultlcluull
1304 829 1517 890 SOClETATlS
1537 830 1623 893 lusu
1645 833 1901 897 Hlsronlluuu

467 1028 531 1084 ruta
638 1035 741 1089 sacer
772 1025 904 1103 orator,
924 1016 1146 1090 Lachoviciis
1168 1020 1525 1104 concionemhebuit,
1551 1043 1656 1115 quam
1682 1044 1803 1094 omnes
1825 1021 1965 1115 magnis
1991 1020 2179 1115 praeconiis
2205 1020 2277 1092 col·

465 1103 586 1239 moldo
639 1135 840 1211 laudarent.
858 1139 1001 1211 Patrem
1016 1139 1203 1213 Bartilium
1216 1163 1287 1214 non
1302 1142 1362 1215 diu
1376 1142 1565 1216 sollicitum
1583 1144 1707 1218 habuit
1720 1146 1862 1218 traditae
1879 1145 1946 1219 sibi
1961 1168 2048 1218 cura
2064 1145 2269 1240 provinciae.

464 1260 612 1398 {yffi
638 1260 735 1333 Visis
767 1263 828 1334 vix
857 1263 990 1357 aliquot
1020 1263 1219 1348 domiciliis,
1249 1265 1443 1340 Smolensci
1478 1269 1635 1362 requiem
1654 1272 1788 1344 invenit
1818 1271 2078 1366 sempiternam,
2111 1271 2157 1342 ab
2188 1270 2277 1341 inito

465 1419 569 1490 pm.
637 1391 850 1478 magrstratu
868 1407 989 1484 mense
1005 1386 1141 1480 quinto,
1165 1387 1234 1457 Vll
1257 1388 1430 1464 kalendas
1455 1392 1685 1485 septembres,
1708 1394 1825 1466 aetatis
1849 1399 1949 1466 sexto
1968 1415 2077 1488 supra
2095 1393 2274 1487 sexagesi-

463 1498 611 1632 ffisll‘f·
636 1529 732 1578 mum
750 1529 856 1592 anno,
873 1509 1059 1582 Societatis
1074 1511 1381 1604 quinquagesimo,
1398 1515 1489 1585 hora
1502 1517 1708 1607 vespertina
1726 1527 1840 1602 sexta,
1856 1517 2045 1612 apoplexia
2063 1539 2272 1612 oppressus;

467 1658 608 1716 cancrum
637 1631 672 1702 V
687 1630 861 1706 kalendas
879 1636 1096 1730 septembres
1116 1658 1243 1730 magno
1262 1639 1382 1733 populi
1403 1661 1576 1711 concursu
1594 1638 1719 1712 elatus.
1744 1641 1861 1712 Natus
1879 1640 2095 1714 Laurentius
2115 1641 2273 1712 honestis

464 1755 611 1874 {gfflffiu
637 1756 842 1850 parentibus
860 1758 1063 1844 Tannonius,
1084 1761 1121 1830 in
1140 1761 1268 1855 oppido
1287 1763 1471 1836 Inferioris
1491 1762 1662 1835 Poloniae.
1686 1763 1767 1835 Divi
1786 1765 1968 1837 Laurentii
1981 1786 2110 1837 nomen
2128 1764 2274 1835 sortitus

464 1895 595 1988 nereus·
638 1879 970 1968 insontelustrioo;
991 1885 1108 1979 utqui
1128 1885 1244 1957 sextili
1274 1908 1407 1968 mense,
1429 1897 1533 1962 nocte
1564 1886 1811 1981 praecipitante
1837 1888 1873 1959 in
1896 1887 1988 1959 diem
2013 1887 2097 1958 huic
2125 1887 2274 1982 martyri

465 1977 599 2111 cuoqqn.
644 2027 796 2090 sacrum,
813 2014 907 2080 esset
925 2009 1077 2102 genitus.
1099 2009 1317 2082 Adolescens
1333 2012 1448 2085 studio
1461 2013 1660 2085 litterarum
1679 2035 1821 2106 operam
1839 2011 1937 2084 dedit
1953 2012 1989 2082 in
2004 2011 2135 2084 scholis
2155 2011 2272 2084 Socie-

469 2142 599 2238 Bcrtilics
642 2128 726 2201 tatis
749 2130 973 2204 daroslaviae.
999 2132 1144 2204 Sextum
1171 2131 1343 2206 decimum
1373 2138 1489 2209 aetatis
1523 2139 1706 2234 ingressus
1732 2159 1876 2221 annum,
1911 2135 2151 2231 Brunsbergae
2179 2158 2274 2206 anno

462 2238 608 2292 pmvlncla·
1347 2265 1354 2280 ι
1375 2265 1394 2280 ·.
1425 2277 1428 2282 1
1508 2266 1514 2282 ι
1596 2267 1602 2283 υ
1701 2266 1707 2280 Ι

463 2299 497 2354 m
515 2304 594 2360 mori-
645 2259 750 2346 1585,
772 2262 824 2333 IV
840 2260 1014 2334 kalendas
1035 2265 1244 2338 novembres
1275 2266 1623 2363 novitusqSocretatis
1651 2267 1852 2360 adpunctus.
1873 2262 1955 2333 Jam
1977 2260 2156 2343 sacerdos,
2177 2261 2272 2333 Lau·

334 2377 337 2384 “
462 2387 508 2439 tur
527 2388 601 2446 smo-
640 2394 754 2460 retum
772 2395 807 2462 et
825 2390 990 2476 Romam,
1012 2393 1119 2464 animi
1141 2393 1195 2463 sui
1214 2392 1250 2463 in
1266 2389 1378 2463 sacris
1404 2389 1489 2461 locis
1514 2389 1589 2462 Deo
1617 2388 1805 2486 profitendi
1833 2408 1952 2469 causa,
1973 2385 2055 2457 visit
2073 2411 2081 2469 ;
2103 2387 2273 2480 majorem

463 2464 613 2618 lffl'qg
639 2521 775 2606 partem
801 2513 949 2607 pedibus
981 2538 1144 2588 emensus
1167 2515 1244 2587 iter.
1280 2516 1322 2586 ln
1348 2513 1532 2596 molestiis,
1563 2515 1715 2585 maxime
1740 2511 1912 2584 adversus
1937 2515 2165 2602 tempestates
2194 2507 2276 2580 coeli

462 2636 546 2704 giam
637 2634 781 2731 hymno,
798 2659 865 2730 quo
884 2636 1106 2710 Beatissimae
1121 2637 1281 2733 Virginis
1300 2637 1514 2732 implorabat
1542 2660 1657 2732 opem,
1678 2661 1700 2709 a
1722 2659 1760 2709 se
1779 2632 1985 2728 composite,
2006 2655 2090 2704 usus
2107 2631 2271 2717 feliciter,

462 2715 611 2848 pqppqqm
636 2758 792 2853 pericula
811 2767 846 2832 et
862 2761 1105 2855 impendentes
1123 2763 1230 2856 capiti
1253 2761 1428 2856 procellas
1448 2762 1528 2855 pius
1547 2768 1709 2833 cantator
1735 2756 1942 2852 dissipabat.
1963 2756 2103 2849 Septem
2127 2754 2275 2828 Laureti

462 2871 580 2928 mmm.
635 2892 870 2956 commoratus
897 2883 985 2970 dica,
1013 2892 1112 2956 sexto
1143 2886 1223 2957 idus
1249 2885 1460 2957 novembres
1483 2885 1646 2978 pervenit
1670 2884 1834 2955 Romam.
1857 2881 2056 2974 Benignea
2082 2879 2273 2974 praeposito

635 3009 794 3102 generali
808 3009 845 3080 in
862 3007 1075 3080 domicilium
1088 3010 1300 3081 novitiorum
1314 3017 1488 3103 acceptus,
1507 3018 1647 3104 tempus
1662 3031 1773 3103 prope
1791 3014 1960 3080 semestre
1974 3006 2010 3075 in
2029 3005 2115 3099 ipsis
2130 3003 2272 3098 pietatis

635 3131 757 3204 officiis
774 3131 902 3225 exegit.
928 3131 1144 3204 Commorari
1172 3132 1402 3207 Laurentium
1421 3134 1632 3228 praepositus
1658 3133 1765 3205 etiam
1793 3132 1859 3202 hoc
1885 3137 1989 3224 pacto
2007 3129 2044 3198 in
2070 3127 2131 3198 illo
2159 3127 2273 3199 voluit
2348 3136 2355 3148 ”

633 3255 820 3340 domicilio,
845 3279 914 3351 quo
940 3259 1140 3331 accuratius
1157 3259 1374 3354 perspiceret
1391 3257 1612 3353 disciplinam
1631 3258 1842 3330 novitiorum
1857 3282 1865 3340 ;
1892 3255 1938 3326 ad
1953 3253 2054 3348 cujus
2069 3252 2267 3347 exemplum

632 3378 668 3450 in
686 3380 872 3452 Lituanica
886 3381 991 3453 etiam
1010 3383 1190 3475 provincia
1211 3382 1330 3455 olima
1348 3405 1386 3455 se
1402 3383 1536 3456 tirones
1550 3384 1797 3454 formarentur.
1821 3379 1972 3472 Cognita
1992 3377 2141 3472 hospitis
2159 3377 2269 3450 comi·

630 3510 699 3588 tas,
718 3504 918 3599 prudentia,
944 3506 1114 3590 doctrina,
1135 3530 1214 3578 cum
1240 3507 1417 3579 eminente
1441 3529 1485 3597 ex
1508 3505 1663 3578 moribus
1691 3505 1763 3577 suis
1795 3481 2041 3586 sanctimonia,
2070 3500 2170 3575 facile
2198 3501 2268 3574 sibi

632 3628 804 3700 bonorum
827 3629 1028 3701 conciliavit
1054 3630 1337 3702 benevolentiam
1355 3637 1461 3723 atque
1478 3631 1680 3702 amicitiam.
1704 3631 1800 3701 Inter
1813 3628 1902 3700 alios
1920 3629 1961 3698 P.
1986 3628 2092 3700 Petro
2110 3627 2266 3699 Antonio

633 3750 801 3846 Spinello,
824 3752 899 3824 viro
917 3752 1082 3846 opinione
1095 3753 1251 3824 omnium
1266 3761 1389 3825 sancto
1405 3761 1441 3826 et
1455 3753 1629 3847 sapiente,
1646 3754 1728 3824 vitae
1742 3753 1914 3845 magistro
1926 3751 2150 3823 familiariter
2163 3773 2262 3822 usus

459 3927 596 3996 Reliquias
682 3874 804 3948 Rediit
832 3877 869 3947 in
900 3877 1102 3950 Lituaniam
1136 3878 1243 3960 1604,
1275 3892 1396 3950 mense
1409 3879 1526 3973 junio,
1555 3877 1701 3973 pulchro
1731 3883 1855 3949 auctus
1889 3898 2046 3959 munere,
2068 3875 2268 3969 insignibus

458 4007 607 4099 usums-
633 4000 736 4072 Beati
769 3999 938 4074 Stanislai
972 4001 1114 4073 Kostka
1131 4001 1302 4094 reliquiis.
1325 4001 1403 4074 Hoc
1437 4001 1567 4097 pignus
1587 4001 1659 4085 ille,
1694 4000 1753 4072 diu
1785 3999 2022 4082 desideratum
2054 4001 2199 4083 civibus,
2227 4000 2266 4070 in

459 4087 606 4218 qqtpqqqps
632 4126 782 4219 patriam
800 4125 934 4220 primus
952 4124 1082 4198 intulit.
1112 4126 1232 4196 Vilnae
1260 4126 1432 4219 magister
1454 4125 1689 4221 philosophiae
1719 4125 1769 4196 ita
1787 4124 1985 4196 litterarum
2014 4123 2267 4196 moderabatur

459 4241 545 4378 ⁰¹³3&
580 4327 586 4340 ,
633 4247 762 4332 studia,
784 4255 822 4321 ut
839 4247 962 4320 eadem
983 4248 1106 4320 schola
1124 4249 1348 4345 gymnasium
1367 4272 1505 4344 quoque
1530 4249 1622 4321 loret
1639 4249 1791 4343 pietatis.
1814 4249 1966 4320 Beatum
1985 4247 2118 4337 Lucam
2143 4248 2266 4319 Evan·
2330 4259 2334 4268 '

460 4326 607 4474 502⁰&ss
631 4371 795 4463 gelistam
812 4371 980 4466 quotidie,
1001 4371 1151 4466 singulis
1182 4372 1359 4445 mensibus
1392 4382 1507 4446 certos
1525 4395 1570 4445 ex
1595 4373 1696 4445 fastis
1713 4372 1938 4454 Sanctorum,
1960 4371 2127 4444 colendos
2157 4372 2265 4444 disci-

458 4486 587 4544 imecurt.
632 4495 725 4589 pulis
759 4496 1040 4570 commendabat.
1074 4495 1275 4592 Aprandio
1306 4505 1342 4570 et
1372 4521 1488 4582 crena,
1523 4498 1663 4591 quando
1683 4519 1701 4567 a
1720 4496 1822 4569 seriis
1849 4504 1990 4569 cessant
2023 4519 2158 4581 ornnes,
2183 4499 2266 4592 ipse

634 4617 755 4691 Socios
786 4620 916 4694 blando
947 4621 1098 4693 invitatu
1116 4623 1153 4692 in
1185 4644 1291 4692 unum
1323 4622 1473 4716 cogebat
1496 4648 1504 4707 ;
1534 4621 1745 4715 agebatque,
1775 4628 1814 4692 ut
1840 4621 1884 4693 de
1910 4620 2016 4692 rebus
2043 4619 2169 4693 divinis
2186 4622 2260 4716 pie,

634 4721 778 4826 utiliter,
799 4750 834 4816 et
857 4745 1015 4838 jucunde
1046 4767 1225 4817 sermones
1255 4744 1348 4816 inter
1373 4769 1412 4816 se
1443 4745 1651 4818 conferrent.
1685 4743 1799 4816 Feriis
1830 4744 2104 4828 autumnalibus
2132 4745 2264 4839 quibus

632 4869 781 4964 collegio
799 4870 1009 4944 scholastico
1024 4874 1134 4945 otium
1147 4880 1241 4945 esset
1253 4871 1289 4942 in
1308 4891 1396 4964 agro
1424 4869 1541 4941 Vilnae
1560 4868 1776 4954 suburbano,
1797 4890 1876 4939 cum
1893 4867 1997 4940 facile
2023 4869 2165 4942 aliunde
2183 4873 2265 4966 oapi

632 4999 750 5088 posset
768 4992 876 5066 animi
906 4993 1107 5077 oblectatio,
1129 4993 1188 5066 ille
1218 5001 1293 5065 tum
1323 4991 1464 5065 areolas
1482 4992 1517 5062 in
1537 4990 1649 5063 hortis
1674 4991 1867 5086 pastinare,
1897 5015 2016 5066 serere
2034 4994 2261 5078 arbusculas,

633 5118 793 5211 singulas
811 5140 830 5189 a
847 5140 886 5189 se
904 5116 992 5202 Dec,
1013 5117 1221 5189 nominatim
1240 5116 1400 5211 singulas
1420 5116 1604 5188 Caelitibus
1623 5125 1847 5188 consecratas
1865 5143 1872 5202 ;
1893 5117 1930 5187 id
1947 5141 2031 5190 vero
2045 5120 2174 5214 agebat
2192 5119 2264 5193 hoc

632 5251 749 5338 pacto,
770 5253 809 5314 ut
825 5264 871 5314 ne
888 5242 965 5340 ipsa
998 5241 1140 5336 quidem
1172 5243 1248 5336 ejus
1266 5242 1328 5314 otii
1347 5241 1521 5335 particula
1551 5241 1628 5314 sine
1658 5241 1740 5313 boni
1758 5243 1873 5315 meriti
1902 5243 2017 5316 sructu
2046 5245 2259 5339 praeteriret.
