4948 6672
633 787 695 854 ssa
941 747 942 750 Ὺ
1329 787 1567 849 suessones.

596 1023 600 1033 -
633 973 892 1070 episcoporum,
921 997 943 1047 e
968 973 1094 1068 quibus
1114 979 1239 1068 postea
1263 969 1403 1044 veniam
1419 970 1594 1066 petiturus
1613 977 1703 1054 erat,
1736 975 1776 1043 ut
1792 968 1912 1042 scribit
1929 966 2151 1066 Augustinus
2172 968 2264 1064 cpis-

634 1085 705 1160 tola
732 1085 815 1171 162,
850 1092 886 1159 et
916 1084 1078 1158 Gelasius
1115 1084 1152 1158 in
1181 1083 1333 1179 epistola
1358 1083 1402 1155 nd
1428 1082 1595 1158 Anastas.
1632 1083 1902 1178 Imperatorem:
1936 1084 2058 1166 duddi,
2086 1079 2211 1174 inquit,
2233 1089 2268 1150 tc

635 1202 762 1272 debera
797 1201 960 1288 agnoscis
992 1189 1175 1287 religionis
1206 1199 1328 1267 ordini
1344 1197 1461 1285 potius
1491 1219 1597 1284 picam
1614 1219 1793 1287 praecsse‚·
1811 1200 1903 1270 nosti
1923 1199 2044 1286 itaque
2060 1219 2107 1266 em
2123 1200 2267 1266 iliorum

637 1320 670 1385 ie
693 1313 848 1400 pendere
860 1311 1013 1400 judicio,
1047 1330 1117 1378 non
1147 1311 1227 1378 illos
1244 1309 1291 1377 ad
1308 1317 1407 1378 tuam
1425 1310 1540 1398 recipi
1554 1331 1658 1396 posse
1674 1316 1902 1382 voluntatem.

685 1421 847 1518 Objectio
862 1420 910 1495 ΙΙ.
937 1419 1067 1493 Petunt
1079 1418 1294 1493 schismatici
1306 1417 1424 1504 villas,
1436 1441 1509 1491 non
1520 1421 1659 1493 animas
1676 1448 1685 1508 ;
1704 1443 1792 1516 ergo
1805 1425 1923 1517 potest
1934 1420 2006 1492 illis
2020 1416 2272 1493 condescendi.

686 1533 799 1628 Resp.
824 1534 859 1606 1⁰
881 1532 998 1604 Etiam
1024 1531 1121 1604 villae
1149 1531 1196 1603 ab
1227 1531 1335 1606 unitis
1361 1553 1537 1626 possessae
1576 1555 1649 1606 non
1674 1540 1822 1627 possunt
1848 1531 1924 1606 dari
1954 1531 2201 1617 schismaticis,
2233 1531 2278 1604 ob

638 1667 767 1720 causas
783 1643 985 1740 praedictas.

689 1759 728 1832 2⁰
746 1757 864 1830 Etiam
889 1756 1018 1829 animae
1040 1778 1120 1828 cum
1145 1753 1242 1826 villis
1263 1752 1454 1848 exiguntur
1484 1755 1531 1826 ab
1564 1755 1684 1830 unitis.
1714 1757 1805 1838 Quia
1824 1756 1862 1828 in
1890 1756 2022 1851 scripto
2049 1777 2218 1829 concesso
2243 1761 2280 1828 et

641 1871 838 1964 subscripto
851 1871 889 1942 in
902 1870 1081 1965 praeterito
1099 1868 1283 1943 electionis
1300 1874 1474 1941 conventu
1483 1868 1579 1942 clare
1594 1876 1632 1943 et
1645 1869 1854 1945 nominatim
1862 1869 2005 1963 ponitur
2017 1866 2279 1940 administratio

641 1989 953 2070 sacramentorum,
968 1981 1112 2068 scholae,
1133 1980 1337 2065 seminaria,
1357 1981 1619 2076 typographiae,
1642 2004 1722 2076 quae
1735 1987 1818 2053 sunt
1830 1980 1910 2074 plus
1928 2001 2035 2076 quam
2047 1978 2156 2050 villae.

689 2095 729 2168 3ο
751 2093 915 2175 Quaerela
943 2117 1065 2166 eorum
1089 2093 1159 2166 ista
1189 2101 1256 2178 est,
1278 2092 1370 2187 quod
1396 2114 1518 2165 eorum
1536 2093 1663 2188 religio
1681 2115 1745 2189 per
1768 2092 1889 2166 unitos
1919 2089 2158 2187 possideatur.
2180 2089 2278 2184 Ergo

642 2213 791 2302 apparet
818 2204 974 2288 omnino,
1000 2227 1075 2286 suae
1101 2204 1285 2298 religionis
1310 2204 1560 2298 promovendae
1589 2227 1710 2291 causa,
1737 2203 1831 2298 quod
1853 2203 1930 2276 sine
1966 2199 2213 2298 jurisdictione
2242 2198 2280 2270 in

643 2319 780 2393 animas
801 2339 874 2388 non
896 2315 949 2399 tit,
970 2337 1031 2388 eos
1050 2315 1086 2386 id
1113 2323 1248 2411 petere,
1269 2315 1362 2411 quod
1385 2321 1522 2410 petunt.

692 2429 852 2524 Objectio
868 2427 935 2499 llI.
957 2428 997 2500 ln
1017 2425 1135 2499 Gallia
1153 2433 1190 2500 et
1206 2427 1243 2498 in
1260 2425 1407 2500 Austria
1424 2448 1447 2497 a
1464 2425 1692 2500 Ferdinando
1712 2427 1746 2498 ΙΙ
1777 2449 1947 2500 concessa
1963 2427 2068 2523 plura
2085 2425 2280 2508 haereticis,

642 2561 748 2636 quam
773 2561 796 2610 a
823 2537 963 2612 Mathia
994 2546 1029 2611 et
1063 2536 1265 2633 Rodolpho.
1289 2537 1378 2610 Item
1397 2560 1421 2610 a
1438 2535 1667 2634 Sigismundo
1691 2536 1744 2609 Ill
1767 2537 1930 2611 Poloniae
1960 2559 2048 2632 rege
2064 2535 2150 2610 data
2164 2519 2283 2610 novis-

643 2653 731 2726 sima
754 2649 1017 2722 archimandria
1031 2649 1238 2723 Kioviensis
1265 2648 1488 2723 schismatico
1518 2647 1640 2722 abbati
1665 2648 1805 2722 Mohila
1833 2649 1941 2724 dicto.

694 2762 859 2856 Respln
868 2760 987 2834 Gallia
997 2761 1114 2834 minus
1131 2766 1186 2834 est
1199 2783 1404 2834 concessum
1423 2783 1528 2855 quam
1551 2761 1596 2832 ab
1613 2759 1792 2834 haereticis
1817 2767 2045 2856 praetensum.
2076 2760 2187 2833 Immo
2205 2759 2284 2832 Ru·

644 2873 752 2970 pella,
769 2896 849 2946 cum
875 2873 1039 2948 omnibus
1069 2871 1268 2946 civitatibus
1286 2870 1331 2944 ab
1364 2872 1542 2945 haereticis
1564 2879 1749 2966 occupata,
1766 2890 1898 2968 quanto
1929 2879 2070 2968 sumptu
2088 2878 2124 2944 et
2150 2879 2283 2944 conatu

645 2987 689 3058 ob
708 2984 889 3079 religionis
907 2984 1098 3058 catholicae.
1109 2983 1353 3080 praejudicium
1370 2984 1476 3080 (quod
1497 2985 1545 3056 ibi
1562 2983 1680 3079 fiebat)
1694 2985 1922 3080 oppugnata!
1947 2984 2044 3080 Ergo
2062 2983 2282 3057 contrarium

646 3096 690 3170 dc
716 3097 1008 3170 christianissimo
1022 3117 1107 3190 rege
1144 3094 1430 3191 praesumendum
1468 3102 1534 3168 est.
1562 3095 1678 3200 Multo
1697 3095 1811 3168 minus
1829 3095 2082 3169 condescendit
2100 3093 2285 3168 haereticis

645 3207 896 3282 Ferdinandus
918 3208 967 3292 ΙΙ,
999 3207 1059 3303 qui
1085 3206 1317 3286 ecclesiarum
1352 3207 1607 3279 immunitatem
1638 3207 1842 3293 vindicavit,
1872 3209 1980 3280 etiam
2010 3231 2090 3280 cum
2121 3205 2282 3302 periculo

645 3319 729 3400 ritae
758 3317 923 3413 propriae.
955 3311 1036 3392 Rex
1061 3317 1312 3414 Sigismundus
1342 3318 1441 3392 dedit
1470 3319 1768 3392 archimandriam
1816 3320 2084 3395 Peczierensem
2116 3317 2281 3403 Monte,

647 3428 730 3524 quia
743 3428 802 3501 hic
821 3429 1033 3524 promiserat
1045 3429 1225 3502 unionem.
1242 3428 1403 3502 Tandem
1421 3452 1561 3503 errores
1579 3452 1649 3504 non
1664 3439 1746 3504 sunt
1764 3429 1960 3526 allegandi.

697 3540 857 3636 Ohjcctio
871 3540 933 3613 IV.
958 3540 1204 3615 Passauicnsis
1217 3541 1402 3614 conventio
1427 3540 1513 3614 facit
1530 3549 1653 3614 contra
1666 3565 1731 3616 nos
1742 3564 1858 3638 ;·ergo
1872 3543 1940 3617 hoc
1952 3541 2151 3637 exemplum
2166 3547 2284 3638 potest

648 3653 749 3748 sequi
762 3651 1031 3726 Serenissimus.

698 3764 810 3860 Resp.
834 3765 868 3837 1ο
885 3765 928 3836 ln
946 3765 1173 3840 Pessavionsi
1190 3765 1423 3842 conventione
1432 3772 1545 3838 sctum
1564 3772 1618 3840 est
1630 3766 1675 3840 de
1693 3745 1737 3842 iis
1748 3773 1887 3854 tantum
1900 3789 1981 3864 quae
1992 3766 2285 3862 possidebantur;
2427 3779 2431 3786 ’

649 3900 721 3952 non
733 3877 819 3952 item
836 3875 873 3946 in
890 3899 975 3949 casu
992 3885 1129 3951 nostro.
1169 3877 1172 3897 '

696 3988 735 4064 2⁰
747 3984 856 4062 Aliud
876 3994 930 4062 est
946 3988 983 4060 in
1012 3989 1156 4084 negotio
1175 3989 1416 4076 passaviensi,
1450 3999 1485 4065 et
1508 3990 1606 4064 aliud
1640 3990 1676 4063 in
1704 3998 1838 4064 nostro.
1871 3991 1910 4064 Si
1940 3990 2018 4086 quis
2048 3991 2141 4064 enim
2159 3990 2284 4066 videns

648 4097 737 4194 eripi
766 4098 835 4171 sibi
860 4122 935 4172 rem
960 4101 1153 4196 propriam,
1174 4108 1270 4174 tacet
1291 4102 1374 4196 quia
1406 4125 1477 4176 non
1512 4108 1629 4196 potest
1659 4124 1737 4175 eam
1763 4124 1971 4196 recuperare
2006 4102 2082 4176 sine
2101 4126 2194 4176 novo
2221 4125 2287 4174 suo

649 4209 818 4306 periculo,
828 4233 899 4285 non
913 4210 1041 4284 dicitur
1053 4213 1114 4286 ille
1123 4213 1324 4287 consentire
1340 4235 1406 4285 nec
1424 4213 1568 4286 donare.
1581 4212 1680 4285 Talis
1697 4220 1751 4286 est
1760 4213 1954 4286 transactio
1969 4213 2225 4286 passaviensis.
2240 4212 2290 4284 At

649 4321 707 4393 hic
723 4327 897 4394 conantur
913 4324 1092 4396 non-uniti
1110 4324 1247 4418 eripere
1260 4344 1394 4417 eaquae
1406 4344 1477 4393 non
1490 4322 1727 4417 possident‚et
1739 4325 1920 4419 possidere
1932 4347 2005 4397 non
2023 4333 2185 4421 possunt.

700 4430 859 4526 Objectio
878 4431 925 4504 V.
959 4432 1146 4508 Haereticis
1182 4443 1237 4507 est
1263 4433 1440 4508 servanda
1481 4433 1583 4518 fides,
1611 4435 1663 4506 uti
1694 4435 1797 4508 docet
1827 4436 1870 4508 Ρ.
1897 4437 2082 4525 Becanus;
2120 4460 2206 4534 ergo
2252 4443 2289 4510 et

651 4541 897 4620 schismaticis.

701 4654 810 4748 Resp.
833 4653 875 4726 Ρ.
891 4652 1073 4726 Bccanum
1102 4654 1140 4727 in
1165 4659 1330 4728 Manuale·
1349 4659 1672 4728 controuersiarum
1690 4655 1763 4752 (lib.
1792 4657 1838 4742 V,
1861 4681 1891 4731 c.
1917 4656 1989 4752 16.)
2018 4665 2172 4732 tractare
2193 4657 2288 4731 hanc

652 4766 884 4862 questionem
904 4773 939 4840 et
966 4788 1140 4853 asserere,
1156 4767 1193 4839 in
1211 4768 1317 4842 rebus
1330 4791 1400 4840 non
1418 4766 1521 4840 malis
1538 4764 1643 4838 fidem
1662 4769 1871 4863 promissam
1890 4776 1925 4842 et
1953 4776 2096 4864 pactum
2115 4794 2193 4846 cum
2212 4770 2288 4843 hae·

653 4882 772 4956 reticis
790 4881 916 4953 initum
928 4902 1006 4954 esse
1024 4883 1247 4955 servandum.
1265 4880 1350 4975 At§
1368 4883 1411 4956 10
1429 4881 1507 4954 haec
1524 4879 1641 4952 addit:
1666 4885 1822 4969 Excipis
1842 4889 1961 4953 tamen
1977 4891 2050 4954 tres
2075 4908 2188 4970 casus,
2202 4906 2291 4972 quos

653 4997 869 5070 omncsboni
891 5001 1054 5066 auctores
1075 4998 1271 5082 excipiunt,
1285 4999 1325 5066 in
1346 4998 1473 5086 quibus
1494 4994 1774 5082 fidesserucnda
1792 4998 1940 5060 nonest.
1966 4987 2092 5083 (Nobis
2118 4988 2176 5061 hic
2202 4988 2291 5070 satis

652 5109 723 5180 duo
739 5103 928 5199 posuisse.)
944 5111 1093 5180 Primus
1116 5115 1189 5178 est:
1216 5109 1259 5180 Si
1278 5107 1470 5196 promissio
1499 5106 1553 5172 vei
1579 5108 1724 5189 pactum
1748 5102 1796 5169 sit
1822 5102 1865 5172 de
1893 5122 1933 5173 re
1946 5106 2042 5189 turpi
2068 5111 2131 5172 cut
2147 5103 2289 5182 illicita.

653 5217 758 5287 Ratio
771 5219 833 5291 est,
849 5214 934 5299 quic
950 5210 1155 5296 hujusmodi
1176 5215 1321 5295 pactum
1345 5226 1415 5278 noc
1428 5203 1570 5289 cotipct,
1587 5222 1669 5270 cum
1683 5222 1785 5271 neuw
1808 5205 1921 5288 possit
1939 5205 2092 5292 obtipcri
2108 5207 2155 5273 ad
2166 5225 2292 5291 pecca·

651 5325 737 5388 tum.
761 5310 867 5386 Unde
900 5311 952 5408 sic
976 5309 1116 5384 iniero:
1140 5307 1248 5402 Atqui
1272 5307 1431 5381 alienare
1460 5307 1554 5379 bona
1579 5305 1820 5381 ecclesiastica
1844 5307 1881 5380 in
1903 5306 2060 5383 favorem
2090 5311 2291 5386 schismati·
