<?xml version="1.0" encoding="UTF-8"?>
<!DOCTYPE html PUBLIC "-//W3C//DTD XHTML 1.0 Transitional//EN"
    "http://www.w3.org/TR/xhtml1/DTD/xhtml1-transitional.dtd">
<html xmlns="http://www.w3.org/1999/xhtml" xml:lang="en" lang="en">
 <head>
  <title>
</title>
<meta http-equiv="Content-Type" content="text/html;charset=utf-8" />
  <meta name='ocr-system' content='tesseract 3.04.00' />
  <meta name='ocr-capabilities' content='ocr_page ocr_carea ocr_par ocr_line ocrx_word'/>
</head>
<body>
  <div class='ocr_page' id='page_1' title='image "./lituanicarumsoc00rostgoog_0187.png"; bbox 0 0 4948 6654; ppageno 0'>
   <div class='ocr_carea' id='block_1_1' title="bbox 659 845 1964 912">
    <p class='ocr_par' dir='ltr' id='par_1_1' title="bbox 659 845 1964 912">
     <span class='ocr_line' id='line_1_1' title="bbox 659 845 1964 912; baseline -0.005 -1"><span class='ocrx_word' id='word_1_1' title='bbox 659 846 720 912; x_wconf 90' lang='grc'>160</span> <span class='ocrx_word' id='word_1_2' title='bbox 1061 848 1341 910; x_wconf 83' lang='lat' dir='ltr'>LlTUthCARUM</span> <span class='ocrx_word' id='word_1_3' title='bbox 1364 847 1579 908; x_wconf 82' lang='lat' dir='ltr'>SOCIETATIS</span> <span class='ocrx_word' id='word_1_4' title='bbox 1600 847 1688 909; x_wconf 83' lang='lat' dir='ltr'>JESU</span> <span class='ocrx_word' id='word_1_5' title='bbox 1709 845 1964 912; x_wconf 80' lang='lat' dir='ltr'>HlSTOlildRUhl</span> 
     </span>
    </p>
   </div>
   <div class='ocr_carea' id='block_1_2' title="bbox 408 1032 2293 2264">
    <p class='ocr_par' dir='ltr' id='par_1_2' title="bbox 662 1032 2291 1133">
     <span class='ocr_line' id='line_1_2' title="bbox 662 1032 2291 1133; baseline -0.003 -24"><span class='ocrx_word' id='word_1_6' title='bbox 662 1063 679 1096; x_wconf 72' lang='grc' dir='ltr'>κ</span> <span class='ocrx_word' id='word_1_7' title='bbox 699 1037 835 1110; x_wconf 91' lang='lat' dir='ltr'>temini.</span> <span class='ocrx_word' id='word_1_8' title='bbox 857 1036 1172 1133; x_wconf 78' lang='lat' dir='ltr'>obsequentissimi</span> <span class='ocrx_word' id='word_1_9' title='bbox 1190 1035 1340 1132; x_wconf 81' lang='lat' dir='ltr'>principi</span> <span class='ocrx_word' id='word_1_10' title='bbox 1355 1042 1472 1110; x_wconf 91' lang='lat' dir='ltr'>vestro</span> <span class='ocrx_word' id='word_1_11' title='bbox 1490 1035 1603 1108; x_wconf 88' lang='lat' dir='ltr'>videri</span> <span class='ocrx_word' id='word_1_12' title='bbox 1631 1036 1750 1122; x_wconf 90' lang='lat' dir='ltr'>vultis,</span> <span class='ocrx_word' id='word_1_13' title='bbox 1769 1060 1848 1109; x_wconf 89' lang='lat' dir='ltr'>curn</span> <span class='ocrx_word' id='word_1_14' title='bbox 1868 1043 1988 1110; x_wconf 87' lang='lat' dir='ltr'>tamen</span> <span class='ocrx_word' id='word_1_15' title='bbox 2013 1034 2191 1122; x_wconf 87' lang='lat' dir='ltr'>mandatis</span> <span class='ocrx_word' id='word_1_16' title='bbox 2218 1032 2291 1106; x_wconf 89' lang='lat' dir='ltr'>suis</span> 
     </span>
    </p>

    <p class='ocr_par' dir='ltr' id='par_1_3' title="bbox 662 1159 2287 1256">
     <span class='ocr_line' id='line_1_3' title="bbox 662 1159 2287 1256; baseline -0.004 -24"><span class='ocrx_word' id='word_1_17' title='bbox 662 1190 678 1220; x_wconf 71' lang='lat' dir='ltr'>a</span> <span class='ocrx_word' id='word_1_18' title='bbox 701 1159 940 1254; x_wconf 81' lang='lat' dir='ltr'>refragamini.</span> <span class='ocrx_word' id='word_1_19' title='bbox 958 1159 1113 1232; x_wconf 76' lang='lat' dir='ltr'>Reddite</span> <span class='ocrx_word' id='word_1_20' title='bbox 1138 1161 1302 1256; x_wconf 89' lang='lat' dir='ltr'>primum,</span> <span class='ocrx_word' id='word_1_21' title='bbox 1322 1162 1417 1254; x_wconf 90' lang='lat' dir='ltr'>quod</span> <span class='ocrx_word' id='word_1_22' title='bbox 1433 1161 1597 1255; x_wconf 90' lang='lat' dir='ltr'>princeps</span> <span class='ocrx_word' id='word_1_23' title='bbox 1615 1161 1786 1254; x_wconf 83' lang='lat' dir='ltr'>imperat3</span> <span class='ocrx_word' id='word_1_24' title='bbox 1815 1167 1888 1231; x_wconf 90' lang='lat' dir='ltr'>tum</span> <span class='ocrx_word' id='word_1_25' title='bbox 1915 1161 2056 1234; x_wconf 93' lang='lat' dir='ltr'>demum</span> <span class='ocrx_word' id='word_1_26' title='bbox 2078 1160 2130 1231; x_wconf 89' lang='lat' dir='ltr'>ita</span> <span class='ocrx_word' id='word_1_27' title='bbox 2155 1165 2287 1239; x_wconf 88' lang='lat' dir='ltr'>vestra,</span> 
     </span>
    </p>

    <p class='ocr_par' dir='ltr' id='par_1_4' title="bbox 662 1281 2288 1380">
     <span class='ocr_line' id='line_1_4' title="bbox 662 1281 2288 1380; baseline -0.003 -23"><span class='ocrx_word' id='word_1_28' title='bbox 662 1314 678 1344; x_wconf 73' lang='lat' dir='ltr'>u</span> <span class='ocrx_word' id='word_1_29' title='bbox 702 1308 747 1357; x_wconf 86' lang='lat' dir='ltr'>ex</span> <span class='ocrx_word' id='word_1_30' title='bbox 759 1285 876 1357; x_wconf 89' lang='lat' dir='ltr'>animo</span> <span class='ocrx_word' id='word_1_31' title='bbox 894 1308 972 1357; x_wconf 89' lang='lat' dir='ltr'>esse</span> <span class='ocrx_word' id='word_1_32' title='bbox 991 1285 1161 1378; x_wconf 86' lang='lat' dir='ltr'>profecta,</span> <span class='ocrx_word' id='word_1_33' title='bbox 1177 1285 1293 1357; x_wconf 91' lang='lat' dir='ltr'>officia</span> <span class='ocrx_word' id='word_1_34' title='bbox 1304 1284 1513 1380; x_wconf 88' lang='lat' dir='ltr'>probabitis.</span> <span class='ocrx_word' id='word_1_35' title='bbox 1533 1283 1682 1379; x_wconf 89' lang='lat' dir='ltr'>Templa</span> <span class='ocrx_word' id='word_1_36' title='bbox 1701 1284 1884 1358; x_wconf 82' lang='lat' dir='ltr'>catholicis</span> <span class='ocrx_word' id='word_1_37' title='bbox 1893 1285 1969 1378; x_wconf 86' lang='lat' dir='ltr'>jam</span> <span class='ocrx_word' id='word_1_38' title='bbox 1987 1309 2081 1357; x_wconf 90' lang='lat' dir='ltr'>nnnc</span> <span class='ocrx_word' id='word_1_39' title='bbox 2099 1281 2288 1355; x_wconf 87' lang='lat' dir='ltr'>restituite.</span> 
     </span>
    </p>

    <p class='ocr_par' dir='ltr' id='par_1_5' title="bbox 662 1406 2291 1505">
     <span class='ocr_line' id='line_1_5' title="bbox 662 1406 2291 1505; baseline -0.006 -18"><span class='ocrx_word' id='word_1_40' title='bbox 662 1437 678 1468; x_wconf 74' lang='lat'>‘⁴</span> <span class='ocrx_word' id='word_1_41' title='bbox 700 1408 801 1487; x_wconf 85' lang='lat' dir='ltr'>Quod</span> <span class='ocrx_word' id='word_1_42' title='bbox 815 1408 844 1480; x_wconf 88' lang='lat' dir='ltr'>si</span> <span class='ocrx_word' id='word_1_43' title='bbox 862 1409 1045 1493; x_wconf 88' lang='lat' dir='ltr'>recusatis,</span> <span class='ocrx_word' id='word_1_44' title='bbox 1063 1409 1207 1496; x_wconf 87' lang='lat' dir='ltr'>credite,</span> <span class='ocrx_word' id='word_1_45' title='bbox 1220 1433 1299 1505; x_wconf 86' lang='lat' dir='ltr'>quae</span> <span class='ocrx_word' id='word_1_46' title='bbox 1316 1433 1409 1482; x_wconf 91' lang='lat' dir='ltr'>nunc</span> <span class='ocrx_word' id='word_1_47' title='bbox 1426 1410 1646 1483; x_wconf 86' lang='lat' dir='ltr'>orationibus</span> <span class='ocrx_word' id='word_1_48' title='bbox 1661 1409 1788 1480; x_wconf 91' lang='lat' dir='ltr'>vestris</span> <span class='ocrx_word' id='word_1_49' title='bbox 1806 1409 1850 1480; x_wconf 91' lang='lat' dir='ltr'>de</span> <span class='ocrx_word' id='word_1_50' title='bbox 1864 1407 1977 1504; x_wconf 92' lang='lat' dir='ltr'>Regis</span> <span class='ocrx_word' id='word_1_51' title='bbox 1995 1406 2183 1481; x_wconf 88' lang='lat' dir='ltr'>clementia</span> <span class='ocrx_word' id='word_1_52' title='bbox 2200 1429 2291 1500; x_wconf 87' lang='lat' dir='ltr'>prae-</span> 
     </span>
    </p>

    <p class='ocr_par' dir='ltr' id='par_1_6' title="bbox 667 1531 2291 1629">
     <span class='ocr_line' id='line_1_6' title="bbox 667 1531 2291 1629; baseline 0 -27"><span class='ocrx_word' id='word_1_53' title='bbox 667 1561 684 1592; x_wconf 76' lang='lat'>«</span> <span class='ocrx_word' id='word_1_54' title='bbox 704 1531 860 1616; x_wconf 87' lang='lat' dir='ltr'>dicastis,</span> <span class='ocrx_word' id='word_1_55' title='bbox 881 1555 962 1604; x_wconf 86' lang='lat' dir='ltr'>mox</span> <span class='ocrx_word' id='word_1_56' title='bbox 978 1532 1065 1616; x_wconf 82' lang='lat' dir='ltr'>lore,</span> <span class='ocrx_word' id='word_1_57' title='bbox 1086 1556 1150 1627; x_wconf 89' lang='lat' dir='ltr'>per</span> <span class='ocrx_word' id='word_1_58' title='bbox 1166 1534 1263 1629; x_wconf 87' lang='lat' dir='ltr'>justa</span> <span class='ocrx_word' id='word_1_59' title='bbox 1281 1534 1467 1629; x_wconf 90' lang='lat' dir='ltr'>supplicia,</span> <span class='ocrx_word' id='word_1_60' title='bbox 1489 1556 1622 1628; x_wconf 90' lang='lat' dir='ltr'>perque</span> <span class='ocrx_word' id='word_1_61' title='bbox 1642 1531 1834 1605; x_wconf 90' lang='lat' dir='ltr'>maledicta</span> <span class='ocrx_word' id='word_1_62' title='bbox 1855 1541 1971 1606; x_wconf 90' lang='lat' dir='ltr'>vestra</span> <span class='ocrx_word' id='word_1_63' title='bbox 1989 1539 2028 1604; x_wconf 89' lang='lat' dir='ltr'>ut</span> <span class='ocrx_word' id='word_1_64' title='bbox 2045 1531 2247 1604; x_wconf 91' lang='lat' dir='ltr'>recantetis.</span> <span class='ocrx_word' id='word_1_65' title='bbox 2274 1563 2291 1593; x_wconf 70' lang='lat' dir='ltr'>n</span> 
     </span>
    </p>

    <p class='ocr_par' dir='ltr' id='par_1_7' title="bbox 635 1654 2293 2006">
     <span class='ocr_line' id='line_1_7' title="bbox 635 1654 2293 1754; baseline -0.002 -26"><span class='ocrx_word' id='word_1_66' title='bbox 635 1661 636 1666; x_wconf 76' lang='grc'>’</span> <span class='ocrx_word' id='word_1_67' title='bbox 706 1656 758 1728; x_wconf 86' lang='lat' dir='ltr'>Ea</span> <span class='ocrx_word' id='word_1_68' title='bbox 776 1656 950 1728; x_wconf 88' lang='lat' dir='ltr'>sententia</span> <span class='ocrx_word' id='word_1_69' title='bbox 966 1655 1152 1752; x_wconf 89' lang='lat' dir='ltr'>perculsis,</span> <span class='ocrx_word' id='word_1_70' title='bbox 1167 1659 1339 1730; x_wconf 88' lang='lat' dir='ltr'>revixisse</span> <span class='ocrx_word' id='word_1_71' title='bbox 1358 1658 1522 1731; x_wconf 91' lang='lat' dir='ltr'>continno</span> <span class='ocrx_word' id='word_1_72' title='bbox 1538 1658 1740 1754; x_wconf 84' lang='lat' dir='ltr'>Stephanus</span> <span class='ocrx_word' id='word_1_73' title='bbox 1766 1679 1830 1730; x_wconf 88' lang='lat' dir='ltr'>rex</span> <span class='ocrx_word' id='word_1_74' title='bbox 1849 1657 1887 1728; x_wconf 93' lang='lat' dir='ltr'>in</span> <span class='ocrx_word' id='word_1_75' title='bbox 1911 1656 2139 1752; x_wconf 87' lang='lat' dir='ltr'>Sigismundo</span> <span class='ocrx_word' id='word_1_76' title='bbox 2157 1654 2293 1748; x_wconf 90' lang='lat' dir='ltr'>Rigen·</span> 
     </span>
     <span class='ocr_line' id='line_1_8' title="bbox 659 1778 2288 1880; baseline 0.001 -30"><span class='ocrx_word' id='word_1_77' title='bbox 659 1778 757 1850; x_wconf 90' lang='lat' dir='ltr'>sibus</span> <span class='ocrx_word' id='word_1_78' title='bbox 777 1779 873 1850; x_wconf 88' lang='lat' dir='ltr'>visus</span> <span class='ocrx_word' id='word_1_79' title='bbox 891 1787 966 1865; x_wconf 91' lang='lat' dir='ltr'>est;</span> <span class='ocrx_word' id='word_1_80' title='bbox 988 1781 1102 1852; x_wconf 91' lang='lat' dir='ltr'>minus</span> <span class='ocrx_word' id='word_1_81' title='bbox 1121 1781 1204 1854; x_wconf 91' lang='lat' dir='ltr'>inde</span> <span class='ocrx_word' id='word_1_82' title='bbox 1222 1781 1385 1878; x_wconf 84' lang='lat' dir='ltr'>expedita</span> <span class='ocrx_word' id='word_1_83' title='bbox 1402 1791 1479 1856; x_wconf 90' lang='lat' dir='ltr'>erat</span> <span class='ocrx_word' id='word_1_84' title='bbox 1495 1784 1541 1856; x_wconf 98' lang='grc' dir='ltr'><em>ἃᾶ</em></span> <span class='ocrx_word' id='word_1_85' title='bbox 1566 1786 1851 1880; x_wconf 90' lang='lat' dir='ltr'>respondendum</span> <span class='ocrx_word' id='word_1_86' title='bbox 1871 1783 2091 1866; x_wconf 71' lang='lat' dir='ltr'>deliberatio</span> <span class='ocrx_word' id='word_1_87' title='bbox 2112 1783 2196 1854; x_wconf 93' lang='lat' dir='ltr'>hinc</span> <span class='ocrx_word' id='word_1_88' title='bbox 2211 1804 2288 1876; x_wconf 90' lang='lat' dir='ltr'>per·</span> 
     </span>
     <span class='ocr_line' id='line_1_9' title="bbox 658 1903 2289 2006; baseline 0.005 -32"><span class='ocrx_word' id='word_1_89' title='bbox 658 1905 802 1989; x_wconf 84' lang='lat' dir='ltr'>tinacia,</span> <span class='ocrx_word' id='word_1_90' title='bbox 821 1904 918 1977; x_wconf 92' lang='lat' dir='ltr'>illinc</span> <span class='ocrx_word' id='word_1_91' title='bbox 937 1912 1033 1977; x_wconf 89' lang='lat' dir='ltr'>metu</span> <span class='ocrx_word' id='word_1_92' title='bbox 1049 1906 1185 1976; x_wconf 89' lang='lat' dir='ltr'>animos</span> <span class='ocrx_word' id='word_1_93' title='bbox 1207 1903 1436 1982; x_wconf 85' lang='lat' dir='ltr'>distrahente.</span> <span class='ocrx_word' id='word_1_94' title='bbox 1459 1910 1546 1982; x_wconf 86' lang='lat' dir='ltr'>Mox</span> <span class='ocrx_word' id='word_1_95' title='bbox 1559 1910 1694 1982; x_wconf 88' lang='lat' dir='ltr'>invidia</span> <span class='ocrx_word' id='word_1_96' title='bbox 1719 1920 1814 1985; x_wconf 92' lang='lat' dir='ltr'>metu</span> <span class='ocrx_word' id='word_1_97' title='bbox 1835 1912 2050 2006; x_wconf 90' lang='lat' dir='ltr'>superiorem</span> <span class='ocrx_word' id='word_1_98' title='bbox 2067 1909 2150 1982; x_wconf 86' lang='lat' dir='ltr'>fecit</span> <span class='ocrx_word' id='word_1_99' title='bbox 2167 1919 2289 1983; x_wconf 91' lang='lat' dir='ltr'>contu-</span> 
     </span>
    </p>

    <p class='ocr_par' dir='ltr' id='par_1_8' title="bbox 408 2031 2293 2264">
     <span class='ocr_line' id='line_1_10' title="bbox 612 2031 2290 2128; baseline 0 -26"><span class='ocrx_word' id='word_1_100' title='bbox 612 2039 616 2047; x_wconf 85' lang='lat'>&#39;</span> <span class='ocrx_word' id='word_1_101' title='bbox 659 2031 805 2102; x_wconf 81' lang='lat' dir='ltr'>maciem</span> <span class='ocrx_word' id='word_1_102' title='bbox 823 2055 830 2102; x_wconf 93' lang='lat'>:</span> <span class='ocrx_word' id='word_1_103' title='bbox 852 2031 993 2103; x_wconf 84' lang='lat' dir='ltr'>named</span> <span class='ocrx_word' id='word_1_104' title='bbox 1008 2055 1108 2103; x_wconf 92' lang='lat' dir='ltr'>suum</span> <span class='ocrx_word' id='word_1_105' title='bbox 1122 2032 1260 2104; x_wconf 90' lang='lat' dir='ltr'>remissi</span> <span class='ocrx_word' id='word_1_106' title='bbox 1278 2034 1498 2128; x_wconf 87' lang='lat' dir='ltr'>praetorium,</span> <span class='ocrx_word' id='word_1_107' title='bbox 1511 2057 1533 2106; x_wconf 94' lang='lat' dir='ltr'>a</span> <span class='ocrx_word' id='word_1_108' title='bbox 1548 2034 1695 2107; x_wconf 90' lang='lat' dir='ltr'>meridie</span> <span class='ocrx_word' id='word_1_109' title='bbox 1709 2035 1754 2106; x_wconf 87' lang='lat' dir='ltr'>ad</span> <span class='ocrx_word' id='word_1_110' title='bbox 1768 2035 1894 2107; x_wconf 92' lang='lat' dir='ltr'>horam</span> <span class='ocrx_word' id='word_1_111' title='bbox 1908 2057 1926 2105; x_wconf 92' lang='lat' dir='ltr'>a</span> <span class='ocrx_word' id='word_1_112' title='bbox 1945 2035 2049 2127; x_wconf 85' lang='lat' dir='ltr'>Rege</span> <span class='ocrx_word' id='word_1_113' title='bbox 2062 2033 2290 2105; x_wconf 87' lang='lat' dir='ltr'>constitutam</span> 
     </span>
     <span class='ocr_line' id='line_1_11' title="bbox 408 2153 2293 2264; baseline 0.002 -40"><span class='ocrx_word' id='word_1_114' title='bbox 408 2202 419 2224; x_wconf 87' lang='lat'>.</span> <span class='ocrx_word' id='word_1_115' title='bbox 486 2208 534 2264; x_wconf 80' lang='lat' dir='ltr'>11ae</span> <span class='ocrx_word' id='word_1_116' title='bbox 536 2208 599 2263; x_wconf 80' lang='lat' dir='ltr'>reti-</span> <span class='ocrx_word' id='word_1_117' title='bbox 656 2153 864 2225; x_wconf 90' lang='lat' dir='ltr'>audaciores</span> <span class='ocrx_word' id='word_1_118' title='bbox 887 2155 960 2249; x_wconf 90' lang='lat' dir='ltr'>jam</span> <span class='ocrx_word' id='word_1_119' title='bbox 986 2153 1109 2239; x_wconf 91' lang='lat' dir='ltr'>multo,</span> <span class='ocrx_word' id='word_1_120' title='bbox 1130 2156 1167 2226; x_wconf 90' lang='lat' dir='ltr'>in</span> <span class='ocrx_word' id='word_1_121' title='bbox 1184 2180 1248 2228; x_wconf 90' lang='lat' dir='ltr'>suo</span> <span class='ocrx_word' id='word_1_122' title='bbox 1271 2159 1404 2231; x_wconf 89' lang='lat' dir='ltr'>scilicet</span> <span class='ocrx_word' id='word_1_123' title='bbox 1431 2159 1560 2231; x_wconf 90' lang='lat' dir='ltr'>sufflati</span> <span class='ocrx_word' id='word_1_124' title='bbox 1581 2159 1742 2244; x_wconf 91' lang='lat' dir='ltr'>consili0‚</span> <span class='ocrx_word' id='word_1_125' title='bbox 1765 2169 1801 2233; x_wconf 94' lang='lat' dir='ltr'>et</span> <span class='ocrx_word' id='word_1_126' title='bbox 1817 2160 2039 2234; x_wconf 86' lang='lat' dir='ltr'>verbosiores</span> <span class='ocrx_word' id='word_1_127' title='bbox 2070 2159 2220 2234; x_wconf 90' lang='lat' dir='ltr'>rediere.</span> <span class='ocrx_word' id='word_1_128' title='bbox 2240 2157 2293 2229; x_wconf 81' lang='lat' dir='ltr'>Ac</span> 
     </span>
    </p>
   </div>
   <div class='ocr_carea' id='block_1_3' title="bbox 480 2281 2413 5234">
    <p class='ocr_par' dir='ltr' id='par_1_9' title="bbox 483 2281 2291 3126">
     <span class='ocr_line' id='line_1_12' title="bbox 483 2281 2291 2383; baseline 0.004 -32"><span class='ocrx_word' id='word_1_129' title='bbox 483 2303 569 2343; x_wconf 78' lang='lat' dir='ltr'>eorum</span> <span class='ocrx_word' id='word_1_130' title='bbox 653 2281 788 2376; x_wconf 91' lang='lat' dir='ltr'>primus</span> <span class='ocrx_word' id='word_1_131' title='bbox 821 2281 963 2376; x_wconf 89' lang='lat' dir='ltr'>quidem</span> <span class='ocrx_word' id='word_1_132' title='bbox 980 2305 1059 2353; x_wconf 90' lang='lat' dir='ltr'>cum</span> <span class='ocrx_word' id='word_1_133' title='bbox 1089 2283 1246 2379; x_wconf 89' lang='lat' dir='ltr'>principe</span> <span class='ocrx_word' id='word_1_134' title='bbox 1273 2285 1350 2379; x_wconf 93' lang='lat' dir='ltr'>ipso</span> <span class='ocrx_word' id='word_1_135' title='bbox 1378 2285 1609 2378; x_wconf 82' lang='lat' dir='ltr'>expostulat:</span> <span class='ocrx_word' id='word_1_136' title='bbox 1635 2317 1651 2347; x_wconf 68' lang='lat' dir='ltr'><em>a</em></span> <span class='ocrx_word' id='word_1_137' title='bbox 1675 2289 1958 2383; x_wconf 87' lang='lat' dir='ltr'>quandoquidem</span> <span class='ocrx_word' id='word_1_138' title='bbox 1989 2288 2056 2383; x_wconf 91' lang='lat' dir='ltr'>ipsi</span> <span class='ocrx_word' id='word_1_139' title='bbox 2087 2287 2291 2382; x_wconf 91' lang='lat' dir='ltr'>obsequium</span> 
     </span>
     <span class='ocr_line' id='line_1_13' title="bbox 483 2371 2288 2507; baseline 0.002 -30"><span class='ocrx_word' id='word_1_140' title='bbox 483 2371 619 2503; x_wconf 64' lang='lat' dir='ltr'>pptuma-</span> <span class='ocrx_word' id='word_1_141' title='bbox 661 2435 677 2464; x_wconf 68' lang='grc' dir='ltr'><strong><em>κ</em></strong></span> <span class='ocrx_word' id='word_1_142' title='bbox 699 2404 792 2500; x_wconf 85' lang='lat' dir='ltr'>Regi</span> <span class='ocrx_word' id='word_1_143' title='bbox 811 2404 1025 2489; x_wconf 88' lang='lat' dir='ltr'>detulerunt,</span> <span class='ocrx_word' id='word_1_144' title='bbox 1047 2430 1199 2501; x_wconf 87' lang='lat' dir='ltr'>aequum,</span> <span class='ocrx_word' id='word_1_145' title='bbox 1228 2409 1353 2502; x_wconf 91' lang='lat' dir='ltr'>inquit,</span> <span class='ocrx_word' id='word_1_146' title='bbox 1375 2408 1426 2480; x_wconf 92' lang='lat' dir='ltr'>uti</span> <span class='ocrx_word' id='word_1_147' title='bbox 1442 2409 1597 2481; x_wconf 92' lang='lat' dir='ltr'>vicissim</span> <span class='ocrx_word' id='word_1_148' title='bbox 1610 2433 1673 2482; x_wconf 87' lang='lat' dir='ltr'>rex</span> <span class='ocrx_word' id='word_1_149' title='bbox 1697 2411 1769 2484; x_wconf 90' lang='lat' dir='ltr'>illis</span> <span class='ocrx_word' id='word_1_150' title='bbox 1795 2411 1929 2507; x_wconf 89' lang='lat' dir='ltr'>aliquid</span> <span class='ocrx_word' id='word_1_151' title='bbox 1947 2411 2143 2484; x_wconf 89' lang='lat' dir='ltr'>clementiae</span> <span class='ocrx_word' id='word_1_152' title='bbox 2160 2411 2288 2505; x_wconf 89' lang='lat' dir='ltr'>imper-</span> 
     </span>
     <span class='ocr_line' id='line_1_14' title="bbox 659 2531 2289 2642; baseline 0.001 -40"><span class='ocrx_word' id='word_1_153' title='bbox 659 2559 676 2590; x_wconf 78' lang='lat'>«</span> <span class='ocrx_word' id='word_1_154' title='bbox 691 2531 770 2614; x_wconf 80' lang='lat' dir='ltr'>liat,</span> <span class='ocrx_word' id='word_1_155' title='bbox 793 2531 963 2642; x_wconf 82' lang='lat' dir='ltr'>majorum</span> <span class='ocrx_word' id='word_1_156' title='bbox 978 2532 1111 2606; x_wconf 90' lang='lat' dir='ltr'>scilicet</span> <span class='ocrx_word' id='word_1_157' title='bbox 1133 2531 1306 2627; x_wconf 89' lang='lat' dir='ltr'>exemplo.</span> <span class='ocrx_word' id='word_1_158' title='bbox 1324 2531 1366 2602; x_wconf 91' lang='lat' dir='ltr'>ld</span> <span class='ocrx_word' id='word_1_159' title='bbox 1384 2532 1613 2626; x_wconf 85' lang='lat' dir='ltr'>Stephanum,</span> <span class='ocrx_word' id='word_1_160' title='bbox 1636 2535 1671 2606; x_wconf 92' lang='lat' dir='ltr'>id</span> <span class='ocrx_word' id='word_1_161' title='bbox 1689 2535 1882 2629; x_wconf 89' lang='lat' dir='ltr'>superioris</span> <span class='ocrx_word' id='word_1_162' title='bbox 1902 2534 2018 2608; x_wconf 88' lang='lat' dir='ltr'>aetatis</span> <span class='ocrx_word' id='word_1_163' title='bbox 2037 2534 2230 2630; x_wconf 91' lang='lat' dir='ltr'>principes,</span> <span class='ocrx_word' id='word_1_164' title='bbox 2252 2533 2289 2604; x_wconf 94' lang='lat' dir='ltr'>id</span> 
     </span>
     <span class='ocr_line' id='line_1_15' title="bbox 660 2654 2282 2754; baseline 0 -27"><span class='ocrx_word' id='word_1_165' title='bbox 660 2685 676 2716; x_wconf 69' lang='grc' dir='ltr'>κ</span> <span class='ocrx_word' id='word_1_166' title='bbox 696 2654 779 2747; x_wconf 86' lang='lat' dir='ltr'>olim</span> <span class='ocrx_word' id='word_1_167' title='bbox 793 2677 941 2748; x_wconf 91' lang='lat' dir='ltr'>magnos</span> <span class='ocrx_word' id='word_1_168' title='bbox 959 2678 1097 2751; x_wconf 90' lang='lat' dir='ltr'>quoque</span> <span class='ocrx_word' id='word_1_169' title='bbox 1110 2655 1351 2729; x_wconf 88' lang='lat' dir='ltr'>Theutonicos</span> <span class='ocrx_word' id='word_1_170' title='bbox 1367 2656 1564 2750; x_wconf 87' lang='lat' dir='ltr'>Magistros</span> <span class='ocrx_word' id='word_1_171' title='bbox 1580 2657 1775 2730; x_wconf 87' lang='lat' dir='ltr'>factitasse.</span> <span class='ocrx_word' id='word_1_172' title='bbox 1792 2658 1894 2730; x_wconf 92' lang='lat' dir='ltr'>Nihil</span> <span class='ocrx_word' id='word_1_173' title='bbox 1912 2681 1950 2730; x_wconf 89' lang='lat' dir='ltr'>se</span> <span class='ocrx_word' id='word_1_174' title='bbox 1963 2659 2074 2753; x_wconf 90' lang='lat' dir='ltr'>iniqui</span> <span class='ocrx_word' id='word_1_175' title='bbox 2087 2657 2282 2754; x_wconf 90' lang='lat' dir='ltr'>postulare.</span> 
     </span>
     <span class='ocr_line' id='line_1_16' title="bbox 658 2778 2289 2877; baseline -0.004 -19"><span class='ocrx_word' id='word_1_176' title='bbox 658 2807 675 2838; x_wconf 73' lang='lat'>¹&lt;</span> <span class='ocrx_word' id='word_1_177' title='bbox 693 2779 780 2858; x_wconf 85' lang='lat' dir='ltr'>Quae</span> <span class='ocrx_word' id='word_1_178' title='bbox 806 2781 861 2852; x_wconf 91' lang='lat' dir='ltr'>sui</span> <span class='ocrx_word' id='word_1_179' title='bbox 883 2781 956 2875; x_wconf 90' lang='lat' dir='ltr'>jam</span> <span class='ocrx_word' id='word_1_180' title='bbox 987 2778 1069 2852; x_wconf 93' lang='lat' dir='ltr'>olim</span> <span class='ocrx_word' id='word_1_181' title='bbox 1095 2789 1215 2854; x_wconf 85' lang='lat' dir='ltr'>essent</span> <span class='ocrx_word' id='word_1_182' title='bbox 1244 2781 1419 2875; x_wconf 86' lang='lat' dir='ltr'>mancipii,</span> <span class='ocrx_word' id='word_1_183' title='bbox 1440 2803 1511 2853; x_wconf 93' lang='lat' dir='ltr'>non</span> <span class='ocrx_word' id='word_1_184' title='bbox 1528 2780 1653 2866; x_wconf 91' lang='lat' dir='ltr'>aliena,</span> <span class='ocrx_word' id='word_1_185' title='bbox 1682 2782 1719 2853; x_wconf 92' lang='lat' dir='ltr'>in</span> <span class='ocrx_word' id='word_1_186' title='bbox 1747 2782 1822 2854; x_wconf 87' lang='lat' dir='ltr'>loro</span> <span class='ocrx_word' id='word_1_187' title='bbox 1847 2781 1996 2877; x_wconf 87' lang='lat' dir='ltr'>justitiae</span> <span class='ocrx_word' id='word_1_188' title='bbox 2023 2789 2059 2854; x_wconf 89' lang='lat' dir='ltr'>et</span> <span class='ocrx_word' id='word_1_189' title='bbox 2089 2779 2289 2854; x_wconf 81' lang='lat' dir='ltr'>clementiae</span> 
     </span>
     <span class='ocr_line' id='line_1_17' title="bbox 658 2887 2285 3001; baseline 0 -26"><span class='ocrx_word' id='word_1_190' title='bbox 658 2934 675 2965; x_wconf 71' lang='lat' dir='ltr'><strong><em>a</em></strong></span> <span class='ocrx_word' id='word_1_191' title='bbox 697 2904 808 2999; x_wconf 87' lang='lat' dir='ltr'>regiae</span> <span class='ocrx_word' id='word_1_192' title='bbox 827 2910 998 3001; x_wconf 90' lang='lat' dir='ltr'>repetere.</span> <span class='ocrx_word' id='word_1_193' title='bbox 1019 2905 1228 2999; x_wconf 88' lang='lat' dir='ltr'>Respiceret</span> <span class='ocrx_word' id='word_1_194' title='bbox 1246 2905 1525 3001; x_wconf 89' lang='lat' dir='ltr'>sapientissimus</span> <span class='ocrx_word' id='word_1_195' title='bbox 1542 2905 1717 2999; x_wconf 88' lang='lat' dir='ltr'>princeps,</span> <span class='ocrx_word' id='word_1_196' title='bbox 1738 2907 1768 2978; x_wconf 91' lang='lat' dir='ltr'>si</span> <span class='ocrx_word' id='word_1_197' title='bbox 1782 2887 2023 3000; x_wconf 87' lang='lat' dir='ltr'>magistratus,</span> <span class='ocrx_word' id='word_1_198' title='bbox 2048 2906 2149 3000; x_wconf 91' lang='lat' dir='ltr'>jussu</span> <span class='ocrx_word' id='word_1_199' title='bbox 2170 2905 2285 3000; x_wconf 89' lang='lat' dir='ltr'>regio,</span> 
     </span>
     <span class='ocr_line' id='line_1_18' title="bbox 660 3025 2290 3126; baseline 0.001 -28"><span class='ocrx_word' id='word_1_200' title='bbox 660 3055 677 3087; x_wconf 68' lang='lat' dir='ltr'><strong><em>a</em></strong></span> <span class='ocrx_word' id='word_1_201' title='bbox 698 3049 771 3098; x_wconf 92' lang='lat' dir='ltr'>rem</span> <span class='ocrx_word' id='word_1_202' title='bbox 794 3026 928 3100; x_wconf 87' lang='lat' dir='ltr'>civitati</span> <span class='ocrx_word' id='word_1_203' title='bbox 945 3051 1164 3101; x_wconf 89' lang='lat' dir='ltr'>communem</span> <span class='ocrx_word' id='word_1_204' title='bbox 1181 3027 1404 3113; x_wconf 90' lang='lat' dir='ltr'>abalienarit,</span> <span class='ocrx_word' id='word_1_205' title='bbox 1429 3025 1512 3120; x_wconf 95' lang='lat' dir='ltr'>quid</span> <span class='ocrx_word' id='word_1_206' title='bbox 1530 3029 1696 3122; x_wconf 90' lang='lat' dir='ltr'>consequi</span> <span class='ocrx_word' id='word_1_207' title='bbox 1723 3037 1885 3124; x_wconf 85' lang='lat' dir='ltr'>oporteat</span> <span class='ocrx_word' id='word_1_208' title='bbox 1898 3055 1905 3101; x_wconf 94' lang='lat'>:</span> <span class='ocrx_word' id='word_1_209' title='bbox 1919 3039 2050 3125; x_wconf 87' lang='lat' dir='ltr'>quanta</span> <span class='ocrx_word' id='word_1_210' title='bbox 2070 3029 2181 3126; x_wconf 90' lang='lat' dir='ltr'>pestis</span> <span class='ocrx_word' id='word_1_211' title='bbox 2206 3052 2290 3101; x_wconf 92' lang='lat' dir='ltr'>con·</span> 
     </span>
    </p>

    <p class='ocr_par' dir='ltr' id='par_1_10' title="bbox 480 3137 2413 5244">
     <span class='ocr_line' id='line_1_19' title="bbox 658 3137 1950 3247; baseline -0.003 -23"><span class='ocrx_word' id='word_1_212' title='bbox 658 3179 675 3211; x_wconf 67' lang='lat' dir='ltr'>e</span> <span class='ocrx_word' id='word_1_213' title='bbox 696 3150 866 3224; x_wconf 88' lang='lat' dir='ltr'>sulibusa</span> <span class='ocrx_word' id='word_1_214' title='bbox 887 3150 989 3246; x_wconf 90' lang='lat' dir='ltr'>plebe</span> <span class='ocrx_word' id='word_1_215' title='bbox 1005 3152 1179 3247; x_wconf 90' lang='lat' dir='ltr'>sociisque</span> <span class='ocrx_word' id='word_1_216' title='bbox 1195 3137 1355 3246; x_wconf 88' lang='lat' dir='ltr'>ejusdem</span> <span class='ocrx_word' id='word_1_217' title='bbox 1373 3157 1480 3224; x_wconf 88' lang='lat' dir='ltr'>sectae</span> <span class='ocrx_word' id='word_1_218' title='bbox 1498 3151 1697 3224; x_wconf 87' lang='lat' dir='ltr'>civitatibus</span> <span class='ocrx_word' id='word_1_219' title='bbox 1715 3151 1908 3225; x_wconf 88' lang='lat' dir='ltr'>immineat.</span> <span class='ocrx_word' id='word_1_220' title='bbox 1934 3189 1950 3220; x_wconf 65' lang='lat' dir='ltr'><em>n</em></span> 
     </span>
     <span class='ocr_line' id='line_1_20' title="bbox 484 3273 2281 3372; baseline -0.005 -15"><span class='ocrx_word' id='word_1_221' title='bbox 484 3300 581 3358; x_wconf 74' lang='lat' dir='ltr'>Orator</span> <span class='ocrx_word' id='word_1_222' title='bbox 705 3275 839 3348; x_wconf 85' lang='lat' dir='ltr'>Eadem</span> <span class='ocrx_word' id='word_1_223' title='bbox 856 3282 1067 3369; x_wconf 85' lang='lat' dir='ltr'>argumenta</span> <span class='ocrx_word' id='word_1_224' title='bbox 1093 3277 1229 3372; x_wconf 83' lang='lat' dir='ltr'>excepit</span> <span class='ocrx_word' id='word_1_225' title='bbox 1245 3275 1347 3360; x_wconf 90' lang='lat' dir='ltr'>alter,</span> <span class='ocrx_word' id='word_1_226' title='bbox 1364 3274 1551 3370; x_wconf 91' lang='lat' dir='ltr'>multisque</span> <span class='ocrx_word' id='word_1_227' title='bbox 1578 3275 1785 3359; x_wconf 88' lang='lat' dir='ltr'>orationem,</span> <span class='ocrx_word' id='word_1_228' title='bbox 1803 3276 1983 3347; x_wconf 86' lang='lat' dir='ltr'>memoriae</span> <span class='ocrx_word' id='word_1_229' title='bbox 2009 3273 2161 3348; x_wconf 84' lang='lat' dir='ltr'>fideliter</span> <span class='ocrx_word' id='word_1_230' title='bbox 2181 3299 2281 3348; x_wconf 90' lang='lat' dir='ltr'>man-</span> 
     </span>
     <span class='ocr_line' id='line_1_21' title="bbox 480 3380 2280 3529; baseline -0.001 -58"><span class='ocrx_word' id='word_1_231' title='bbox 480 3380 608 3529; x_wconf 31' lang='lat' dir='ltr'>{ffin</span> <span class='ocrx_word' id='word_1_232' title='bbox 655 3399 788 3484; x_wconf 90' lang='lat' dir='ltr'>datam,</span> <span class='ocrx_word' id='word_1_233' title='bbox 805 3399 1011 3493; x_wconf 88' lang='lat' dir='ltr'>ambagibus</span> <span class='ocrx_word' id='word_1_234' title='bbox 1039 3398 1086 3470; x_wconf 88' lang='lat' dir='ltr'>ad</span> <span class='ocrx_word' id='word_1_235' title='bbox 1110 3399 1363 3472; x_wconf 89' lang='lat' dir='ltr'>lassitudimem</span> <span class='ocrx_word' id='word_1_236' title='bbox 1391 3406 1543 3472; x_wconf 89' lang='lat' dir='ltr'>suamet</span> <span class='ocrx_word' id='word_1_237' title='bbox 1568 3397 1767 3470; x_wconf 88' lang='lat' dir='ltr'>auditorum</span> <span class='ocrx_word' id='word_1_238' title='bbox 1785 3397 2029 3470; x_wconf 84' lang='lat' dir='ltr'>circumduxit.</span> <span class='ocrx_word' id='word_1_239' title='bbox 2047 3396 2220 3490; x_wconf 91' lang='lat' dir='ltr'>Denique,</span> <span class='ocrx_word' id='word_1_240' title='bbox 2241 3405 2280 3469; x_wconf 94' lang='lat' dir='ltr'>ut</span> 
     </span>
     <span class='ocr_line' id='line_1_22' title="bbox 481 3519 2413 3618; baseline -0.002 -24"><span class='ocrx_word' id='word_1_241' title='bbox 481 3556 535 3596; x_wconf 84' lang='lat' dir='ltr'>um.</span> <span class='ocrx_word' id='word_1_242' title='bbox 652 3521 954 3617; x_wconf 88' lang='lat' dir='ltr'>stultiloquentiae,</span> <span class='ocrx_word' id='word_1_243' title='bbox 970 3522 1101 3594; x_wconf 85' lang='lat' dir='ltr'>fastidii</span> <span class='ocrx_word' id='word_1_244' title='bbox 1125 3521 1254 3618; x_wconf 89' lang='lat' dir='ltr'>plenae,</span> <span class='ocrx_word' id='word_1_245' title='bbox 1276 3521 1479 3593; x_wconf 86' lang='lat' dir='ltr'>conciliaret</span> <span class='ocrx_word' id='word_1_246' title='bbox 1498 3521 1661 3615; x_wconf 90' lang='lat' dir='ltr'>gratiam,</span> <span class='ocrx_word' id='word_1_247' title='bbox 1675 3521 1798 3614; x_wconf 88' lang='lat' dir='ltr'>jussus</span> <span class='ocrx_word' id='word_1_248' title='bbox 1824 3542 2006 3615; x_wconf 89' lang='lat' dir='ltr'>perorare,</span> <span class='ocrx_word' id='word_1_249' title='bbox 2031 3519 2170 3592; x_wconf 90' lang='lat' dir='ltr'>duobus</span> <span class='ocrx_word' id='word_1_250' title='bbox 2189 3521 2284 3614; x_wconf 92' lang='lat' dir='ltr'>digi·</span> <span class='ocrx_word' id='word_1_251' title='bbox 2410 3537 2413 3542; x_wconf 91' lang='grc'><strong><em>·</em></strong></span> 
     </span>
     <span class='ocr_line' id='line_1_23' title="bbox 511 3643 2284 3743; baseline -0.001 -25"><span class='ocrx_word' id='word_1_252' title='bbox 511 3647 513 3650; x_wconf 77' lang='grc'><strong>’</strong></span> <span class='ocrx_word' id='word_1_253' title='bbox 655 3647 713 3732; x_wconf 90' lang='lat' dir='ltr'>tis,</span> <span class='ocrx_word' id='word_1_254' title='bbox 733 3651 894 3743; x_wconf 89' lang='lat' dir='ltr'>precatus</span> <span class='ocrx_word' id='word_1_255' title='bbox 920 3645 1037 3716; x_wconf 89' lang='lat' dir='ltr'>nescio</span> <span class='ocrx_word' id='word_1_256' title='bbox 1064 3645 1146 3739; x_wconf 90' lang='lat' dir='ltr'>quid</span> <span class='ocrx_word' id='word_1_257' title='bbox 1164 3644 1260 3740; x_wconf 90' lang='lat' dir='ltr'>Regi</span> <span class='ocrx_word' id='word_1_258' title='bbox 1290 3646 1438 3739; x_wconf 89' lang='lat' dir='ltr'>gurdus,</span> <span class='ocrx_word' id='word_1_259' title='bbox 1461 3643 1652 3717; x_wconf 83' lang='lat' dir='ltr'>benedixit.</span> <span class='ocrx_word' id='word_1_260' title='bbox 1674 3644 1721 3716; x_wconf 85' lang='lat' dir='ltr'>Et</span> <span class='ocrx_word' id='word_1_261' title='bbox 1738 3645 1956 3717; x_wconf 91' lang='lat' dir='ltr'>stomachum</span> <span class='ocrx_word' id='word_1_262' title='bbox 1972 3645 2091 3739; x_wconf 90' lang='lat' dir='ltr'>itaque</span> <span class='ocrx_word' id='word_1_263' title='bbox 2117 3644 2284 3717; x_wconf 91' lang='lat' dir='ltr'>omnibus</span> 
     </span>
     <span class='ocr_line' id='line_1_24' title="bbox 487 3767 2285 3899; baseline -0.001 -59"><span class='ocrx_word' id='word_1_264' title='bbox 487 3844 531 3899; x_wconf 59' lang='lat' dir='ltr'>T,</span> <span class='ocrx_word' id='word_1_265' title='bbox 587 3843 604 3899; x_wconf 70' lang='lat' dir='ltr'>d</span> <span class='ocrx_word' id='word_1_266' title='bbox 654 3769 765 3841; x_wconf 91' lang='lat' dir='ltr'>movit</span> <span class='ocrx_word' id='word_1_267' title='bbox 783 3793 825 3842; x_wconf 91' lang='lat' dir='ltr'>ea</span> <span class='ocrx_word' id='word_1_268' title='bbox 842 3768 977 3841; x_wconf 89' lang='lat' dir='ltr'>homnli</span> <span class='ocrx_word' id='word_1_269' title='bbox 1004 3769 1116 3840; x_wconf 89' lang='lat' dir='ltr'>oratio</span> <span class='ocrx_word' id='word_1_270' title='bbox 1143 3777 1179 3841; x_wconf 91' lang='lat' dir='ltr'>et</span> <span class='ocrx_word' id='word_1_271' title='bbox 1195 3769 1315 3840; x_wconf 88' lang='lat' dir='ltr'>risum.</span> <span class='ocrx_word' id='word_1_272' title='bbox 1335 3769 1518 3864; x_wconf 84' lang='lat' dir='ltr'>Castigata</span> <span class='ocrx_word' id='word_1_273' title='bbox 1536 3769 1709 3841; x_wconf 89' lang='lat' dir='ltr'>ethorum</span> <span class='ocrx_word' id='word_1_274' title='bbox 1725 3768 1941 3863; x_wconf 88' lang='lat' dir='ltr'>impudentia</span> <span class='ocrx_word' id='word_1_275' title='bbox 1967 3776 2003 3841; x_wconf 90' lang='lat' dir='ltr'>et</span> <span class='ocrx_word' id='word_1_276' title='bbox 2028 3767 2156 3840; x_wconf 91' lang='lat' dir='ltr'>civium</span> <span class='ocrx_word' id='word_1_277' title='bbox 2173 3768 2285 3863; x_wconf 90' lang='lat' dir='ltr'>perti·</span> 
     </span>
     <span class='ocr_line' id='line_1_25' title="bbox 482 3861 2282 3994; baseline -0.001 -27"><span class='ocrx_word' id='word_1_278' title='bbox 482 3861 620 3994; x_wconf 35' lang='lat' dir='ltr'>elffii?</span> <span class='ocrx_word' id='word_1_279' title='bbox 656 3894 757 3967; x_wconf 91' lang='lat' dir='ltr'>nacia</span> <span class='ocrx_word' id='word_1_280' title='bbox 780 3893 890 3988; x_wconf 89' lang='lat' dir='ltr'>regiis</span> <span class='ocrx_word' id='word_1_281' title='bbox 917 3916 982 3989; x_wconf 91' lang='lat' dir='ltr'>per</span> <span class='ocrx_word' id='word_1_282' title='bbox 1012 3891 1259 3965; x_wconf 89' lang='lat' dir='ltr'>cancellarium</span> <span class='ocrx_word' id='word_1_283' title='bbox 1289 3894 1418 3978; x_wconf 77' lang='lat' dir='ltr'>verbiS,</span> <span class='ocrx_word' id='word_1_284' title='bbox 1447 3893 1558 3978; x_wconf 89' lang='lat' dir='ltr'>abire,</span> <span class='ocrx_word' id='word_1_285' title='bbox 1592 3902 1722 3966; x_wconf 92' lang='lat' dir='ltr'>etcum</span> <span class='ocrx_word' id='word_1_286' title='bbox 1752 3895 1825 3966; x_wconf 90' lang='lat' dir='ltr'>suis</span> <span class='ocrx_word' id='word_1_287' title='bbox 1856 3894 2059 3968; x_wconf 91' lang='lat' dir='ltr'>consulibus</span> <span class='ocrx_word' id='word_1_288' title='bbox 2085 3893 2282 3990; x_wconf 88' lang='lat' dir='ltr'>quiescere,</span> 
     </span>
     <span class='ocr_line' id='line_1_26' title="bbox 480 4007 2288 4147; baseline -0.003 -55"><span class='ocrx_word' id='word_1_289' title='bbox 480 4007 623 4147; x_wconf 49' lang='lat' dir='ltr'>{putren-</span> <span class='ocrx_word' id='word_1_290' title='bbox 652 4018 835 4116; x_wconf 86' lang='lat' dir='ltr'>jubentur,</span> <span class='ocrx_word' id='word_1_291' title='bbox 855 4015 923 4089; x_wconf 92' lang='lat' dir='ltr'>nisi</span> <span class='ocrx_word' id='word_1_292' title='bbox 943 4014 1032 4087; x_wconf 89' lang='lat' dir='ltr'>dura</span> <span class='ocrx_word' id='word_1_293' title='bbox 1048 4015 1158 4090; x_wconf 92' lang='lat' dir='ltr'>velint</span> <span class='ocrx_word' id='word_1_294' title='bbox 1184 4018 1348 4113; x_wconf 88' lang='lat' dir='ltr'>experiri.</span> <span class='ocrx_word' id='word_1_295' title='bbox 1370 4017 1417 4090; x_wconf 83' lang='lat' dir='ltr'>At</span> <span class='ocrx_word' id='word_1_296' title='bbox 1435 4018 1499 4102; x_wconf 92' lang='lat' dir='ltr'>illi,</span> <span class='ocrx_word' id='word_1_297' title='bbox 1521 4017 1643 4088; x_wconf 84' lang='lat' dir='ltr'>rursus</span> <span class='ocrx_word' id='word_1_298' title='bbox 1669 4015 1737 4088; x_wconf 89' lang='lat' dir='ltr'>sibi</span> <span class='ocrx_word' id='word_1_299' title='bbox 1755 4024 1794 4088; x_wconf 93' lang='lat' dir='ltr'>ut</span> <span class='ocrx_word' id='word_1_300' title='bbox 1822 4015 1885 4088; x_wconf 88' lang='lat' dir='ltr'>fiat</span> <span class='ocrx_word' id='word_1_301' title='bbox 1907 4018 2052 4112; x_wconf 88' lang='lat' dir='ltr'>reliquae</span> <span class='ocrx_word' id='word_1_302' title='bbox 2072 4018 2147 4112; x_wconf 91' lang='lat' dir='ltr'>ejus</span> <span class='ocrx_word' id='word_1_303' title='bbox 2164 4018 2288 4111; x_wconf 89' lang='lat' dir='ltr'>utique</span> 
     </span>
     <span class='ocr_line' id='line_1_27' title="bbox 523 4135 2290 4228; baseline -0.006 -9"><span class='ocrx_word' id='word_1_304' title='bbox 523 4135 529 4148; x_wconf 60' lang='lat'>⁸</span> <span class='ocrx_word' id='word_1_305' title='bbox 659 4146 775 4219; x_wconf 89' lang='lat' dir='ltr'>noctis</span> <span class='ocrx_word' id='word_1_306' title='bbox 801 4141 845 4216; x_wconf 87' lang='lat' dir='ltr'>ad</span> <span class='ocrx_word' id='word_1_307' title='bbox 878 4142 1143 4215; x_wconf 92' lang='lat' dir='ltr'>deliberandum</span> <span class='ocrx_word' id='word_1_308' title='bbox 1162 4168 1282 4228; x_wconf 91' lang='lat' dir='ltr'>usura,</span> <span class='ocrx_word' id='word_1_309' title='bbox 1303 4165 1421 4228; x_wconf 90' lang='lat' dir='ltr'>orare;</span> <span class='ocrx_word' id='word_1_310' title='bbox 1442 4143 1553 4214; x_wconf 90' lang='lat' dir='ltr'>acturi</span> <span class='ocrx_word' id='word_1_311' title='bbox 1580 4139 1727 4221; x_wconf 89' lang='lat' dir='ltr'>scilicet,</span> <span class='ocrx_word' id='word_1_312' title='bbox 1760 4145 1797 4209; x_wconf 91' lang='lat' dir='ltr'>ut</span> <span class='ocrx_word' id='word_1_313' title='bbox 1821 4139 1917 4214; x_wconf 86' lang='lat' dir='ltr'>cives</span> <span class='ocrx_word' id='word_1_314' title='bbox 1944 4139 1999 4210; x_wconf 92' lang='lat' dir='ltr'>sui</span> <span class='ocrx_word' id='word_1_315' title='bbox 2025 4139 2071 4211; x_wconf 92' lang='lat' dir='ltr'>ad</span> <span class='ocrx_word' id='word_1_316' title='bbox 2095 4139 2290 4212; x_wconf 87' lang='lat' dir='ltr'>sanitatem</span> 
     </span>
     <span class='ocr_line' id='line_1_28' title="bbox 656 4263 2290 4365; baseline -0.004 -23"><span class='ocrx_word' id='word_1_317' title='bbox 656 4269 819 4354; x_wconf 89' lang='lat' dir='ltr'>redeant,</span> <span class='ocrx_word' id='word_1_318' title='bbox 847 4289 1049 4360; x_wconf 88' lang='lat' dir='ltr'>moremque</span> <span class='ocrx_word' id='word_1_319' title='bbox 1075 4275 1202 4361; x_wconf 89' lang='lat' dir='ltr'>gerant</span> <span class='ocrx_word' id='word_1_320' title='bbox 1223 4268 1385 4365; x_wconf 89' lang='lat' dir='ltr'>principi.</span> <span class='ocrx_word' id='word_1_321' title='bbox 1415 4271 1456 4341; x_wconf 97' lang='lat' dir='ltr'>In</span> <span class='ocrx_word' id='word_1_322' title='bbox 1480 4270 1549 4341; x_wconf 87' lang='lat' dir='ltr'>ista</span> <span class='ocrx_word' id='word_1_323' title='bbox 1573 4265 1886 4360; x_wconf 86' lang='lat' dir='ltr'>tergiversantium</span> <span class='ocrx_word' id='word_1_324' title='bbox 1921 4265 2167 4345; x_wconf 90' lang='lat' dir='ltr'>obstinatione,</span> <span class='ocrx_word' id='word_1_325' title='bbox 2200 4263 2290 4358; x_wconf 90' lang='lat' dir='ltr'>quin</span> 
     </span>
     <span class='ocr_line' id='line_1_29' title="bbox 654 4385 2288 4486; baseline -0.004 -21"><span class='ocrx_word' id='word_1_326' title='bbox 654 4394 767 4466; x_wconf 88' lang='lat' dir='ltr'>malos</span> <span class='ocrx_word' id='word_1_327' title='bbox 796 4392 887 4464; x_wconf 90' lang='lat' dir='ltr'>male</span> <span class='ocrx_word' id='word_1_328' title='bbox 905 4389 1081 4486; x_wconf 89' lang='lat' dir='ltr'>perderet,</span> <span class='ocrx_word' id='word_1_329' title='bbox 1104 4391 1181 4486; x_wconf 88' lang='lat' dir='ltr'>ipsa</span> <span class='ocrx_word' id='word_1_330' title='bbox 1211 4392 1348 4486; x_wconf 88' lang='lat' dir='ltr'>Regem</span> <span class='ocrx_word' id='word_1_331' title='bbox 1375 4391 1560 4465; x_wconf 91' lang='lat' dir='ltr'>clementia</span> <span class='ocrx_word' id='word_1_332' title='bbox 1591 4387 1770 4462; x_wconf 89' lang='lat' dir='ltr'>sustinuit.</span> <span class='ocrx_word' id='word_1_333' title='bbox 1792 4388 2002 4482; x_wconf 86' lang='lat' dir='ltr'>Quanquam</span> <span class='ocrx_word' id='word_1_334' title='bbox 2025 4387 2093 4460; x_wconf 91' lang='lat' dir='ltr'>sibi</span> <span class='ocrx_word' id='word_1_335' title='bbox 2117 4387 2195 4482; x_wconf 90' lang='lat' dir='ltr'>jam</span> <span class='ocrx_word' id='word_1_336' title='bbox 2211 4385 2288 4459; x_wconf 91' lang='lat' dir='ltr'>alio</span> 
     </span>
     <span class='ocr_line' id='line_1_30' title="bbox 653 4510 2282 4611; baseline -0.002 -25"><span class='ocrx_word' id='word_1_337' title='bbox 653 4515 890 4588; x_wconf 85' lang='lat' dir='ltr'>festinandum</span> <span class='ocrx_word' id='word_1_338' title='bbox 903 4521 1000 4599; x_wconf 88' lang='lat' dir='ltr'>erat;</span> <span class='ocrx_word' id='word_1_339' title='bbox 1032 4514 1146 4586; x_wconf 90' lang='lat' dir='ltr'>adhuc</span> <span class='ocrx_word' id='word_1_340' title='bbox 1171 4521 1345 4588; x_wconf 88' lang='lat' dir='ltr'>tamense</span> <span class='ocrx_word' id='word_1_341' title='bbox 1371 4517 1407 4587; x_wconf 95' lang='lat' dir='ltr'>in</span> <span class='ocrx_word' id='word_1_342' title='bbox 1425 4515 1553 4611; x_wconf 91' lang='lat' dir='ltr'>oppido</span> <span class='ocrx_word' id='word_1_343' title='bbox 1572 4513 1757 4586; x_wconf 89' lang='lat' dir='ltr'>continuit.</span> <span class='ocrx_word' id='word_1_344' title='bbox 1787 4512 1827 4585; x_wconf 94' lang='lat' dir='ltr'>Id</span> <span class='ocrx_word' id='word_1_345' title='bbox 1853 4513 1960 4585; x_wconf 90' lang='lat' dir='ltr'>etiam</span> <span class='ocrx_word' id='word_1_346' title='bbox 1989 4511 2118 4607; x_wconf 84' lang='lat' dir='ltr'>gratiae</span> <span class='ocrx_word' id='word_1_347' title='bbox 2148 4510 2282 4604; x_wconf 89' lang='lat' dir='ltr'>iniquis</span> 
     </span>
     <span class='ocr_line' id='line_1_31' title="bbox 653 4636 2286 4731; baseline -0.003 -20"><span class='ocrx_word' id='word_1_348' title='bbox 653 4640 774 4712; x_wconf 88' lang='lat' dir='ltr'>datum</span> <span class='ocrx_word' id='word_1_349' title='bbox 804 4639 1011 4713; x_wconf 89' lang='lat' dir='ltr'>triconibus.</span> <span class='ocrx_word' id='word_1_350' title='bbox 1040 4639 1172 4713; x_wconf 87' lang='lat' dir='ltr'>Addita</span> <span class='ocrx_word' id='word_1_351' title='bbox 1190 4662 1233 4711; x_wconf 89' lang='lat' dir='ltr'>ea</span> <span class='ocrx_word' id='word_1_352' title='bbox 1258 4640 1371 4713; x_wconf 87' lang='lat' dir='ltr'>veniae</span> <span class='ocrx_word' id='word_1_353' title='bbox 1403 4640 1568 4722; x_wconf 90' lang='lat' dir='ltr'>conditio,</span> <span class='ocrx_word' id='word_1_354' title='bbox 1588 4645 1640 4723; x_wconf 90' lang='lat' dir='ltr'>ut,</span> <span class='ocrx_word' id='word_1_355' title='bbox 1661 4638 1691 4709; x_wconf 92' lang='lat' dir='ltr'>si</span> <span class='ocrx_word' id='word_1_356' title='bbox 1718 4636 1923 4710; x_wconf 90' lang='lat' dir='ltr'>obedienter</span> <span class='ocrx_word' id='word_1_357' title='bbox 1952 4636 2077 4731; x_wconf 86' lang='lat' dir='ltr'>exequi</span> <span class='ocrx_word' id='word_1_358' title='bbox 2103 4636 2286 4730; x_wconf 90' lang='lat' dir='ltr'>imperata</span> 
     </span>
     <span class='ocr_line' id='line_1_32' title="bbox 654 4760 2283 4860; baseline -0.004 -24"><span class='ocrx_word' id='word_1_359' title='bbox 654 4764 855 4850; x_wconf 88' lang='lat' dir='ltr'>statuerint,</span> <span class='ocrx_word' id='word_1_360' title='bbox 875 4764 988 4860; x_wconf 90' lang='lat' dir='ltr'>prima</span> <span class='ocrx_word' id='word_1_361' title='bbox 1013 4764 1091 4836; x_wconf 91' lang='lat' dir='ltr'>luce</span> <span class='ocrx_word' id='word_1_362' title='bbox 1117 4765 1337 4849; x_wconf 90' lang='lat' dir='ltr'>revenirent;</span> <span class='ocrx_word' id='word_1_363' title='bbox 1358 4765 1414 4836; x_wconf 89' lang='lat' dir='ltr'>sin</span> <span class='ocrx_word' id='word_1_364' title='bbox 1440 4761 1695 4837; x_wconf 90' lang='lat' dir='ltr'>obstinaverint</span> <span class='ocrx_word' id='word_1_365' title='bbox 1713 4761 1850 4846; x_wconf 88' lang='lat' dir='ltr'>animis,</span> <span class='ocrx_word' id='word_1_366' title='bbox 1879 4761 2083 4834; x_wconf 88' lang='lat' dir='ltr'>revellenda</span> <span class='ocrx_word' id='word_1_367' title='bbox 2109 4783 2131 4832; x_wconf 94' lang='lat' dir='ltr'>a</span> <span class='ocrx_word' id='word_1_368' title='bbox 2162 4760 2283 4833; x_wconf 86' lang='lat' dir='ltr'>cervi-</span> 
     </span>
     <span class='ocr_line' id='line_1_33' title="bbox 655 4884 2283 4984; baseline -0.004 -21"><span class='ocrx_word' id='word_1_369' title='bbox 655 4889 766 4974; x_wconf 91' lang='lat' dir='ltr'>cibus,</span> <span class='ocrx_word' id='word_1_370' title='bbox 783 4888 900 4984; x_wconf 89' lang='lat' dir='ltr'>eapita</span> <span class='ocrx_word' id='word_1_371' title='bbox 912 4888 1069 4984; x_wconf 89' lang='lat' dir='ltr'>protervi</span> <span class='ocrx_word' id='word_1_372' title='bbox 1082 4889 1271 4962; x_wconf 91' lang='lat' dir='ltr'>obtrudere</span> <span class='ocrx_word' id='word_1_373' title='bbox 1288 4889 1379 4961; x_wconf 89' lang='lat' dir='ltr'>irato</span> <span class='ocrx_word' id='word_1_374' title='bbox 1396 4888 1544 4984; x_wconf 91' lang='lat' dir='ltr'>principi</span> <span class='ocrx_word' id='word_1_375' title='bbox 1556 4909 1602 4959; x_wconf 92' lang='lat' dir='ltr'>ne</span> <span class='ocrx_word' id='word_1_376' title='bbox 1618 4885 1802 4959; x_wconf 88' lang='lat' dir='ltr'>auderent.</span> <span class='ocrx_word' id='word_1_377' title='bbox 1822 4884 1963 4958; x_wconf 86' lang='lat' dir='ltr'>Adsunt</span> <span class='ocrx_word' id='word_1_378' title='bbox 1979 4884 2148 4980; x_wconf 90' lang='lat' dir='ltr'>postridie</span> <span class='ocrx_word' id='word_1_379' title='bbox 2161 4884 2283 4979; x_wconf 91' lang='lat' dir='ltr'>primo</span> 
     </span>
     <span class='ocr_line' id='line_1_34' title="bbox 654 5012 2287 5111; baseline -0.001 -23"><span class='ocrx_word' id='word_1_380' title='bbox 654 5014 830 5100; x_wconf 87' lang='lat' dir='ltr'>diluculo;</span> <span class='ocrx_word' id='word_1_381' title='bbox 849 5012 1018 5110; x_wconf 91' lang='lat' dir='ltr'>templum</span> <span class='ocrx_word' id='word_1_382' title='bbox 1036 5012 1204 5085; x_wconf 89' lang='lat' dir='ltr'>eduobus</span> <span class='ocrx_word' id='word_1_383' title='bbox 1221 5013 1351 5107; x_wconf 91' lang='lat' dir='ltr'>ereptis</span> <span class='ocrx_word' id='word_1_384' title='bbox 1376 5038 1483 5086; x_wconf 91' lang='lat' dir='ltr'>unum</span> <span class='ocrx_word' id='word_1_385' title='bbox 1513 5014 1683 5101; x_wconf 90' lang='lat' dir='ltr'>reddunt;</span> <span class='ocrx_word' id='word_1_386' title='bbox 1713 5038 1810 5089; x_wconf 89' lang='lat' dir='ltr'>more</span> <span class='ocrx_word' id='word_1_387' title='bbox 1827 5014 1962 5088; x_wconf 90' lang='lat' dir='ltr'>scilicet</span> <span class='ocrx_word' id='word_1_388' title='bbox 1990 5015 2106 5087; x_wconf 86' lang='lat' dir='ltr'>furum</span> <span class='ocrx_word' id='word_1_389' title='bbox 2119 5014 2167 5111; x_wconf 84' lang='lat' dir='ltr'>(id</span> <span class='ocrx_word' id='word_1_390' title='bbox 2185 5015 2287 5110; x_wconf 88' lang='lat' dir='ltr'>quod</span> 
     </span>
     <span class='ocr_line' id='line_1_35' title="bbox 652 5135 2287 5234; baseline -0.001 -22"><span class='ocrx_word' id='word_1_391' title='bbox 652 5142 764 5213; x_wconf 90' lang='lat' dir='ltr'>iratus</span> <span class='ocrx_word' id='word_1_392' title='bbox 777 5145 883 5233; x_wconf 91' lang='lat' dir='ltr'>atque</span> <span class='ocrx_word' id='word_1_393' title='bbox 900 5138 946 5209; x_wconf 89' lang='lat' dir='ltr'>ad</span> <span class='ocrx_word' id='word_1_394' title='bbox 963 5135 1118 5209; x_wconf 88' lang='lat' dir='ltr'>insanam</span> <span class='ocrx_word' id='word_1_395' title='bbox 1136 5137 1315 5210; x_wconf 92' lang='lat' dir='ltr'>hominum</span> <span class='ocrx_word' id='word_1_396' title='bbox 1341 5139 1510 5212; x_wconf 92' lang='lat' dir='ltr'>malitiam</span> <span class='ocrx_word' id='word_1_397' title='bbox 1539 5139 1725 5213; x_wconf 88' lang='lat' dir='ltr'>subridens</span> <span class='ocrx_word' id='word_1_398' title='bbox 1739 5139 1869 5212; x_wconf 88' lang='lat' dir='ltr'>dixisse</span> <span class='ocrx_word' id='word_1_399' title='bbox 1886 5141 1998 5213; x_wconf 82' lang='lat' dir='ltr'>fertur</span> <span class='ocrx_word' id='word_1_400' title='bbox 2015 5141 2095 5213; x_wconf 87' lang='lat' dir='ltr'>Rex</span> <span class='ocrx_word' id='word_1_401' title='bbox 2111 5137 2197 5234; x_wconf 81' lang='lat' dir='ltr'>ipse)</span> <span class='ocrx_word' id='word_1_402' title='bbox 2217 5140 2287 5233; x_wconf 90' lang='lat' dir='ltr'>qui</span> 
     </span>
    </p>
   </div>
   <div class='ocr_carea' id='block_1_4' title="bbox 653 5261 2287 5364">
    <p class='ocr_par' dir='ltr' id='par_1_11' title="bbox 653 5261 2287 5364">
     <span class='ocr_line' id='line_1_36' title="bbox 653 5261 2287 5364; baseline 0 -26"><span class='ocrx_word' id='word_1_403' title='bbox 653 5287 711 5338; x_wconf 89' lang='lat' dir='ltr'>res</span> <span class='ocrx_word' id='word_1_404' title='bbox 727 5262 927 5337; x_wconf 86' lang='lat' dir='ltr'>dimidiatas</span> <span class='ocrx_word' id='word_1_405' title='bbox 951 5261 1188 5357; x_wconf 78' lang='lat' dir='ltr'>contritasque</span> <span class='ocrx_word' id='word_1_406' title='bbox 1203 5271 1387 5357; x_wconf 89' lang='lat' dir='ltr'>reponant.</span> <span class='ocrx_word' id='word_1_407' title='bbox 1408 5265 1514 5351; x_wconf 88' lang='lat' dir='ltr'>Nam,</span> <span class='ocrx_word' id='word_1_408' title='bbox 1538 5273 1577 5338; x_wconf 90' lang='lat' dir='ltr'>ut</span> <span class='ocrx_word' id='word_1_409' title='bbox 1605 5266 1755 5342; x_wconf 87' lang='lat' dir='ltr'>alterum</span> <span class='ocrx_word' id='word_1_410' title='bbox 1778 5267 1885 5340; x_wconf 89' lang='lat' dir='ltr'>etiam</span> <span class='ocrx_word' id='word_1_411' title='bbox 1910 5266 2079 5364; x_wconf 91' lang='lat' dir='ltr'>templum</span> <span class='ocrx_word' id='word_1_412' title='bbox 2096 5266 2287 5354; x_wconf 90' lang='lat' dir='ltr'>reddatur,</span> 
     </span>
    </p>
   </div>
   <div class='ocr_carea' id='block_1_5' title="bbox 0 0 2478 6649">
    <p class='ocr_par' dir='ltr' id='par_1_12' title="bbox 0 0 2478 6649">
     <span class='ocr_line' id='line_1_37' title="bbox 0 0 2478 6649; baseline 0 0"><span class='ocrx_word' id='word_1_413' title='bbox 0 0 2478 6649; x_wconf 95' lang='lat' dir='ltr'> </span> 
     </span>
    </p>
   </div>
  </div>
 </body>
</html>
