4896 6650
560 683 563 692 ’
676 711 785 772 nisus
805 707 995 771 suouunus
1015 707 1225 784 (asperato).
1752 696 1793 762 as

175 925 191 957 e
212 904 294 970 ante
309 903 450 969 nostras
469 883 516 968 ad
532 894 651 967 hostes
672 892 807 966 litteras
824 892 1051 974 misissemus,
1072 889 1178 962 biduo
1205 897 1301 974 ante,
1318 911 1423 985 quam
1440 894 1571 961 nostrae
1588 886 1662 960 illae
1679 885 1791 980 copim
1824 895 1888 953 ltro

177 1049 192 1080 u
215 1021 260 1092 ad
277 1021 458 1093 Polociam
472 1018 718 1101 accessissent,
735 1016 890 1111 equitum
908 1022 942 1089 et
959 1013 1115 1110 peditum
1132 1013 1267 1108 aliquid
1287 1014 1332 1085 ab
1350 1014 1452 1086 hoste
1468 1013 1506 1084 in
1524 1034 1565 1084 ar
1572 1033 1648 1084 cem
1664 1008 1796 1082 immis-

175 1173 191 1206 ιι
213 1168 289 1216 sum
319 1150 374 1216 est
394 1169 401 1214 ε
422 1141 581 1215 adhibita
610 1162 694 1214 vero
724 1138 927 1213 aPalatino
954 1135 1127 1219 Vilnensi,
1148 1139 1374 1229 posteaquam
1398 1131 1593 1227 propinquo
1612 1129 1658 1202 ad
1676 1151 1793 1202 arcem

175 1297 191 1328 a
211 1269 287 1341 loco
300 1267 530 1351 consedisset,
547 1288 590 1340 ea
604 1265 788 1361 diligentia
800 1270 867 1349 est,
890 1271 928 1336 ut
946 1269 1024 1359 post
1037 1260 1167 1334 nullius
1186 1257 1335 1331 subsidii
1351 1257 1512 1330 hostibus
1529 1255 1684 1330 accessio
1704 1255 1795 1327 facta

176 1419 192 1450 v
212 1391 267 1462 sit.
285 1391 375 1476 Nos,
392 1414 471 1462 cum
488 1389 645 1464 exercitu
662 1395 782 1461 nostro
810 1394 845 1460 et
871 1385 1055 1459 tormentis
1081 1381 1408 1478 impedimentisque
1437 1379 1584 1465 bellicis,
1604 1381 1642 1452 in
1659 1400 1796 1452 summa

176 1545 191 1574 α
212 1515 347 1587 viarum
360 1515 557 1610 iniquitate,
574 1493 679 1606 quam
694 1511 890 1607 pluviarum
912 1509 1056 1582 assidua
1072 1506 1277 1601 magnitudo
1291 1513 1328 1579 et
1344 1506 1470 1578 horum
1487 1528 1655 1600 agrorum
1667 1511 1795 1576 natura

176 1669 192 1700 ι
212 1638 338 1723 effecit,
359 1638 552 1710 minoribus
571 1635 756 1709 itineribus
771 1633 921 1708 insecuti
934 1633 1080 1718 fuimus;
1108 1630 1246 1704 interea
1271 1653 1294 1702 a
1311 1630 1420 1726 copiis
1446 1630 1590 1715 nostris,
1611 1653 1691 1726 quae
1704 1652 1794 1725 prae·

176 1769 405 1846 vcesserant,
426 1782 527 1834 arces
559 1767 633 1834 tres
662 1787 670 1833 :
692 1759 862 1843 Kosiana,
883 1757 1037 1843 Krasne,
1058 1761 1093 1828 et
1118 1754 1251 1840 Sitano,
1273 1777 1337 1849 per
1360 1755 1604 1829 excursionem
1630 1754 1793 1828 celeriter

177 1894 405 1980 «occupatae,
426 1891 461 1957 et
487 1883 649 1957 incendio
676 1883 803 1956 deletae
829 1887 921 1954 sunt.
952 1881 1146 1954 Undecima
1175 1883 1318 1978 augusti
1352 1882 1408 1954 die
1430 1881 1588 1978 proxime
1614 1866 1817 1955 Polociam'

178 2040 193 2067 ι
215 2031 293 2081 cum
309 2009 420 2104 copiis
433 2008 594 2081 omnibus
607 2008 738 2080 nostris
755 2008 940 2092 movimus,
958 2013 993 2080 et
1010 2005 1205 2102 propinquo
1219 2007 1262 2081 ad
1281 2006 1412 2078 moenia
1423 2005 1502 2079 loco
1515 2007 1637 2079 metati
1658 2030 1791 2092 sumus,

177 2164 192 2195 u
211 2155 327 2208 arcem
343 2136 588 2229 civitatemque
606 2132 718 2207 tribus
738 2134 823 2208 locis
841 2133 1021 2208 obsidione
1039 2133 1229 2217 cinximus;
1251 2111 1441 2224 eademque
1459 2129 1516 2202 dic
1533 2129 1620 2202 locis
1634 2129 1794 2202 omnibus

176 2259 423 2332 «munitiones
452 2259 636 2354 fossasque
665 2259 810 2355 propius
826 2260 963 2334 hostem
992 2283 1100 2355 agere
1116 2257 1299 2354 jussimus.
1321 2255 1498 2330 Postridie
1514 2255 1691 2328 civitatem
1723 2277 1794 2327 non

177 2409 192 2440 κ
212 2381 433 2455 mediocriter
459 2382 562 2456 fossis
594 2390 630 2456 et
659 2405 790 2480 aggere
820 2392 856 2458 et
884 2383 1159 2480 propugnaculis
1187 2389 1223 2454 et
1245 2379 1436 2477 parietibus
1467 2379 1698 2464 densirrsimi,
1719 2386 1794 2450 tum

178 2533 192 2564 v
215 2529 350 2600 quoque
370 2505 535 2601 praesidio
552 2506 703 2594 firmam,
725 2530 768 2581 ea
781 2505 990 2578 maxime'de
1004 2503 1125 2590 causa,
1147 2507 1239 2602 quod
1256 2505 1316 2577 illo
1333 2505 1410 2578 loco
1428 2526 1493 2578 nos
1510 2503 1795 2600 apropinquiorc

177 2657 192 2686 κ
211 2627 255 2700 ad
270 2651 388 2701 arcem
403 2650 548 2700 accessu
565 2629 786 2723 prohiberet,
797 2628 1028 2712 incendimus,
1045 2651 1087 2701 ac
1099 2636 1208 2703 totam
1226 2631 1347 2726 paucis
1364 2629 1462 2703 horis
1476 2629 1680 2702 delevimus.
1702 2630 1793 2702 Tum

178 2779 193 2810 a
212 2751 355 2846 lougius
374 2750 626 2825 munitionibus
655 2754 786 2826 nostris
815 2755 861 2826 ad
890 2756 986 2851 ipsas
1011 2755 1102 2828 arcis
1131 2761 1251 2852 portas
1276 2753 1457 2851 promotis,
1478 2752 1574 2825 omni
1602 2758 1730 2825 conatu
1755 2751 1793 2823 in

178 2903 193 2934 α
216 2897 329 2949 arcem
347 2877 621 2970 expugnandam
637 2878 868 2952 incubuimus,

221 3027 238 3058 a
259 2996 475 3072 Ostenderat
491 2999 526 3071 vi
552 3022 617 3072 sua
634 3008 836 3097 praepotens
854 3003 950 3075 Deus
969 3002 1005 3074 in
1031 3024 1138 3073 manu
1155 3024 1220 3074 sua
1238 3024 1355 3073 rerum
1377 2998 1613 3096 gerendarum
1639 3007 1793 3096 potesta·
1841 3035 1846 3050 ·

176 3149 190 3182 r
213 3129 282 3195 tem
310 3145 400 3208 esse,
422 3129 457 3196 et
473 3123 637 3196 assiduas
662 3123 800 3220 pluvias
818 3126 977 3221 pluribus
1000 3125 1122 3198 diebus
1140 3125 1191 3197 ita
1215 3125 1422 3209 immiserat,
1447 3131 1486 3195 ut
1509 3145 1627 3218 operae
1644 3123 1793 3198 militum

176 3273 191 3306 v
211 3245 379 3340 maj0rem
397 3247 433 3317 in
452 3247 594 3320 modum
611 3247 876 3344 impedirentur,
901 3257 936 3322 et
953 3247 1182 3346 oppugnandi
1199 3249 1291 3321 ratio
1311 3247 1416 3321 etiam
1433 3253 1540 3341 atque
1558 3246 1663 3319 etiam
1681 3255 1792 3322 retar-

175 3400 190 3430 ι
210 3369 364 3444 daretur.
389 3371 554 3445 Constitit
571 3380 689 3445 tamen
707 3374 810 3446 militi
836 3381 955 3446 nostro
974 3374 1146 3446 maximus
1168 3374 1274 3446 etiam
1291 3373 1328 3444 in
1345 3371 1575 3445 incommodis
1600 3371 1791 3467 singularis

175 3523 190 3554 u
209 3496 403 3567 animorum
421 3495 468 3567 ad
494 3495 614 3568 omnia
634 3496 799 3571 obeunda
821 3498 1077 3593 tolerandaque
1094 3498 1202 3570 ardor
1225 3497 1288 3582 sic,
1315 3497 1411 3570 utin
1435 3518 1571 3569 summa
1593 3495 1792 3591 pluviarum

176 3621 392 3715 «iniquitate
422 3621 664 3718 altissimoque
683 3622 758 3695 luto
781 3623 870 3695 nihil
883 3623 1218 3719 praetermitterent,
1235 3621 1329 3716 quod
1346 3620 1394 3692 ad
1415 3620 1689 3716 oppugnandum
1711 3645 1789 3717 per-

175 3746 320 3819 «tinere
338 3753 478 3840 posset;
506 3746 666 3820 hostibus
692 3755 839 3820 conatus
875 3771 996 3821 omnes
1027 3755 1167 3820 nostros
1185 3747 1365 3820 acerrimis
1382 3745 1509 3819 animis
1541 3754 1577 3819 et
1592 3745 1791 3819 incredibili

174 3899 189 3932 a
207 3880 462 3976 tormentorum
484 3871 594 3944 vi'ita
607 3873 683 3946 dies
703 3880 893 3967 noctesque
911 3872 1229 3969 propugnantibus,
1244 3880 1345 3945 tanta
1362 3872 1559 3968 pervicacia
1576 3876 1612 3944 et
1628 3871 1788 3944 dammas

174 4023 189 4055 e
208 4019 229 4068 a
246 3997 376 4070 nostris
393 3997 542 4091 injectas
560 3997 859 4091 extinguentibus,
881 4008 916 4070 et
944 3998 1014 4068 vim
1032 4020 1170 4070 omnem
1189 3995 1458 4093 depellentibus,
1475 4003 1514 4066 ut
1531 4018 1569 4069 se
1594 4003 1787 4070 tormento·

174 4145 284 4194 crum
301 4121 520 4218 telorumque
546 4129 746 4195 nostrorum
771 4121 910 4216 injuriis
935 4121 1095 4194 certatim
1114 4120 1292 4207 efferrent,
1312 4128 1348 4194 et
1373 4121 1680 4194 succumbentibus
1709 4120 1788 4196 aliis

174 4276 189 4307 a
207 4245 267 4318 alii
286 4246 470 4320 confertim
495 4244 734 4331 succederent,
760 4247 1056 4342 ostenderentque
1087 4246 1229 4318 Moscos
1263 4245 1398 4338 arcium
1426 4244 1729 4318 defendendarum
1752 4247 1788 4318 vi

173 4379 312 4467 eatque
329 4371 457 4444 ardore
483 4371 621 4444 caeteris
639 4369 799 4443 omnibus
821 4370 984 4466 gentibus
1005 4370 1230 4444 antecellere.
1248 4371 1420 4467 Respexit
1437 4371 1580 4454 tandem
1603 4393 1667 4444 nos
1691 4371 1789 4444 beni·

174 4524 188 4556 ι
206 4497 341 4592 gnitate
367 4495 660 4569 clementissimus
682 4496 791 4580 Deus,
808 4495 1062 4590 concessitque,
1078 4503 1128 4580 ut,
1150 4518 1228 4590 quae
1245 4495 1359 4591 prima
1380 4495 1481 4594 npbis
1503 4495 1611 4592 paulo
1626 4497 1808 4584 serenior

173 4619 282 4694 «dies
303 4621 469 4693 vicesima
495 4642 590 4692 nona
610 4619 754 4715 augusti
779 4620 907 4706 illuxit,
932 4642 974 4692 ea
997 4619 1197 4693 incendium
1223 4619 1379 4694 amilite
1396 4629 1517 4695 nostro
1549 4622 1621 4694 arci
1644 4621 1784 4694 illatum

173 4771 188 4803 e
206 4746 249 4818 sit
274 4767 411 4818 summa
427 4767 506 4817 cum
520 4745 744 4819 contentione
761 4753 866 4842 atque
885 4745 1097 4831 discrimine,
1123 4769 1201 4818 cum
1222 4769 1261 4819 se
1275 4747 1375 4820 miles
1393 4753 1513 4821 noster
1530 4748 1567 4819 in
1585 4747 1699 4820 fossas
1725 4747 1784 4820 de·

173 4897 187 4927 u
206 4871 355 4954 mittere,
376 4875 412 4942 et
433 4869 594 4942 Polotam
620 4869 750 4941 flumen
769 4893 950 4967 superare,
984 4869 1134 4965 denique
1156 4870 1305 4942 arduum
1328 4870 1468 4956 clivum,
1501 4871 1558 4942 cui
1583 4869 1788 4965 impositum

173 5021 188 5051 a
206 4993 353 5065 arduum
380 4993 682 5090 propugnaculum
714 5001 801 5077 erat,
835 4993 965 5079 subire,
990 5001 1025 5066 et
1051 4994 1212 5066 manibus
1246 4995 1428 5067 materiem
1458 4995 1658 5089 ignemque,
1693 4994 1784 5065 inter

174 5145 188 5175 a
208 5117 434 5192 infestissima
459 5118 740 5213 creberrimaque
769 5117 924 5190 hostium
948 5117 1032 5202 tela,
1052 5116 1183 5189 inferre
1201 5141 1347 5191 necesse
1363 5119 1520 5191 haberet.
1543 5118 1645 5197 Quod
1665 5116 1783 5189 incen-
