4896 6650
690 817 798 878 crana
822 819 980 879 rannus
1003 819 1219 895 (reae-iseo).
1717 813 1776 880 107

160 985 252 1079 urbis
284 1007 362 1080 fera
390 1006 538 1092 dimissi,
570 1006 661 1102 legis
687 1006 890 1080 christianae
917 1006 1092 1080 elementa
1121 1004 1250 1112 populo
1288 1005 1520 1098 exponebant.
1556 1007 1702 1078 Duobus
1731 1006 1782 1078 ad
1806 999 1910 1140 23:31„

33 1137 34 1140 ’
159 1141 292 1228 portam
310 1131 428 1226 oppidi
446 1131 490 1202 ad
508 1129 726 1226 frequentem
743 1130 970 1227 plebeculam,
993 1129 1133 1202 scholas
1164 1151 1246 1200 suas
1270 1128 1502 1200 catecheticas
1524 1129 1775 1224 repetentibus,
1803 1165 1956 1234 ,ppugmg

32 1339 33 1346 ἵ
158 1255 324 1338 haeretici,
345 1255 426 1326 hinc
438 1253 659 1332 incursantes
675 1253 784 1337 illinc,
806 1255 986 1328 molestias
1003 1253 1198 1327 atterebant
1215 1278 1222 1324 :
1241 1253 1279 1324 hi
1297 1253 1391 1324 dicta
1411 1254 1633 1326 contumeliae
1659 1255 1776 1350 plena,
1806 1243 1930 1300 hernia.

158 1377 204 1448 illi
229 1376 366 1471 lapides
394 1377 499 1448 etiam
523 1377 721 1472 jactabant.
749 1379 863 1473 AEgre
889 1377 979 1449 alias
1006 1375 1088 1448 tulit
1121 1399 1163 1449 ac
1194 1395 1300 1471 saepe,
1330 1376 1481 1471 denique
1510 1401 1582 1449 nen
1613 1377 1780 1450 sustinuit

157 1499 399 1572 insectantium
417 1522 455 1572 se
473 1499 705 1595 petulantiam
723 1500 918 1596 plebecula.
941 1502 991 1572 Ut
1020 1523 1042 1571 a
1069 1498 1303 1574 nebulonibus
1329 1500 1500 1595 lapidatio
1527 1501 1631 1587 facta,
1661 1501 1778 1576 cenfe-

161 1624 247 1706 stim,
270 1646 339 1727 sue
353 1623 496 1696 dimisse
528 1625 712 1717 magistre,
742 1624 778 1695 in
809 1625 1027 1720 lapidatores
1057 1633 1092 1697 et
1118 1625 1273 1708 domum,
1298 1647 1367 1718 que
1399 1624 1528 1718 petulci
1560 1625 1778 1720 refugerant,

158 1746 245 1818 saxis
263 1755 299 1818 et
326 1747 393 1840 ipsi
421 1747 549 1818 armati
576 1740 748 1820 involant.
781 1746 898 1841 Atque
928 1747 981 1820 illi
1011 1747 1164 1843 quidem,
1198 1754 1236 1818 ut
1265 1747 1318 1818 ira
1347 1747 1482 1818 incensi
1504 1754 1618 1832 erant,
1648 1748 1782 1843 aliquid

157 1878 425 1965 perpetrassent,
446 1869 515 1942 uisi
534 1893 609 1942 suae
627 1870 720 1944 idem
734 1873 867 1946 scholae
886 1875 1058 1968 magister
1070 1875 1231 1945 eratione
1248 1873 1293 1944 ad
1316 1872 1485 1967 impetum
1502 1882 1664 1971 prompta
1692 1899 1774 1948 oon·

31 1985 32 2002 ³
157 1992 313 2064 tinuisset
335 1991 521 2065 violentos.
551 1993 702 2088 Culpant
726 1996 836 2069 nihilo
858 2000 972 2071 minus
1000 2007 1139 2072 nestros
1161 1995 1322 2068 haeretici
1340 2023 1348 2082 ;
1369 1997 1474 2092 idque
1504 1999 1620 2093 ipsum
1637 2021 1778 2074 accusa-

157 2124 245 2190 tores
262 2116 359 2211 apud
371 2117 576 2213 praefectum
594 2118 742 2203 civitati,
771 2143 846 2193 suae
877 2122 1055 2194 heminam
1089 2127 1209 2202 sectae,
1238 2119 1437 2192 trivialibus
1457 2121 1585 2194 nestris
1607 2123 1780 2197 doctrinae

157 2241 372 2334 praeconibus
397 2241 602 2313 christianae
615 2242 701 2314 dant
720 2244 858 2316 crimini
876 2273 885 2331 ;
907 2247 991 2340 quin
1009 2244 1103 2341 apud
1118 2265 1240 2337 regem
1256 2244 1362 2314 etiam
1380 2266 1444 2338 per
1469 2266 1551 2318 sues
1570 2247 1617 2317 ad
1639 2249 1780 2320 comitia

156 2367 288 2461 legates
319 2367 480 2462 querelas
499 2368 632 2440 habent
653 2393 660 2439 :
685 2396 702 2427 a
723 2379 829 2442 orant
848 2371 1056 2464 principem,
1078 2389 1121 2440 ea
1139 2375 1177 2439 ut
1191 2371 1332 2440 nostris·
1356 2372 1534 2464 praeconia
1563 2373 1776 2461 interdicat;

159 2491 294 2563 «aliter
319 2491 414 2563 enim
438 2491 526 2578 fere,
562 2499 599 2564 ut
625 2515 769 2566 suarum
801 2517 938 2590 quoque
968 2491 1120 2566 ministri
1146 2501 1322 2565 sectarum
1341 2492 1478 2588 pulpita
1495 2517 1560 2567 sua
1576 2496 1614 2567 in
1640 2497 1777 2593 plateas

157 2649 172 2680 a
192 2621 355 2716 vicesque
382 2620 546 2706 efferant,
575 2621 812 2717 populumque
841 2622 887 2693 ad
913 2621 1034 2691 turbas
1060 2625 1096 2690 et
1115 2611 1231 2685 caedes
1258 2611 1499 2684 exhortentur.
1533 2647 1549 2677 υ
1584 2614 1666 2686 dam
1684 2625 1779 2688 notae

154 2744 283 2816 affatim
300 2745 450 2840 principi
468 2752 571 2817 erant
584 2747 770 2841 ejusmodi,
789 2753 863 2817 tam
881 2743 1028 2826 crebrae,
1049 2742 1219 2813 adversus
1242 2738 1265 2811 J
1268 2739 1401 2812 esuitas
1419 2741 1600 2812 hominum
1630 2743 1778 2817 istorum
1805 2786 1860 2840 nex
1875 2783 1918 2839 d,

155 2871 300 2955 naeniae;
334 2893 403 2965 que
435 2871 546 2964 igitur
571 2871 792 2944 manifestius
822 2893 888 2943 sua
917 2870 986 2964 ipsi
1017 2873 1257 2961 coarguantur
1287 2888 1407 2952 causa,
1440 2869 1684 2965 philosophari
1714 2895 1775 2946 ees
1805 2863 1899 2922 renus.

148 2991 255 3084 jubet,
288 3015 394 3086 quam
420 3001 516 3066 recte
539 2993 673 3065 scilicet
699 2992 974 3067 concluderent:
1009 3022 1026 3054 a
1054 2990 1213 3064 Jesuitas
1240 2991 1444 3064 catechismi
1470 2993 1610 3065 scholas
1637 2996 1674 3068 in
1691 2995 1777 3069 feris

155 3145 170 3176 κ
189 3117 347 3212 publicas
364 3101 564 3205 instituere,
586 3141 660 3202 seu,
681 3121 774 3212 quod
792 3123 886 3195 idem
899 3120 1003 3204 foret,
1023 3117 1103 3209 lege
1126 3113 1322 3188 christiana
1339 3117 1481 3189 erudire
1499 3118 1661 3213 plebem:
1683 3119 1774 3194 sedi-

147 3249 169 3302 ἀ
188 3244 297 3317 tiosos
315 3245 426 3340 igitur
454 3266 547 3331 esse,
580 3247 797 3342 perniciosos
827 3241 975 3322 civitati.
1002 3261 1045 3311 ac
1070 3245 1258 3334 prepterea
1283 3262 1347 3334 per
1376 3240 1499 3312 turbas
1525 3242 1776 3316 haereticorum

154 3365 366 3461 «lapidibus
394 3368 608 3441 obruendos.
638 3369 856 3442 Praeclarum
881 3368 974 3438 istuc
1006 3385 1092 3436 sane
1121 3371 1367 3436 accusatorum
1397 3387 1476 3439 esse
1510 3375 1769 3460 argumentum.

155 3517 169 3547 κ
188 3491 270 3563 Jam
287 3492 380 3585 quod
394 3494 546 3565 ministri
564 3495 620 3566 sui
632 3495 790 3568 Jesuitas
808 3491 967 3568 aemulari
984 3491 1021 3560 iu
1035 3510 1077 3560 ee
1090 3484 1212 3570 velint,
1228 3486 1474 3581 experirentur
1492 3511 1597 3583 porre
1627 3513 1711 3564 sues
1737 3503 1773 3568 et

154 3643 169 3674 s
189 3617 257 3710 ipsi
274 3618 440 3712 generosi
456 3619 605 3692 animos.
628 3620 743 3704 Certe,
765 3641 803 3692 se
828 3638 948 3690 rerum
968 3612 1210 3710 polonicarum
1231 3633 1328 3706 rege,
1358 3615 1526 3709 quidquid
1548 3633 1671 3690 centra
1693 3620 1773 3694 reli-

153 3745 328 3838 «gienem
360 3746 571 3819 cathehcam
600 3767 748 3840 usquam
773 3745 810 3816 in
836 3761 913 3840 suo
930 3759 1041 3830 regne
1072 3737 1237 3833 deinceps
1267 3742 1494 3826 tentaverint,
1522 3743 1663 3839 impune
1684 3747 1772 3820 nihil

153 3895 168 3925 s
188 3868 328 3940 omnine
345 3867 493 3954 laturos,
519 3905 535 3935 n
556 3868 648 3940 Tum
662 3868 785 3941 Socios
802 3867 839 3936 in
857 3859 1014 3932 consiliis
1033 3863 1091 3956 pie
1108 3869 1280 3963 susceptis
1298 3869 1494 3957 confirmat,
1528 3896 1630 3946 suum
1650 3877 1773 3951 adver-

150 4013 208 4062 sus
246 4015 366 4065 omnes
404 3993 652 4066 haereticorum
695 3989 894 4063 molitiones
924 3987 1129 4080 praesidium
1159 3991 1337 4087 pellicitus
1371 3994 1586 4089 amplissime
1638 4000 1770 4074 Gratiis

145 4117 338 4209 justissime
369 4118 520 4212 principi
550 4118 653 4202 actis,
684 4116 914 4196 possevinus,
948 4113 1118 4208 donisque
1149 4117 1321 4190 Romanis
1350 4140 1373 4189 a
1403 4120 1577 4216 Gregorio
1596 4123 1768 4198 Pontifice

151 4238 289 4325 oblatis,
330 4243 441 4337 regiis
467 4243 624 4315 vicissim
649 4251 794 4315 ornatus
819 4243 907 4334 ipse,
932 4237 979 4308 ad
1010 4239 1159 4332 reliqua,
1184 4262 1263 4332 quae
1283 4249 1460 4336 praeterea
1482 4243 1663 4340 Stephane
1691 4271 1770 4321 cum

149 4367 307 4440 Romane
334 4371 550 4463 Imperatore
575 4379 610 4442 et
637 4369 774 4442 Sueciae
795 4390 881 4462 rege
905 4365 1137 4460 transigenda
1167 4373 1282 4450 erant,
1310 4367 1467 4462 negotia,
1489 4390 1531 4440 ac
1543 4392 1607 4464 per
1620 4371 1769 4446 eandam

148 4491 364 4565 occasionem
382 4491 429 4563 ad
454 4493 675 4564 condendum
701 4491 818 4563 Vilnae
843 4489 1012 4584 impensis
1025 4487 1180 4560 Romani
1205 4487 1388 4561 Pontificis
1414 4489 1449 4587 (1)
1465 4491 1712 4582 Seminarium,
1732 4499 1769 4571 in

147 4636 214 4705 quo
244 4614 290 4685 ad
319 4615 499 4686 variarum
529 4615 717 4687 utilitatem
743 4614 925 4686 nationum
949 4611 1217 4684 instituerentur
1245 4611 1389 4697 alumni,
1415 4613 1533 4688 fausta
1563 4641 1642 4691 cum
1663 4645 1768 4716 prece

147 4756 168 4804 a
186 4758 272 4830 rege
289 4736 490 4808 dimittitur.

195 4858 238 4930 In
255 4859 383 4933 Suecia
409 4857 532 4931 Simon
561 4857 748 4944 Nikovius
769 4857 965 4931 Stanislaus
991 4857 1233 4944 Rahevshius,
1267 4866 1303 4933 et
1331 4859 1498 4933 Albertus
1524 4861 1763 4952 Valdecenus,
1797 4914 1861 4970 1583

147 4985 235 5055 socii
248 4987 458 5069 secerdotes
479 4985 525 5056 ad
542 4981 821 5057 conservandam
850 4982 1192 5078 promerendamque
1217 4983 1355 5076 reginae
1383 4982 1551 5078 pietatem
1574 4994 1765 5082 perattenti

148 5105 329 5180 haerebant
345 5107 472 5180 adhuc.
503 5106 608 5179 Ultra
637 5106 710 5178 suis
728 5107 897 5201 progredi
921 5106 1049 5178 studiis
1073 5127 1146 5178 nen
1169 5105 1294 5192 licuit;
1327 5107 1541 5203 perdurante
1566 5111 1604 5184 in
1621 5135 1698 5201 sua,
1727 5116 1764 5188 in

187 5249 236 5334 (t)
250 5255 358 5315 urnam
374 5258 546 5317 Pessevinua
557 5253 594 5316 ad
606 5257 784 5316 condendum
797 5255 982 5317 Seminarium
997 5257 1079 5317 redit.
