4906 6642
652 793 693 857 34
1019 793 1290 853 LlTUANlCARUhl
1316 792 1527 852 SOGlETATlS
1547 793 1633 854 JESU
1657 791 1910 853 lllSTOllldllUll

483 981 547 1038 1569
655 999 754 1050 sacra
770 974 850 1048 Divi
866 973 1040 1046 Dominici
1057 973 1202 1058 familia,
1222 974 1402 1069 Mendogo
1431 975 1662 1047 Lituanorum
1688 955 1849 1072 principi,
1870 977 1981 1051 sacris
1997 978 2198 1053 christianis
2213 1003 2276 1076 per

446 1110 448 1126 '
481 1061 612 1197 cmiii„
653 1101 837 1174 Albertum
862 1099 1163 1196 archiepiscopum
1181 1099 1375 1194 Rigensem
1400 1098 1552 1183 initiato,
1572 1100 1618 1172 ab
1636 1101 1759 1173 eadem
1777 1101 1960 1196 episcopus
1986 1103 2164 1177 Lituaniae
2179 1112 2275 1201 pote-

482 1241 523 1315 aa
538 1223 628 1315 oralia.
656 1231 747 1299 state
756 1224 906 1298 Romani
916 1223 1098 1296 Pontificis
1116 1222 1493 1320 creatus(1),magister
1504 1225 1604 1296 datus
1622 1231 1677 1296 est
1692 1247 1785 1296 anno
1803 1223 1942 1306 circiter
1961 1227 2276 1301 1155111111-

481 1305 628 1431 iiiiinam
655 1350 805 1446 cynthus
819 1349 981 1432 Pruszcz,
992 1346 1255 1434 Dominicanus,
1268 1371 1386 1421 rerum
1394 1348 1589 1442 patriarum
1600 1348 1763 1442 scriptor,
1778 1348 1936 1422 nominat
1943 1349 2273 1426 Lubszczanslrium.

654 1473 832 1570 Expulsus
861 1479 916 1547 est
943 1473 1090 1545 antistes
1118 1473 1197 1569 pius
1227 1496 1271 1545 ex
1300 1473 1469 1546 Lituania
1496 1474 1679 1546 abeodem
1706 1472 1899 1568 Mendogo,
1914 1475 1992 1569 jam
2008 1474 2163 1584 perfida;
2183 1499 2276 1550 anno

654 1599 780 1673 deinde
800 1598 890 1670 1397
906 1598 1187 1693 archiepiscopus
1200 1597 1370 1692 Rigensis
1387 1598 1547 1670 loannes
1565 1596 1609 1668 de
1626 1596 1741 1669 Zitten
1757 1596 1858 1683 Livo,
1880 1597 2042 1670 Lituanis
2059 1621 2078 1670 a
2095 1600 2276 1674 Bonilacio

652 1723 823 1797 Pontifice
840 1721 1003 1794 Romano
1026 1722 1081 1794 IX
1097 1722 1279 1816 impositus
1296 1721 1522 1818 patriarcha:
1544 1720 1725 1818 apostolas
1742 1721 1850 1816 vulgo
1869 1722 2044 1794 Lituaniae
2061 1724 2174 1796 dictam
2192 1725 2277 1800 Hie·

651 1870 818 1945 ronymus
836 1846 1038 1940 Pragensis,
1057 1869 1101 1919 ex
1120 1845 1251 1918 Ordine
1268 1845 1373 1918 Beati
1390 1845 1593 1930 Romualdi,
1613 1845 1651 1917 in
1669 1845 1913 1918 constituenda
1933 1846 1991 1919 hic
2018 1847 2156 1920 Christo
2173 1847 2279 1923 vinea

653 1977 781 2046 conatu
798 1970 877 2065 pari
893 1970 1079 2042 desudavit
1091 1969 1196 2065 (circa
1211 1992 1343 2042 annum
1359 1969 1477 2065 1430).
1488 1968 1582 2042 Ante
1594 1968 1838 2055 hunc,annum
1851 1969 1991 2042 circiter
2003 1971 2276 2067 1333‚01gerc0

543 2133 545 2139 2
650 2118 780 2191 magno
798 2091 1030 2173 Lituanorum
1055 2094 1155 2180 duce,
1177 2095 1306 2167 Petrus
1333 2092 1536 2176 Gestoldus,
1569 2116 1701 2188 praeses
1724 2093 1884 2165 Podohae
1901 2099 1937 2166 et
1954 2094 2158 2168 Podlachiae
2181 2097 2279 2192 pala·

650 2221 758 2306 tinus,
778 2219 873 2292 viros
897 2243 917 2292 e
942 2219 1074 2292 familia
1103 2219 1206 2292 Beati
1237 2219 1429 2303 Franciaci,
1458 2217 1751 2290 Conventualium
1780 2214 1887 2300 dicta,
1918 2217 2204 2312 religiosissimas
2234 2223 2279 2295 ad

651 2343 868 2418 lustrandam
885 2343 1184 2438 excolendamque
1202 2351 1344 2439 gentem
1359 2342 1581 2416 Lituaniaam
1598 2365 1621 2415 a
1638 2325 1788 2415 Podalia
1804 2341 2002 2416 advocavit.
2019 2345 2068 2417 Hi
2085 2345 2280 2442 malignum

650 2471 744 2544 hunc
761 2493 888 2566 agmm
904 2493 976 2542 non
993 2468 1181 2542 sudoribus
1199 2474 1337 2542 tantum
1356 2465 1523 2563 operarii,
1545 2466 1607 2540 sed
1633 2465 1807 2560 sanguine
1824 2467 1929 2540 etiam
1951 2475 2126 2566 martyres
2152 2471 2279 2568 irriga·

652 2603 747 2668 runt.
768 2595 823 2668 Ex
841 2595 965 2666 eadem
983 2593 1115 2666 Ordine
1139 2615 1240 2665 sacro
1261 2592 1365 2688 primi
1389 2590 1727 2664 suereVilnensium
1745 2591 1924 2688 episcopi:
1943 2591 2108 2670 Andreas
2120 2595 2276 2682 Vasailo,

652 2718 780 2792 nobilis
810 2717 966 2790 Palanus
984 2716 1034 2812 (a),
1063 2722 1099 2790 et
1127 2716 1233 2811 hujus
1259 2717 1298 2787 iu
1323 2715 1528 2789 cathedram
1554 2739 1736 2788 successor
1765 2716 1932 2805 docebas,
1959 2724 2065 2813 gente
2092 2719 2277 2808 Lituanus,

652 2841 833 2917 laboribus
851 2862 944 2914 anno
961 2841 1056 2914 1399
1072 2825 1292 2914 immortuus.
1314 2839 1384 2913 Sed
1402 2840 1447 2912 ab
1464 2838 1521 2912 his
1534 2840 1577 2912 ad
1589 2862 1665 2913 rem
1677 2839 1899 2914 Vilnensium
1915 2841 2062 2914 civicam
2079 2843 2277 2918 redeamus.

444 3035 447 3042 .
540 3007 580 3062 16.
703 2967 940 3061 Frequentem
956 2965 1046 3038 adeo
1065 2965 1240 3039 civitatem
1257 2965 1347 3036 hanc
1365 2963 1556 3059 aliquando
1573 2963 1682 3036 fuisse
1700 2965 1810 3059 ajunt,
1835 2970 1875 3036 ut
1898 2987 1942 3038 ex
1969 2967 2049 3060 ipsa
2069 2969 2115 3040 ad
2140 2977 2283 3042 cantum

477 3090 611 3186 11111111·
655 3091 765 3164 millia
793 3091 963 3174 tironum,
983 3088 1089 3162 armis
1105 3089 1258 3173 utilium,
1277 3089 1351 3184 legi
1376 3088 1479 3167 facile
1509 3095 1666 3184 possent.
1696 3090 1829 3162 Domus
1851 3090 1992 3165 urbicas
2020 3115 2092 3165 nan
2109 3093 2282 3190 ejusmodi

476 3173 629 3306 {iffi-s
655 3217 789 3302 videas,
818 3213 1011 3310 cujusmodi
1041 3221 1167 3309 putant
1197 3213 1353 3308 quidam,
1374 3235 1397 3284 a
1415 3213 1643 3308 scriptoribus
1668 3235 1786 3286 rerum
1812 3217 2023 3288 nostratium
2048 3216 2183 3311 ignaris
2208 3240 2283 3289 non

479 3329 540 3468 {2⁸
567 3329 625 3387 vu·
656 3346 751 3415 recte
768 3340 887 3426 docti,
914 3361 998 3412 nam
1028 3339 1123 3412 aedes
1153 3338 1271 3412 Vilnae
1301 3339 1497 3433 complures
1528 3359 1653 3413 cernas
1672 3362 1692 3411 e
1709 3345 1809 3410 cacto
1831 3339 1962 3434 lapide,
1981 3340 2102 3436 quales
2131 3341 2215 3414 alibi
2246 3343 2285 3414 in

655 3464 801 3576 urbibus
830 3463 985 3560 inclytis,
1013 3462 1182 3559 praealtas
1212 3463 1305 3548 illas,
1333 3461 1536 3534 imbricibus
1559 3468 1681 3545 tectas,
1699 3461 1884 3555 impendiis
1913 3471 2131 3537 constructas
2161 3465 2284 3538 multis

537 3609 576 3662 11.
656 3596 881 3684 ornatasque.
902 3589 1021 3662 Mores
1049 3587 1237 3672 Lituaniae,
1264 3587 1462 3681 agrestibus
1487 3586 1622 3670 rustici,
1645 3586 1828 3682 oppidanis
1848 3587 1961 3674 civici,
1985 3589 2161 3664 nobilibus
2179 3613 2284 3662 com-

481 3691 631 3826 fflmlss'
657 3712 762 3786 modi.
784 3713 933 3815 Fuerint
948 3712 1006 3783 his
1024 3711 1200 3806 quandam
1225 3710 1314 3782 ritus
1332 3710 1439 3782 etiam
1465 3709 1648 3804 ejusmodi,
1669 3711 1863 3805 cujusmodi
1882 3710 1994 3784 Gallis
2011 3713 2116 3785 etiam
2135 3713 2286 3786 Germa-

482 3850 631 3920 Vidatap-
656 3836 780 3930 nisque
797 3835 919 3918 fuisse,
939 3833 1097 3907 meminit
1115 3833 1230 3906 Julius
1247 3833 1368 3906 Caesar
1380 3833 1418 3930 (1)
1433 3859 1441 3920 ;
1470 3833 1582 3906 serius
1608 3834 1670 3906 sed
1682 3834 1757 3930 jam
1775 3843 1946 3908 venerant
1962 3835 2031 3908 huc
2049 3837 2155 3923 Socii,
2176 3861 2287 3931 quam

481 3929 631 4077 {⁰332ss
658 3966 697 4032 ut
713 3958 784 4032 illis
803 3959 912 4044 Italis,
931 3958 1128 4046 Germanis,
1146 3957 1330 4054 Hispania,
1350 3967 1412 4030 aut
1428 3956 1551 4051 Belgis
1571 3963 1677 4043 esset,
1699 3958 1792 4052 quod
1810 3958 2031 4033 incivilitate
2049 3961 2286 4034 Lituanorum

484 4085 630 4142 theorica-
657 4085 831 4180 rebusque
849 4083 1017 4157 nobilium
1041 4106 1117 4179 prae
1142 4083 1299 4178 gentium
1325 4081 1506 4154 munditiis
1524 4081 1674 4170 aliarum
1697 4081 1906 4156 fastidirent.
1929 4083 2020 4163 Quin
2038 4084 2158 4178 plures
2174 4086 2288 4158 etiam

485 4181 620 4296 iiiiii?
657 4209 930 4293 tihinumerem,
950 4210 1106 4304 quicum
1128 4207 1319 4281 Laurentio
1345 4206 1468 4302 Magio
1486 4204 1536 4302 (1),
1565 4205 1751 4291 Sohaemo,
1772 4207 1977 4290 Posseviao,
1996 4208 2169 4282 Lituanas
2191 4210 2287 4282 mul·

656 4333 716 4419 tis,
737 4357 816 4428 quae
844 4339 919 4406 tum
946 4334 1040 4408 inter
1070 4332 1280 4406 cultissimus
1308 4330 1536 4415 haberentur,
1570 4330 1734 4422 gentibus
1765 4329 1998 4416 humanitate,
2034 4332 2283 4422 beneficentia,

657 4455 804 4551 aliisque
833 4457 1010 4546 laudibus,
1043 4458 1276 4532 existimarint
1305 4455 1527 4529 antecellere.
1558 4453 1677 4525 Unum
1704 4453 1762 4526 hic
1780 4476 1799 4526 e
1817 4454 1936 4528 multis
1965 4458 2098 4552 accipe,
2131 4481 2288 4556 eumque

657 4579 798 4666 ltalum,
820 4582 974 4660 Romani
992 4575 1162 4656 rectorem
1190 4580 1352 4676 Collegii,
1372 4580 1578 4674 scriptorem
1594 4580 1632 4650 in
1655 4576 1777 4673 primis
1795 4579 1894 4652 Italis
1908 4581 2061 4655 nobilem
2078 4583 2129 4680 (5),
2149 4584 2288 4657 Danie-

654 4705 726 4778 lem
744 4704 942 4778 Bartolum.
957 4708 998 4777 ln
1014 4705 1088 4778 vita
1103 4705 1164 4778 ille
1186 4705 1289 4778 Beati
1303 4703 1471 4778 Stanislai
1489 4704 1643 4776 Kartha:
1663 4732 1679 4764 u
1700 4703 1889 4788 nobilitati,
1911 4704 2288 4800 inquit,Polonorum,

658 4861 674 4892 a
694 4854 737 4904 ac
754 4832 919 4926 gentibus
936 4833 973 4905 iu
992 4833 1135 4928 Europa
1162 4830 1313 4917 caeteris,
1335 4851 1447 4924 neque
1470 4829 1507 4900 in
1531 4851 1620 4915 rese,
1641 4851 1756 4924 neque
1784 4830 1821 4902 in
1850 4830 2044 4904 rationibus
2059 4833 2191 4928 'agendi
2206 4841 2289 4906 tam

694 4978 735 5058 (l)
757 4979 827 5041 Vide
842 4984 981 5056 superiori
998 4999 1115 5042 numero
1132 4983 1231 5056 primo.
1243 5014 1278 5026 —
1292 4978 1334 5061 (1)
1349 4979 1468 5039 Creatus
1483 4980 1636 5055 episcopus
1651 4979 1837 5052 coactitii,
1856 4986 1939 5040 mort.
1958 4981 2048 5044 1399.
2067 5014 2100 5024 -
2119 4978 2166 5062 (3)
2181 4983 2249 5040 lib.
2270 4985 2285 5042 1

656 5091 723 5158 116,
739 5091 775 5148 de
790 5090 869 5150 Bello
881 5092 996 5170 gallica.
1018 5123 1045 5132 -
1063 5087 1106 5170 11)
1129 5089 1191 5174 Vid.
1209 5091 1346 5163 epistolas
1361 5091 1460 5148 haram
1473 5090 1500 5147 in
1513 5091 1669 5164 appendice
1683 5089 1766 5162 hujus
1781 5089 1856 5150 libri.
1875 5123 1913 5132 -
1935 5085 1978 5169 15)
2001 5089 2111 5167 Scripta
2126 5091 2209 5164 huius
2225 5093 2292 5153 vid.

656 5199 682 5254 in
694 5196 869 5256 Bibliotheca
893 5199 1061 5272 scriptarum
1079 5197 1230 5257 Societatis
1243 5198 1275 5256 P.
1290 5197 1408 5258 Nathan.
1426 5197 1556 5257 Satuelii.
