4936 6658
495 847 506 870 ‚
644 787 706 854 344
1012 793 1289 856 LIIUANIGAIIUM
1312 795 1527 858 sociareris
1547 796 1634 858 lusu
1655 794 1909 856 fllsroalattuu
1939 751 1942 758 ι

471 985 536 1041 1848

471 1141 603 1200 vndslai

471 1223 553 1294 Regis
565 1223 620 1278 obi-

473 1307 518 1358 tus
530 1306 558 1358 et
566 1302 620 1357 elo·

471 1382 554 1452 giam.

541 3059 575 3116 34

479 3140 549 3198 Belli
560 3139 609 3196 Co·

477 3217 555 3274 sotici
565 3221 594 3273 et

478 3295 608 3352 Tamarici

430 3381 432 3390 '
478 3375 567 3430 initia.

484 5027 640 5088 Nesebien·

487 5126 530 5166 sas
546 5107 637 5162 divino

488 5206 516 5246 se
529 5191 638 5244 tuentur

487 5265 619 5340 presidio.

646 976 764 1056 natus,
784 973 890 1047 rebus
904 975 1070 1070 gerendis
1089 985 1124 1050 et
1142 977 1223 1050 vitae
1246 977 1353 1050 finem
1369 978 1451 1051 fecit
1467 977 1614 1052 Merecii
1642 978 1678 1049 in
1707 975 1834 1072 oppido
1848 975 2023 1049 Lituaniaa
2036 975 2129 1050 XIII
2147 977 2273 1052 kalen-

647 1092 711 1166 das
723 1097 828 1191 junii.
853 1098 994 1172 Electus
1008 1125 1070 1174 rex
1093 1103 1204 1188 1632;
1225 1103 1456 1176 diadematea
1478 1103 1628 1197 primate
1637 1100 1901 1196 archiepiscopo
1915 1099 2116 1174 Gnesnensi
2133 1101 2155 1174 J
2158 1124 2273 1174 oanne

646 1219 793 1316 Venzyk
809 1224 879 1297 rite
896 1224 1088 1318 insignitus
1115 1227 1202 1297 VIII
1231 1227 1311 1297 idus
1336 1223 1533 1296 februarias
1558 1225 1643 1296 anni
1661 1223 1821 1318 proxime
1834 1223 2067 1317 insequentis.
2091 1225 2274 1298 Praeclare

645 1342 862 1441 feliciterque
887 1348 1100 1441 gubernavit
1125 1347 1387 1445 rempublicam.
1409 1347 1541 1420 Hostes
1567 1346 1726 1420 Poloniae
1744 1354 1884 1420 coortos
1904 1347 1961 1419 vel
1991 1347 2148 1420 consiliis
2170 1371 2272 1422 coer·

647 1470 730 1554 cuit,
752 1469 809 1543 vel
821 1471 930 1543 armis
948 1471 1095 1544 domuit.
1116 1469 1149 1544 A
1166 1495 1296 1566 magno
1315 1473 1508 1546 Moscoviae
1526 1473 1614 1546 duce
1632 1471 1823 1555 Michaele,
1844 1473 2023 1546 Theodori
2040 1471 2127 1556 filio,
2143 1496 2274 1547 memo·

645 1591 794 1665 rabilem
820 1593 1002 1667 victoriam
1034 1595 1262 1691 victoriaeque
1287 1597 1391 1691 signa
1420 1599 1625 1693 reportavit.
1647 1600 1844 1672 Turcarum
1870 1597 2019 1672 infestos
2045 1600 2221 1676 exercitus
2252 1623 2276 1672 a

645 1715 775 1790 finibus
793 1716 952 1790 Poloniae
970 1718 1118 1814 depulit.
1146 1720 1314 1815 Ereptum
1332 1744 1354 1793 a
1371 1721 1494 1794 Suecis
1511 1725 1735 1817 recuperarit
1753 1723 1946 1796 Prussiam.
1970 1723 2158 1796 Studiosus
2181 1725 2273 1819 Bep-

646 1848 694 1912 tae
727 1841 887 1936 Virginis
918 1843 995 1915 sine
1021 1842 1234 1937 primigenia
1251 1844 1390 1917 macula
1407 1855 1586 1941 conceptae
1605 1843 1731 1929 cultor,
1753 1845 1910 1940 ejusdem
1932 1845 2060 1918 honori
2078 1844 2148 1917 duo
2169 1847 2276 1918 soda-

645 1961 723 2034 litia
739 1963 1060 2036 instituit:alterum
1078 1965 1264 2036 Varsaviae
1280 1966 1317 2035 in
1330 1969 1458 2063 templo
1467 1970 1655 2057 sociorum;
1667 1972 1760 2064 quod
1772 1969 1946 2064 hodieque
1961 1969 2063 2063 regia
2072 1969 2275 2064 Congrega-
2297 1993 2302 2004 ·

646 2093 696 2166 tio
709 2103 931 2190 nuncupatur
941 2094 1022 2190 (vid.
1036 2094 1098 2167 lib.
1108 2095 1326 2191 VII,num.6)
1343 2119 1351 2166 :
1369 2096 1520 2169 alterum
1539 2094 1819 2189 Cracoviaeapud
1833 2093 2091 2165 Francisoanos
2101 2091 2144 2165 de
2154 2091 2276 2166 obser-

646 2219 953 2304 vantia,0rdinem
968 2219 1156 2294 militarem
1171 2222 1328 2315 equitum
1343 2225 1583 2297 Immaculatae
1605 2222 1781 2318 Virginis,
1803 2219 2084 2314 conscriptorum
2101 2220 2275 2294 adversus

645 2345 831 2428 barbaros,
857 2345 1048 2418 Christiani
1068 2345 1220 2418 nominis
1238 2346 1372 2420 hostes.
1394 2348 1511 2445 Hujus
1544 2349 1742 2422 sodalitatis
1762 2345 1984 2440 dignitatem,
2003 2367 2200 2432 numerum,
2221 2346 2275 2418 in·

647 2469 777 2565 signia,
798 2470 971 2554 habitum,
992 2470 1120 2554 officia,
1137 2470 1311 2551 instituta,
1332 2472 1539 2546 auctoritate
1565 2475 1670 2546 etiam
1688 2469 1882 2566 apostolica
1904 2468 2043 2540 Urbani
2069 2469 2158 2540 VIII
2180 2492 2275 2541 anno

652 2595 746 2668 1634
763 2593 983 2680 confirmata,
1001 2593 1187 2690 descripsit
1199 2594 1357 2666 loannes
1376 2594 1578 2690 Fridericus
1597 2596 1636 2669 S.
1653 2597 1688 2669 R
1707 2596 1737 2668 Ι.
1758 2617 1875 2667 comes
1901 2593 1937 2664 in
1955 2592 2083 2664 Koden
2104 2593 2274 2687 Sapiens,

648 2717 864 2792 castellanus
891 2716 1081 2790 Trocensis
1104 2717 1151 2812 (ι).
1178 2717 1374 2812 Collegium
1395 2726 1431 2791 et
1460 2723 1684 2818 gymnasium
1706 2719 1865 2793 condidit
1895 2717 2080 2790 Varsaviae
2107 2719 2277 2791 Patribus

650 2843 905 2916 Galassantinis
936 2839 1137 2914 scholarum
1147 2841 1298 2935 piarum.
1319 2840 1445 2914 Elatus
1462 2841 1559 2916 luctu
1577 2845 1707 2916 civium
1723 2843 1890 2916 maximo.
1911 2839 2078 2934 Sepultus
2095 2841 2279 2914 Cracoviae

647 2989 743 3040 enno
770 2965 863 3041 1649
880 2964 924 3037 ad
941 2964 1114 3038 kalendas
1126 2963 1334 3038 februarias.

698 3092 865 3165 Proxime
881 3099 963 3162 ante
979 3088 1155 3164 Vladislai
1173 3088 1306 3160 obitum
1323 3097 1498 3161 commota
1515 3097 1570 3161 est
1587 3089 1757 3162 adversus
1776 3090 1944 3173 Polonos,
1965 3091 2125 3186 subjecta
2141 3089 2277 3162 dudum

650 3214 729 3288 istis
746 3236 849 3310 gens,
875 3214 1087 3286 Cosacorum
1123 3212 1301 3294 Ucrainia,
1332 3218 1367 3284 et
1391 3213 1551 3308 proxime
1575 3213 1756 3295 Tartaria,
1786 3215 2002 3286 concitatore
2022 3213 2221 3300 seditionis,
2241 3223 2281 3286 et

652 3339 884 3438 perduellium
908 3345 1145 3410 trecentorum
1170 3334 1271 3409 facile
1294 3335 1454 3422 millium,
1476 3358 1555 3408 cum
1572 3337 1694 3408 accitis
1717 3338 1753 3409 in
1773 3339 1978 3412 societatem
1999 3337 2082 3410 belli
2100 3339 2278 3426 Tamaris,

653 3465 741 3538 duce
758 3462 931 3536 Bohdano
950 3460 1218 3534 Chmielnickio.
1230 3460 1389 3555 Objeotae
1406 3463 1566 3534 hostibus
1577 3462 1793 3533 Polonorum
1811 3463 1920 3556 copiae
1933 3487 1941 3546 ;
1955 3462 2093 3556 exiguae
2109 3461 2194 3544 illae,
2214 3462 2282 3533 im-

654 3588 817 3664 manibus
827 3587 1055 3658 barbarorum
1070 3585 1253 3657 inferiores
1262 3585 1392 3670 multo;
1408 3609 1513 3658 caesae
1525 3593 1618 3676 sunt,
1624 3587 1752 3682 partim
1766 3586 1813 3658 ud
1830 3587 2058 3683 oppidum,ab
2072 3587 2171 3681 aquis
2179 3586 2285 3658 flavis

653 3717 799 3794 dictum,
816 3713 944 3809 partim
970 3711 1064 3807 apud
1078 3711 1287 3783 Corsunium
1308 3735 1315 3780 :
1342 3709 1435 3804 capti
1449 3710 1641 3783 Potockius
1659 3719 1694 3784 et
1707 3709 1963 3784 Kalinovskius
1994 3710 2100 3782 duces
2129 3707 2284 3781 Polono-

653 3869 732 3918 rum
741 3840 941 3917 clarissimi.
959 3837 1058 3923 Inde,
1071 3838 1184 3933 ruptis
1202 3838 1304 3931 quasi
1327 3840 1522 3912 decumana
1534 3846 1724 3935 tempestas
1754 3839 1962 3934 aggeribus,
1978 3838 2112 3920 multae,
2138 3835 2283 3920 fatales,

657 3963 1139 4070 perpetuaequecalamitates
1153 3959 1353 4057 provincias
1367 3960 1527 4034 Poloniae
1549 3984 1671 4034 omnes
1684 3961 1916 4033 inundarunt.
1936 3961 2027 4034 Tum
2051 3960 2139 4055 iuga
2154 3959 2289 4033 civium

654 4099 702 4170 ab
712 4093 892 4168 Ucrainiae
905 4086 1115 4172 confinibus,
1132 4092 1167 4158 et
1177 4107 1307 4180 magna
1323 4085 1453 4179 ubique
1472 4087 1674 4183 trepidatio.
1688 4088 1738 4161 Ut
1755 4089 1964 4163 nostratium
1984 4089 2103 4161 omnia
2118 4087 2193 4160 fere
2206 4109 2290 4182 per-

657 4223 718 4295 via
735 4227 817 4294 sunt
834 4223 870 4289 et
887 4214 963 4288 sine
976 4211 1144 4284 custodiis
1158 4209 1297 4304 oppida,
1308 4210 1499 4305 quaerenda
1515 4218 1618 4283 erant
1631 4212 1732 4286 saluti
1750 4227 1786 4285 et
1812 4212 2069 4286 abscondendis
2092 4212 2203 4284 sacris
2221 4212 2293 4282 uti-

659 4370 726 4443 que
733 4342 946 4448 templorum
956 4336 1231 4432 supellectilibus
1245 4335 1324 4408 loca
1337 4337 1690 4412 tutioraNesvisium
1704 4336 1853 4418 urbane
1863 4335 1973 4430 portis
1992 4333 2133 4429 quidem
2143 4333 2283 4418 clausa,

660 4468 847 4544 intervallo
860 4471 978 4537 tamen
996 4461 1102 4534 unius
1113 4459 1234 4555 jugeri
1247 4481 1365 4535 arcem
1378 4463 1484 4537 habet
1496 4461 1721 4547 munitam,in
1739 4461 1831 4534 hanc
1847 4462 2012 4556 princeps
2037 4460 2190 4533 civitatis
2208 4460 2289 4532 Ra·

660 4597 804 4672 divillus
820 4599 958 4690 partem
972 4588 1124 4683 collegii
1142 4587 1293 4681 accepit;
1313 4609 1397 4682 pars
1418 4587 1503 4672 alio,
1525 4611 1593 4682 qua
1609 4590 1693 4661 data
1710 4589 1778 4673 via,
1797 4587 1960 4683 dispersi.
1978 4587 2056 4660 Hac
2073 4593 2291 4683 tempestate

661 4719 1137 4803 nontentaruntNesvisium
1150 4717 1271 4788 hostes
1288 4741 1297 4801 ;
1313 4716 1357 4788 ab
1367 4715 1607 4812 oppugnanda
1618 4717 1703 4789 arce
1712 4717 1800 4788 miro
1811 4739 1879 4810 quo
1893 4716 2132 4810 nescio,quasi
2145 4737 2292 4810 perma-

663 4853 725 4950 gni
736 4852 775 4924 in
787 4847 954 4946 praesidio
972 4842 1125 4939 polonici
1142 4841 1330 4926 exercitus
1351 4839 1551 4937 spectaculo
1570 4819 1762 4914 absterriti.
1780 4840 1930 4913 Factum
1945 4839 1983 4911 id
2000 4841 2159 4914 creditur
2175 4863 2295 4936 ange·

663 4984 731 5058 lico
742 4981 814 5054 divi
823 4975 1009 5053 Michaelis
1018 4971 1301 5070 praesidio,oujus
1309 4967 1430 5041 tutelae
1438 4988 1476 5039 se
1486 4967 1888 5044 Nesvisiensesmaxime
1896 4968 2292 5042 tumcommendabant.

707 5134 749 5217 (1)
763 5135 827 5193 Lib.
838 5129 1044 5190 adnotationes
1059 5125 1202 5184 historica.
1225 5125 1260 5182 de
1285 5123 1407 5200 origiue,
1431 5121 1595 5194 antiquitate
1610 5121 1716 5180 heroici
1745 5137 1778 5180 ac
1791 5121 1970 5180 celeberrimi
1987 5120 2014 5177 tn
2040 5083 2146 5198 ragno
2160 5119 2297 5182 Polouiae

666 5244 781 5306 Ordinis
796 5242 925 5316 Equitum
937 5237 1020 5312 qnitoe
1030 5231 1118 5292 alba.
