4896 6650
629 810 689 878 150
1005 815 1283 879 LlTUANlCAliUM
1306 821 1519 883 sociareris
1540 824 1626 886 lusu
1650 825 1902 886 lllS'fOlilAliUll

455 1005 519 1060 raas
626 999 850 1076 addiscendae
879 1004 1013 1099 linguae
1043 1004 1216 1101 polonicae
1243 1031 1357 1081 causa.
1394 1009 1579 1104 Hospitem
1609 1019 1733 1084 nactus
1768 1013 1991 1099 catholicum,
2012 1021 2048 1088 et
2073 1017 2183 1111 pium,
2215 1027 2250 1092 et

453 1087 587 1216 euuigin·
627 1124 813 1199 Societatis
826 1135 957 1200 nostrae
975 1129 1010 1200 in
1031 1131 1153 1224 primis
1172 1133 1433 1218 observantem,
1452 1134 1610 1229 ejusdem
1624 1136 1769 1210 consilio
1783 1145 1941 1211 nostrum
1959 1139 2149 1235 aliquando
2166 1142 2252 1215 adiit

451 1239 599 1371 ΞῙᾛἭΕ
627 1248 840 1344 Collegium
857 1251 938 1326 inde
954 1253 1112 1325 crebrius
1128 1255 1186 1328 ille
1204 1255 1439 1353 libentiusque
1455 1258 1578 1331 Socios
1586 1260 1715 1346 visere,
1727 1261 1897 1334 modestia
1912 1264 2058 1336 Petrum
2073 1273 2108 1338 et
2119 1266 2251 1361 pietate

451 1333 573 1448 ciprian-
624 1372 780 1444 animum
798 1397 899 1446 suum
928 1377 1171 1451 invitantibus.
1203 1380 1309 1452 Brevi
1327 1382 1535 1478 religionem
1560 1385 1770 1458 catholicam
1800 1388 1980 1460 adamavit
2006 1411 2048 1462 ac
2073 1390 2250 1483 professus

452 1471 502 1526 ὼ·
624 1504 687 1568 est.
711 1497 906 1571 Commovit
924 1502 1081 1594 graviter
1111 1504 1187 1597 ejus
1218 1504 1269 1576 rei
1302 1507 1446 1588 nuntius
1477 1517 1656 1604 parentes,
1678 1510 1772 1582 cives
1803 1510 2036 1598 Lubecanos;
2068 1515 2250 1587 confestim

621 1621 673 1694 illi
691 1623 833 1695 mittunt
850 1626 1021 1720 majorem
1034 1636 1119 1700 natu
1138 1627 1262 1716 filium,
1284 1629 1344 1724 qui
1361 1629 1506 1702 fratrem
1525 1642 1668 1706 revocet
1684 1633 1720 1704 in
1739 1636 1901 1729 patriam.
1924 1637 2078 1711 Tentata
2097 1647 2133 1711 et
2149 1639 2249 1713 blan·

623 1745 718 1819 ditiis
734 1748 866 1821 frustra
887 1759 922 1822 et
940 1751 1044 1824 minis
1076 1753 1205 1826 virtute
1225 1755 1381 1848 juvenis,
1404 1757 1484 1833 dolo
1515 1761 1751 1833 constantiam
1776 1764 2000 1858 aggreditur.
2022 1765 2199 1863 Repente*
2216 1778 2252 1842 et

620 1871 695 1966 ipse
713 1873 924 1946 catholicum
955 1899 994 1948 se
1023 1877 1088 1948 tibi
1111 1877 1227 1972 fingit,
1248 1902 1291 1951 ea
1318 1880 1419 1954 larva
1436 1884 1486 1956 uti
1515 1885 1674 1981 imponat
1698 1885 1826 1970 fratri3
1861 1887 2039 1961 incautum
2067 1891 2196 1987 abripit
2214 1893 2249 1965 in

621 1997 802 2070 Prussiam
822 1999 1120 2094 Regiomontum;
1155 2005 1246 2077 datis
1276 2004 1323 2076 ad
1344 2013 1460 2078 certos
1490 2015 1702 2079 mercatores
1734 2009 1876 2096 litteris,
1910 2011 1969 2105 qui
2001 2014 2184 2108 perfugam
2203 2017 2248 2088 ad

620 2121 787 2216 Papistas
804 2121 1031 2197 demorentur
1059 2126 1207 2212 tamdiu,
1239 2129 1320 2200 dum
1352 2130 1427 2224 ipse
1455 2130 1702 2225 subsequatur.
1726 2131 1857 2218 Sensit,
1884 2135 1977 2228 quod
2003 2145 2093 2220 erat,
2113 2137 2150 2208 in
2172 2139 2249 2232 ipso

616 2244 686 2338 jam
705 2245 832 2317 itinere
843 2247 997 2340 juvenis.
1022 2243 1166 2322 Vilnani
1193 2253 1309 2324 seille
1327 2254 1456 2327 refert:
1478 2277 1556 2327 cum
1575 2277 1656 2329 ecce
1688 2257 1827 2328 obviam
1843 2257 1965 2330 frater.
1989 2257 2114 2332 Multis
2142 2261 2188 2332 ab
2206 2284 2249 2334 eo

619 2367 774 2463 indignis
792 2371 934 2442 habitus
962 2371 1088 2458 modis
1110 2374 1387 2468 Regiomontum
1412 2378 1602 2452 reducitur.
1625 2379 1770 2452 Duriter
1795 2381 1843 2452 ab
1861 2381 2040 2454 haereticis
2059 2391 2245 2468 tractatus,

618 2494 804 2566 occasione
822 2494 972 2592 denique
991 2497 1123 2578 oblata,
1145 2498 1287 2594 elapsus
1307 2507 1373 2586 est,
1404 2526 1445 2575 ac
1464 2504 1729 2598 Brunsbergam
1756 2527 1880 2577 versus
1897 2505 2049 2578 intendit
2066 2507 2133 2580 iter
2150 2507 2248 2602 pedi·

618 2617 694 2690 bus.
718 2619 1005 2714 Respectantem,
1027 2623 1057 2694 si
1084 2624 1143 2717 qui
1162 2647 1201 2696 se
1218 2624 1506 2720 insequerentur,
1535 2626 1681 2710 lassum,
1705 2628 1880 2723 jejunum,
1901 2629 2014 2701 fertur
2032 2631 2150 2704 nescio
2169 2631 2248 2726 quis

619 2741 805 2836 (Angelum
824 2743 967 2816 fuissea
986 2746 1062 2818 Deo
1081 2747 1235 2819 oblatum
1253 2749 1441 2844 creditum)
1454 2751 1500 2824 ad
1519 2752 1671 2848 quietem
1689 2751 1859 2825 invitasse
1877 2778 1884 2824 ι
1901 2775 2064 2827 sermone
2077 2756 2246 2840 animum,

618 2865 712 2938 vires
729 2867 807 2938 cibo
841 2869 1017 2943 refecisse.
1052 2871 1286 2967 Brunsberga
1320 2873 1463 2948 Vilnam
1494 2877 1530 2947 in
1560 2875 1779 2971 pontificium
1809 2875 2032 2950 alumnorum
2051 2877 2248 2974 Collegium

619 2995 827 3081 translatae,
847 3020 918 3069 non
937 2998 1046 3071 multo
1064 3007 1144 3095 post
1161 2998 1363 3086 intervallo,
1384 2999 1533 3096 proditis
1556 2999 1721 3073 sodalitio
1738 3000 1939 3095 insignibus
1970 3002 2113 3097 pietatis
2131 3026 2248 3076 exem·

619 3118 687 3214 plis
704 3127 852 3192 mortem
875 3120 1026 3217 denique
1047 3147 1147 3196 suam
1176 3125 1362 3221 apposuit;
1389 3132 1545 3198 extremo
1568 3125 1650 3196 vitae
1666 3131 1824 3218 tempore
1854 3123 1993 3218 placide
2010 3125 2249 3222 religioseque

619 3244 789 3318 confecto
813 3246 935 3320 Funus
947 3254 1048 3320 tanta
1061 3272 1140 3321 cum
1155 3249 1331 3323 Ordinum
1349 3249 1595 3345 religiosorum
1613 3255 1647 3322 et
1665 3247 1763 3332 cleri,
1783 3254 1858 3320 tum
1876 3271 2060 3344 procerum
2079 3258 2115 3323 et
2128 3252 2247 3346 populi

618 3367 824 3441 celebritate
856 3369 1056 3456 deductum,
1077 3381 1246 3466 quantam
1263 3373 1467 3458 Vilnenses‚
1504 3395 1547 3446 ne
1565 3371 1600 3444 in
1631 3372 1837 3466 Principum
1864 3372 2004 3467 quidem
2037 3396 2246 3467 magnorum

620 3493 779 3586 exequiis
796 3492 911 3565 adhuc
936 3517 974 3566 se
1004 3496 1134 3569 vidisse
1162 3521 1315 3593 unquam
1333 3497 1576 3580 affirmabaut;
1611 3495 1712 3567 multi
1729 3517 1768 3567 se
1786 3495 1938 3591 impulsu
1957 3497 2109 3592 quodam
2128 3499 2246 3571 divino

618 3613 763 3707 aJebant
790 3616 826 3686 in
863 3639 949 3704 eum,
963 3617 1146 3692 funebrem
1180 3629 1310 3693 coetum
1345 3619 1504 3693 coivisse.
1526 3618 1714 3703 Virtutem,
1735 3618 1873 3713 opinor,
1894 3619 1977 3690 boni
2006 3619 2163 3714 juveniti,
2185 3620 2245 3713 qui

533 3741 538 3752 '
619 3735 670 3808 sic
704 3739 843 3811 vocatui
873 3762 938 3812 suo
969 3741 1136 3816 obediens
1170 3745 1295 3817 fuisset
1325 3749 1361 3817 et
1394 3751 1573 3828 constans,
1609 3743 1819 3814 imitandam
1853 3741 1972 3815 multis
2002 3742 2115 3814 voluit
2150 3745 2246 3816 Deus

623 3860 690 3932 hoc
723 3860 816 3934 facto
846 3863 1125 3939 commendasse.

669 3983 816 4056 Claudio
834 3984 1019 4079 Aquaviva
1038 3989 1210 4084 magistro
1225 3989 1412 4064 Societatis
1438 3989 1612 4085 generali,
1634 4011 1727 4063 anno
1759 3991 1853 4064 1587
1871 3991 1994 4063 habita
2013 3992 2138 4064 Romae
2157 3991 2244 4063 Pro·

532 4107 538 4122 '
619 4118 822 4184 curatorum
857 4111 1110 4210 congregatio.
1145 4115 1290 4189 Electus
1317 4115 1359 4187 ad
1385 4115 1478 4186 hanc
1504 4135 1567 4210 per
1596 4121 1806 4186 conventum
1834 4114 2099 4208 provincialem,
2128 4121 2245 4185 actum

617 4236 842 4322 Jaroslaviae,
863 4238 1062 4313 Stauislaus
1076 4227 1362 4315 Varszericlrius.
1384 4237 1558 4310 Maturius
1572 4246 1655 4310 ante
1674 4238 1797 4311 Socios
1815 4238 1962 4333 polonos
1981 4237 2147 4311 Claudius
2166 4260 2245 4308 mo-

620 4362 707 4447 nuit,
729 4383 830 4434 nese
860 4363 1063 4456 reipublicae
1087 4367 1242 4460 negotiis
1255 4363 1328 4438 ullo
1345 4364 1449 4435 modo
1464 4361 1721 4447 immiscerent;
1741 4362 1892 4436 instituti
1911 4361 1965 4436 sui
1983 4385 2155 4436 memores
2169 4368 2243 4434 tum

620 4491 780 4579 semper,¹
792 4491 866 4556 tum
883 4485 951 4557 hoc
969 4487 1119 4560 maxime
1133 4496 1306 4583 tempore,
1325 4508 1394 4581 quo
1413 4485 1447 4554 in
1462 4483 1613 4557 Polouia
1630 4485 1695 4556 sub
1717 4484 1898 4558 electionis
1923 4485 2065 4558 comitia
2078 4485 2241 4568 coetibus

618 4607 935 4681 consultationibus
953 4609 998 4684 de
1026 4611 1129 4706 Rege
1163 4611 1327 4694 creando,
1348 4607 1573 4703 dissidiisque
1598 4607 1704 4702 plena
1734 4618 1852 4681 essent
1869 4609 2012 4681 omnia:
2047 4631 2126 4681 cum
2142 4609 2180 4678 hi
2195 4607 2243 4679 ad

618 4733 745 4806 solium
775 4733 926 4827 regium,
951 4756 1014 4828 per
1044 4742 1191 4807 mortem
1221 4731 1383 4807 Bathorii
1408 4753 1570 4817 vacuum,
1605 4734 1832 4806 eGermania
1863 4732 2090 4827 Rudolphum
2110 4733 2243 4805 Roma-

439 4821 555 4951 Condita
617 4881 742 4930 norum
777 4858 1044 4952 Imperatorem,
1064 4859 1347 4932 Maximilianum
1376 4858 1441 4944 illi,
1461 4859 1520 4930 alii
1552 4859 1718 4932 aSuecia
1747 4859 2009 4953 sigismundum
2042 4858 2240 4931 Finlandiae

437 4973 580 5030 ⁰¹⁰⁰il⁰¹¹¹⁸
618 4979 831 5076 Principem,
852 4982 984 5054 Ducem
999 4981 1178 5055 Ferrariae
1197 4983 1268 5069 alii,
1290 4983 1347 5055 alii
1367 5007 1389 5055 a
1414 4983 1618 5079 proceribus
1643 4983 1699 5055 vel
1716 4983 1846 5057 exteris
1864 4982 1922 5054 vel
1939 4981 2115 5075 indigenis
2133 4979 2236 5064 alios,

439 5051 574 5186 iwrio.
618 5107 820 5179 invitarent.
844 5106 886 5178 In
903 5105 965 5178 illo
989 5107 1187 5180 animorum
1213 5111 1255 5182 ac'
1270 5131 1380 5206 prope
1415 5133 1591 5182 armorum
1619 5107 1782 5182 conflictu
1814 5107 1905 5180 Socii
1935 5129 2063 5180 numen
2083 5107 2239 5178 divinum

438 5209 521 5266 ¹⁰³⁰*
616 5233 737 5307 multis
753 5233 880 5307 hostiis
898 5242 934 5307 et
950 5234 1089 5314 indictis
1113 5259 1177 5330 per
1203 5235 1374 5333 Collegia,
1395 5237 1703 5332 quadragenarum
1731 5235 1836 5308 etiam
1855 5234 2035 5319 horarum,
2064 5235 2239 5330 supplica-
