4930 6634
710 781 819 842 cinna
841 781 1007 844 ocravus
1030 782 1242 858 (isac-mro).
1765 784 1826 850 319

206 967 333 1049 rotam,
354 963 527 1058 singulari
540 963 688 1036 artificio
702 971 913 1038 constructa.
930 965 1046 1036 Multa
1059 987 1103 1038 ex
1115 963 1206 1037 aulis
1231 964 1428 1060 principum
1440 965 1533 1038 ultro
1551 966 1596 1039 ad
1614 966 1690 1062 ejus
1708 964 1822 1061 splen·
1853 972 1919 1034 1611

205 1087 327 1161 dorem
345 1089 414 1163 diei
433 1091 563 1165 oblata.
584 1091 862 1187 vesperascente
878 1088 979 1175 coelo,
1000 1088 1121 1183 ignitis
1139 1086 1390 1184 pyramidibus,
1411 1110 1674 1182 quoquoversus
1703 1089 1823 1185 dispo·

205 1213 293 1297 sitis,
309 1215 501 1290 missilibus
515 1240 535 1289 e
549 1239 684 1290 summa
701 1217 790 1289 turri
805 1213 1103 1313 pyrobolariorum
1119 1211 1268 1284 artificio
1283 1211 1424 1305 ignibus
1443 1191 1660 1287 collucebant
1677 1215 1712 1286 in
1731 1214 1820 1286 mul-

203 1341 276 1407 tam
293 1344 433 1412 noctem
459 1340 590 1424 omnia,
611 1348 646 1412 et
671 1340 937 1436 complaudente
954 1347 1059 1434 atque
1077 1339 1294 1412 acclamante
1316 1343 1459 1436 populo,
1489 1352 1636 1416 canente
1654 1367 1677 1416 a
1706 1339 1823 1418 choris‘

204 1459 363 1554 pluribus
390 1463 538 1550 musica,
571 1465 821 1560 personabant.
843 1465 865 1536 J
869 1464 1044 1536 ucundum
1068 1473 1142 1536 tum
1160 1487 1297 1560 quoque
1313 1466 1379 1538 fuit
1404 1468 1585 1541 benevolis
1601 1471 1818 1564 proceribus,

203 1595 365 1683 spectare
395 1591 628 1687 frequentiam
660 1592 895 1664 ornatissimae
917 1591 1115 1688 juventutis
1141 1588 1373 1673 scholasticae,
1416 1591 1452 1662 in
1469 1591 1591 1685 primis
1616 1592 1819 1679 Doctorum,

201 1737 265 1808 pro
283 1717 457 1790 varietate
474 1719 602 1791 artium
621 1717 819 1792 liberalium
844 1727 879 1792 et
909 1717 1083 1812 graduum
1107 1715 1312 1808 magisterii,
1331 1714 1541 1790 versicolore
1558 1716 1681 1789 habitu
1698 1725 1734 1789 et
1751 1718 1824 1791 suis

199 1838 443 1914 distinctorum
461 1843 675 1938 insignibus,
701 1845 809 1938 longo
825 1841 1089 1938 procedentium
1108 1840 1229 1912 ordine
1252 1864 1259 1909 :
1280 1848 1354 1910 tum
1367 1863 1472 1914 aures
1497 1865 1590 1914 nnnc
1603 1841 1688 1916 dare
1705 1845 1822 1918 choris

197 1965 400 2038 canentium
419 1966 580 2051 alternis,
596 1967 702 2039 modo
719 1967 906 2062 praeconiis
923 1974 1102 2038 oratorum
1122 1973 1157 2037 et
1174 1973 1369 2061 poetarum,
1385 1969 1511 2040 Divam
1528 1969 1817 2044 collaudantium.

194 2085 462 2182 Approbatione
481 2092 663 2186 praecipua
678 2091 831 2164 omnium
849 2099 995 2186 excepta
1008 2089 1137 2185 duplex
1154 2113 1197 2162 ex
1212 2089 1383 2162 cathedra
1400 2091 1579 2187 intemplo
1598 2093 1641 2165 de
1659 2093 1819 2170 laudibus

195 2214 319 2289 Beatae
348 2217 509 2314 Virginis
531 2222 642 2292 oratio
664 2245 672 2292 :
693 2219 807 2293 altera
829 2239 989 2292 sermone
1006 2215 1195 2288 vernaculo
1216 2215 1309 2287 diota
1336 2215 1381 2286 ad
1411 2215 1577 2310 populum
1596 2241 1618 2288 a
1650 2221 1819 2314 magistro

194 2339 448 2437 philosophiae,
469 2350 572 2439 patre
587 2343 876 2427 Ciecierzavshio,
910 2340 1023 2412 altera
1047 2339 1159 2410 latino
1177 2339 1222 2410 ad
1251 2338 1472 2411 academicos
1489 2341 1720 2436 aprofessore
1750 2345 1819 2418 elo-

193 2466 348 2560 quentiae
376 2467 592 2550 academico,
622 2469 664 2541 P.
694 2467 841 2541 Alberto
864 2465 1081 2548 Koialovicz,
1114 2463 1249 2558 habita.
1284 2462 1429 2558 Operati
1460 2465 1569 2538 sacris
1600 2465 1814 2544 Antistites:

193 2609 348 2673 summo,
370 2589 575 2665 Alexander
591 2591 837 2676 Chodhievicz,
870 2588 1028 2661 Livoniae
1053 2587 1111 2658 hic
1132 2586 1238 2681 paulo
1257 2595 1336 2680 post
1350 2586 1543 2683 episcopus.
1561 2590 1707 2684 Templo
1727 2592 1817 2666 Aca·

192 2711 328 2788 demico
362 2715 530 2811 adjuncta
562 2741 673 2811 nuper
699 2716 869 2799 accessio,
899 2712 1066 2786 sacellum
1106 2710 1259 2782 sodalitii
1287 2710 1451 2796 Mariani,
1493 2712 1605 2785 Beato
1639 2715 1816 2791 Stanislao
1910 2743 1942 2798 25

192 2837 333 2912 Kostka
350 2839 516 2927 dicatum,
533 2848 763 2935 umatumque
788 2837 983 2933 splendide,
1003 2837 1072 2907 huc
1086 2833 1187 2907 illata
1205 2858 1248 2908 ex
1279 2834 1479 2907 academico
1499 2836 1599 2910 Divae
1613 2837 1814 2917 Catharinae
1843 2818 1939 2955 {iffi
1950 2840 1991 2956 ζ’

189 2961 369 3058 triumpho
387 2963 515 3036 vexilla
532 2965 696 3061 quinque,
717 2963 843 3048 serica,
863 2983 950 3034 auro
968 2961 1155 3055 picturata,
1177 2958 1286 3030 variis
1301 2958 1463 3032 distincta
1474 2961 1655 3056 symbolis,
1671 2973 1718 3050 et,
1751 2989 1814 3041 suo
1843 2977 1969 3036 811111

189 3086 291 3180 quasi
304 3087 341 3158 in
357 3089 525 3183 praetorio
539 3087 767 3182 triumphalia
780 3087 897 3182 signa,
915 3083 1044 3156 ibidem
1057 3083 1184 3157 defixa.
1840 3057 1971 3194 ἔξω·

239 3209 339 3291 Erat,
360 3211 454 3305 quod
470 3212 710 3286 Smolenscani
730 3234 867 3306 quoque
885 3208 1033 3303 collegii
1046 3205 1312 3302 graturalentur
1326 3206 1418 3278 inter
1431 3231 1470 3280 so
1484 3207 1589 3293 Socii,
1602 3210 1639 3281 in
1656 3211 1810 3285 adventu

185 3333 420 3431 ingressuque
437 3337 474 3409 in
491 3338 613 3410 urbem
639 3361 717 3410 cum
744 3341 915 3431 potestate
932 3333 1123 3428 pontificia,
1142 3332 1225 3404 novi
1241 3332 1387 3426 ejusque
1406 3333 1508 3427 primi
1525 3335 1562 3406 in
1582 3336 1653 3409 ista
1670 3336 1812 3411 dioecesi

144 3515 149 3524 .
185 3459 356 3555 episcopi,
370 3460 468 3534 Petri
494 3461 729 3534 Parczevshii.
744 3460 826 3532 Jam
839 3482 932 3531 anno
945 3458 1039 3531 1613
1053 3457 1302 3551 sigismundus
1317 3457 1369 3528 111
1385 3458 1708 3534 Smolenscisedem
1722 3463 1811 3558 epis·
1839 3487 1955 3544 smann-

185 3605 276 3677 copo
301 3583 525 3670 ihndaverat,
559 3585 752 3680 assignatis
788 3584 893 3657 certis
927 3580 1147 3654 sacerdotiis.
1185 3579 1257 3654 Sed
1289 3582 1447 3654 executio
1474 3583 1637 3669 instituti,
1668 3596 1812 3683 propter
1838 3568 1968 3710 {⁰23¹stssss

183 3715 383 3802 temporum
403 3709 440 3780 in
466 3709 534 3781 hac
550 3708 732 3804 provincia
749 3729 936 3802 rerumque
953 3705 1214 3778 vicissitudines
1232 3705 1388 3778 civilium
1417 3708 1532 3780 adhuc
1553 3709 1704 3804 prolata.
1725 3711 1810 3784 Vla·
1838 3721 1962 3778 111111-

183 3831 301 3904 dislao
319 3831 459 3906 demum
477 3833 760 3907 commendatum
785 3833 892 3906 sibia
917 3837 1063 3925 parente
1090 3852 1155 3901 suo
1175 3829 1357 3923 negotium
1376 3841 1621 3926 persequente,
1643 3836 1811 3928 probante
1837 3795 1984 3948 sssffijm

183 3956 371 4029 consihum
383 3958 551 4031 antistitis
562 3980 693 4054 magno
708 3959 803 4031 cives
817 3963 991 4030 conventu
1005 3953 1200 4047 laetitiaque
1214 3953 1449 4026 celebrarunt.
1467 3954 1679 4030 Gaudebant
1687 3958 1807 4031 111111-
1835 3955 1954 4047 diensis

182 4077 245 4151 lici
257 4079 325 4153 hoc
340 4088 443 4176 pacto
460 4081 669 4176 religionem
682 4085 795 4166 suani,
816 4080 887 4152 aris
904 4101 1017 4173 nuper
1031 4078 1104 4150 suis
1123 4077 1333 4161 restitutam,
1346 4077 1545 4150 confirmari
1560 4107 1568 4166 ;
1586 4083 1810 4175 quamobrem
1836 4050 1935 4182 qqqco

182 4201 303 4274 studia
329 4225 408 4286 sua,
440 4204 713 4300 triumphalibus
740 4205 845 4277 etiam
871 4202 1032 4276 excitatis
1054 4200 1220 4282 arcubus,
1242 4207 1438 4295 ornatuque
1464 4203 1637 4298 exquisito
1662 4206 1810 4300 professi

181 4333 279 4398 sunt.
315 4326 407 4400 Ante
425 4327 513 4400 alios
527 4335 630 4423 grato
649 4336 794 4422 accepta
809 4327 927 4399 animo
945 4323 1093 4418 Collegii
1115 4323 1227 4396 nostri
1248 4323 1375 4396 officia.
1388 4325 1472 4396 Seni
1487 4334 1589 4398 erant
1611 4326 1647 4397 in
1666 4351 1729 4400 suo
1748 4329 1808 4402 illo
1828 4317 1831 4332 ¹

179 4472 292 4524 censu
309 4450 415 4536 Socii,
431 4452 496 4524 hos
514 4459 621 4546 atquo
636 4452 839 4524 universam
857 4449 879 4521 J
882 4472 943 4522 esu
969 4447 1182 4521 Societatem
1199 4448 1343 4521 antistes
1358 4449 1475 4521 multis
1493 4450 1657 4524 laudibus
1675 4453 1809 4526 civitati

179 4597 261 4648 suae
288 4577 560 4663 commendavit;
595 4580 631 4651 id
657 4585 787 4673 praeter
808 4577 877 4648 alia
907 4574 1037 4668 saepius
1055 4572 1297 4646 confirmans:
1327 4602 1343 4633 κ
1369 4574 1537 4670 quidquid
1561 4577 1643 4651 boni
1661 4587 1753 4654 esset
1771 4581 1808 4654 in
1833 4585 1970 4686 commm-

160 4728 203 4760 ··
230 4722 282 4784 se,
298 4707 410 4774 totum
424 4702 605 4789 Societati,
626 4702 819 4776 carissimae
838 4700 1017 4793 magistrae
1035 4721 1122 4782 suae,
1144 4719 1182 4769 se
1200 4697 1333 4770 referre
1355 4708 1546 4793 acceptum.
1576 4703 1693 4800 Hujus
1709 4704 1805 4779 labo·
1832 4667 1981 4803 {223¹sp

183 4851 201 4884 a
230 4847 290 4898 res
306 4848 410 4918 quam
425 4827 531 4901 utiles
547 4834 666 4902 essent
677 4826 791 4898 ubivis
801 4821 1186 4919 gentium‚cognovisse
1200 4844 1238 4894 se
1252 4821 1378 4896 clarius
1387 4824 1483 4911 olim,
1497 4850 1574 4898 curn
1584 4828 1709 4902 Romae
1723 4852 1808 4926 age-

181 4975 201 5007 *
233 4955 300 5030 ret,
312 4948 472 5023 curiosus
482 4944 1127 5039 rerumecclesiasticaruminquisitor.
1145 4945 1296 5018 »Parem
1309 4969 1395 5040 erga
1404 4948 1808 5044 collegiumbenevolen-

177 5069 270 5144 tiam
290 5071 432 5158 habuit,
452 5074 739 5169 archiepiscopus
757 5069 930 5155 Persidis,
951 5091 994 5140 ex
1026 5065 1158 5141 Ordine
1184 5069 1429 5154 Dominioano,
1445 5071 1680 5167 Augustinus,
1700 5085 1807 5171 gente

177 5195 372 5280 Armenm,
392 5196 439 5268 ad
468 5197 689 5274 Vladislanm
713 5193 872 5269 Poloniae
887 5214 1006 5286 regem
1032 5190 1197 5287 legatus;
1223 5191 1259 5263 in
1278 5193 1391 5268 reditu
1411 5193 1470 5268 ille
1488 5219 1552 5269 suo
1565 5220 1651 5270 usus
1668 5207 1804 5272 nostro·
