4948 6654
644 809 706 875 234
1022 813 1300 874 urruuuiouubu
1323 813 1536 876 soclururls
1557 816 1643 879 issu
1667 817 1920 877 lllSTOllldllUll

396 1083 398 1092 ‚
476 1001 541 1059 1⁶12
647 1002 815 1098 inclytam
832 1001 1021 1086 benefieiis,
1043 1001 1169 1074 obtulit
1194 1001 1451 1075 munusculum.
1473 1003 1768 1077 Animadversum
1798 1011 1864 1090 est,
1894 1007 1999 1078 simul
2024 1008 2136 1082 facem
2173 1033 2276 1084 suam

476 1095 550 1226 ἓξὲξ
576 1105 624 1222 ⁸32⁰
650 1126 745 1219 igne,
780 1124 883 1196 simul
921 1127 1066 1197 Petrum
1103 1124 1274 1197 febricula
1305 1135 1547 1221 consumptum
1579 1151 1670 1212 esse,
1699 1128 1732 1198 V
1761 1128 1933 1202 kalendas
1965 1131 2140 1214 octobres,
2176 1155 2271 1204 anno

475 1265 519 1382 gp
534 1263 625 1380 affin
650 1249 765 1322 aetatis
789 1249 888 1356 Tim,
909 1248 990 1321 vitae
1014 1249 1050 1320 in
1077 1249 1252 1322 Societate
1282 1257 1472 1322 transactae
1493 1250 1567 1323 44*ο
1584 1251 1631 1346 (1).
1661 1251 1788 1324 Elatus
1819 1275 1947 1348 magno
1975 1255 2117 1338 civium,
2147 1255 2275 1328 acade-

476 1409 570 1465 mq„
650 1372 831 1456 micorum,
866 1395 1051 1467 procerum
1085 1378 1120 1445 et
1153 1372 1401 1467 religiosorum
1437 1374 1607 1447 Ordinum
1644 1398 1816 1448 concursu
1859 1377 1904 1449 ad
1939 1378 2057 1452 funus.
2095 1379 2275 1452 Certatum

649 1499 740 1571 inter
765 1497 940 1593 principes
966 1498 1074 1581 viros,
1104 1499 1163 1593 qui
1193 1499 1359 1572 feretrum
1398 1497 1556 1571 subirent
1594 1502 1709 1596 primi.
1740 1503 1869 1578 Merita
1905 1505 2080 1578 demortui
2113 1507 2273 1580 oratione

647 1623 827 1696 luculenta
843 1622 1032 1695 celebravit
1052 1624 1204 1719 inclytus
1224 1647 1244 1697 e
1270 1646 1372 1696 sacra
1403 1609 1668 1699 divi'Dominici
1689 1628 1825 1702 familia
1851 1631 2077 1704 concionator
2095 1631 2278 1704 Fabianus

650 1747 910 1830 Birkowskius,
939 1748 984 1819 ab
1009 1747 1079 1818 illis
1098 1748 1337 1821 Ecclesiastici
1354 1748 1471 1820 verbis
1488 1771 1591 1823 orsus
1614 1777 1620 1823 :
1641 1758 1980 1838 comessationem
2005 1760 2151 1828 uerbum
2181 1765 2279 1836 illius

649 1877 751 1962 quasi
779 1877 899 1960 facula
928 1875 1086 1944 ardebat.
1117 1873 1297 1946 Orationis
1331 1870 1515 1943 veritatem
1543 1876 1698 1946 secunda
1724 1876 1903 1949 concionis
1935 1878 2210 1954 admurmuratio
2240 1893 2278 1957 et

649 2000 823 2072 universae
845 1999 960 2092 gentis
983 2021 1175 2070 consensus
1206 1995 1490 2091 comprobarunt.
1525 1998 1670 2093 Sepulto
1712 2009 1976 2073 monumentum
2002 2002 2106 2096 jussu
2145 2006 2275 2100 princi·

648 2149 730 2221 pum
762 2123 975 2219 impositum,
1005 2121 1209 2216 effigiesque
1236 2121 1334 2193 Petri
1363 2120 1400 2191 in
1429 2143 1480 2192 aas
1506 2121 1626 2192 incisa.
1663 2123 1765 2196 Cives
1793 2123 2026 2208 Sendomirae,
2060 2126 2156 2219 apud
2187 2152 2277 2222 quos

632 2249 776 2321 Petrus
794 2253 1008 2342 postremum
1034 2251 1111 2316 erat
1133 2245 1370 2327 concionatus
1391 2245 1558 2338 exequias
1577 2269 1746 2318 consursu
1769 2256 1804 2319 et
1830 2256 1998 2342 apparatu
2028 2275 2158 2346 magno
2180 2255 2273 2329 cele·

649 2375 808 2446 brarunt.
838 2374 880 2444 ln
906 2370 977 2455 his,
1013 2368 1164 2441 civitatis
1198 2369 1357 2454 antistes,
1390 2371 1678 2465 religiosissimus
1708 2372 1998 2468 doctissimusque
2028 2376 2096 2460 vir,
2134 2377 2276 2474 Gaspar

650 2503 859 2576 Cichoclrius
894 2507 1112 2595 esuggesto
1146 2499 1288 2594 publica
1326 2490 1486 2570 oratione
1522 2498 1668 2570 Petrum
1711 2498 1936 2570 collaudavit.
1974 2498 2091 2570 Vilnae
2125 2501 2207 2572 item
2240 2501 2281 2573 in

650 2629 782 2724 templo
816 2626 1029 2712 academico,
1065 2626 1177 2721 primo
1211 2627 1293 2697 huic
1333 2623 1525 2696 academiae
1569 2623 1664 2694 illius
1703 2622 1831 2695 rectori
1876 2622 1965 2696 bene
2002 2625 2140 2710 merito,
2182 2648 2275 2720 prae-

541 2809 570 2864 10
656 2743 783 2828 statum
808 2751 950 2848 pietatis
980 2753 1144 2824 officium.

479 2891 579 2946 Brous—
707 2878 1017 2972 Brunsbergenses
1040 2875 1146 2971 paulo
1163 2883 1258 2958 ante,
1275 2897 1339 2947 suo
1361 2883 1396 2945 et
1417 2873 1485 2969 ipsi
1509 2873 1637 2945 rectori
1656 2871 1806 2944 Nicolao
1824 2870 2016 2943 Stadfaldio
2030 2878 2274 2966 parentarunt.

480 2969 577 3103 iffi
657 3004 780 3076 Funus
803 3000 874 3072 illis
903 3007 1002 3072 tanto
1032 2999 1098 3070 suit
1119 2997 1292 3080 acerbius,
1314 3005 1443 3091 quanto
1478 3019 1572 3068 mors
1604 2997 1680 3068 visa
1704 2983 1842 3066 matura
1868 2993 1991 3080 nimis;
2013 2995 2155 3067 uixdum
2185 2997 2281 3067 enim

480 3127 612 3220 suarem.
656 3149 768 3200 annos
785 3126 866 3197 vitae
892 3125 952 3206 42,
973 3147 1017 3194 ex
1047 3122 1102 3194 his
1132 3123 1168 3192 in
1199 3122 1374 3194 Societate
1396 3122 1451 3207 15,
1481 3130 1669 3216 exegerat:
1692 3124 1757 3206 vir,
1779 3124 1877 3218 eujus
1895 3123 2110 3216 exspectatio
2130 3123 2174 3195 ab
2192 3123 2271 3216 ipso

479 3210 629 3340 {imp
655 3250 817 3324 tirocinio
830 3250 896 3322 fuit
908 3269 1048 3341 magna.
1061 3245 1177 3318 Natus
1191 3247 1226 3316 in
1241 3270 1304 3319 ora
1317 3247 1650 3342 Trevirensipatria
1666 3246 1881 3318 Pruniensis
1901 3244 2056 3319 Coloniae
2068 3244 2279 3342 Agrippinae

655 3403 732 3452 oum
751 3359 956 3449 adolescens
975 3379 1188 3456 versaretur,
1209 3372 1443 3444 certissimum
1465 3373 1531 3444 sibi
1557 3372 1722 3466 injectum
1741 3371 1863 3442 mortis
1888 3370 2093 3464 periculum.
2125 3372 2284 3446 Consilio

653 3501 854 3594 nescioquo
873 3523 918 3570 an
945 3520 1042 3582 casu,
1063 3495 1211 3568 articulo
1229 3498 1395 3591 temporis
1414 3519 1496 3581 uno,
1519 3495 1640 3568 decem
1661 3495 1773 3565 hastae
1790 3494 1932 3566 intortae
1945 3493 1984 3565 in
2002 3495 2192 3589 juvenem;
2213 3497 2282 3569 sed

654 3648 775 3700 omnes
789 3625 839 3696 sio
857 3622 1026 3706 cecidere,
1047 3629 1086 3693 ut
1103 3620 1232 3715 aliquae
1246 3628 1402 3715 exceptae
1428 3619 1497 3691 sint
1515 3619 1590 3690 sine
1608 3618 1766 3701 vulnere,
1787 3617 1916 3712 aliquae
1936 3620 1994 3690 vix
2008 3643 2178 3692 summam
2193 3622 2285 3694 outi-

485 3797 602 3852 voeatio-
655 3751 770 3824 culam
787 3745 1066 3844 perstrinxerint.
1088 3744 1313 3816 Conservatae
1341 3743 1392 3814 ita
1410 3743 1534 3815 salutis
1562 3741 1728 3815 beneficio
1758 3743 1928 3815 monitum
1951 3765 1989 3814 se
2020 3765 2042 3815 a
2061 3744 2135 3817 Deo
2154 3747 2281 3832 sensit,

482 3873 630 3966 nra-gratia
657 3884 695 3948 ut
726 3897 764 3948 se
781 3873 814 3944 ei
827 3872 866 3941 in
879 3868 1055 3942 Societate
1074 3868 1220 3939 dicaret.
1236 3864 1353 3961 Atque
1373 3868 1409 3938 id
1424 3869 1498 3962 egit
1520 3876 1662 3970 postera
1680 3869 1798 3940 statim
1816 3868 1904 3941 luce.
1927 3867 2115 3964 Acceptus,
2136 3873 2285 3946 missus-

480 3949 630 4099 ffiitsse'.
658 4025 724 4100 que
743 4001 780 4071 in
797 3997 1013 4094 provinciam
1029 3995 1260 4076 Lituanioanr,
1284 3992 1430 4067 Colonia
1446 3992 1588 4064 Vilnam
1605 4014 1716 4086 usque
1732 3999 1843 4064 totum
1865 3992 1932 4064 iter
1949 3992 2097 4086 pedibus
2119 4017 2289 4069 emensus

481 4111 562 4224 Μ’,
609 4211 615 4225 ι
659 4135 724 4200 est.
746 4121 970 4217 Propositam
997 4119 1065 4191 sibi
1081 4119 1164 4190 vitae
1195 4117 1408 4190 rationema
1433 4116 1595 4188 tirocinio
1626 4116 1739 4189 tenuit
1771 4115 1971 4209 diligenter.
1998 4116 2288 4213 Brunsbergensi

482 4209 632 4347 &imm
663 4248 850 4347 praefectus
868 4242 1038 4336 Collegi0,
1060 4242 1186 4314 misere
1203 4239 1254 4311 illi
1272 4239 1404 4311 morbis
1432 4241 1574 4324 afflicto,
1596 4241 1710 4313 oravit
1734 4240 1859 4324 Deum,
1881 4247 1931 4323 ut,
1953 4240 1982 4312 si
2008 4242 2147 4336 quidem
2164 4241 2293 4337 aliqua

662 4371 769 4445 vellet
785 4366 919 4465 placari
934 4365 1088 4450 victima,
1106 4386 1208 4436 suum
1221 4372 1326 4458 caput
1338 4386 1409 4460 pro·
1420 4364 1569 4459 Collegii
1587 4362 1702 4436 salute
1733 4365 1895 4435 devotum
1912 4363 2073 4436 haberet.
2106 4365 2186 4436 lam
2204 4377 2292 4440 erat

659 4506 735 4570 tota
755 4517 862 4566 unum
876 4488 1169 4563 valetudinarium
1188 4488 1324 4572 domus,
1346 4513 1424 4560 eum
1438 4489 1698 4584 insperantibus
1720 4486 1820 4559 reddi
1844 4486 1962 4558 statim
1989 4487 2086 4559 salus
2104 4486 2185 4560 aliis
2201 4499 2293 4583 post

656 4619 760 4690 alios.
782 4617 863 4711 lpse
893 4622 1011 4686 rector
1036 4611 1167 4684 tentari
1196 4611 1334 4693 morbo,
1355 4612 1488 4708 urgeri,
1509 4612 1658 4706 denique
1684 4613 1845 4706 opprimi.
1868 4612 1980 4684 Grata
1998 4611 2062 4685 fuit
2089 4613 2223 4684 homini
2241 4636 2293 4688 ca

658 4741 851 4815 voluntatis
869 4739 999 4811 divinae
1030 4737 1277 4822 commutatio;
1308 4737 1413 4830 idque
1443 4759 1507 4808 suo
1538 4738 1668 4831 gaudio
1697 4737 1734 4807 in
1763 4735 1879 4808 febrili
1901 4743 1991 4807 aestu
2023 4745 2059 4809 et
2089 4739 2293 4813 acerbitate

658 4866 790 4940 doloris
819 4861 1047 4958 prodebatur.
1082 4860 1283 4933 Jucundum
1314 4861 1379 4933 fuit
1408 4861 1642 4956 praesentibus
1677 4861 1877 4944 observare,
1911 4882 1978 4954 quo
1997 4859 2058 4934 ille
2085 4868 2159 4933 tum
2190 4873 2293 4936 esset

658 4989 795 5072 habitu,
817 4985 1012 5081 quibusque
1029 5007 1068 5057 se
1086 4990 1122 5056 et
1133 4983 1358 5058 condolentes
1371 4983 1484 5057 modis
1497 4983 1687 5070 solaretur;
1708 4983 1855 5054 maxime
1874 5004 1952 5053 cum
1967 4981 2105 5065 febrim,
2127 4982 2292 5059 divinam

699 5141 739 5221 (l)
765 5143 795 5198 Ρ.
814 5139 899 5196 Petro
915 5137 1079 5211 apparuisse
1106 5143 1295 5210 postmortem
1311 5140 1468 5195 limrotioum
1484 5137 1622 5208 quendam
1638 5138 1725 5193 uirum
1743 5137 1935 5207 praenobilem,
1953 5141 2070 5208 proptor
2083 5149 2162 5192 suam
2177 5143 2287 5194 contu·

656 5256 772 5316 maciam
788 5253 958 5324 damnatum,
973 5249 1070 5306 scribit
1083 5247 1208 5306 loannes
1224 5249 1281 5307 Leo
1293 5249 1319 5305 in
1336 5247 1458 5305 Historia
1477 5243 1606 5306 i‘russiae.
1625 5245 1684 5304 bib.
1700 5242 1775 5312 Vlll,
1793 5259 1859 5320 pag.
1875 5243 1946 5302 tor.
