4896 6650
623 769 627 776 ·
722 766 831 828 nunna
855 765 1044 828 sncunnus
1067 729 1279 843 (usur-raso).
1796 759 1837 824 65

206 946 376 1034 attentio,
396 947 517 1022 nescio
539 969 621 1042 quo,
644 947 770 1022 Sociis.
787 946 883 1021 Ante
905 971 1009 1043 quam
1033 945 1210 1020 Antonius
1227 949 1441 1027 excesserat,
1456 940 1659 1038 pestilentia
1675 940 1837 1016 Suetieas
1862 954 1926 1011 15⁷9

205 1072 366 1146 civitates
392 1072 578 1168 occupavit
595 1071 629 1168 (ι)
651 1097 658 1144 :
679 1095 749 1168 qua
770 1071 877 1167 plaga
905 1072 1095 1144 admonere
1119 1071 1304 1144 videbatur
1333 1071 1429 1142 Deus
1457 1069 1644 1153 loannem,
1665 1067 1836 1141 salutaria

207 1196 356 1270 consilia
374 1204 639 1293 aspernantem.
664 1196 851 1270 Araosiam
867 1197 1006 1291 regina,
1033 1195 1071 1268 in
1095 1194 1213 1267 locum
1242 1192 1432 1278 salubrem,
1453 1200 1559 1286 atque
1585 1193 1835 1288 acontagiona

203 1327 393 1407 remotum,
415 1320 619 1396 declinavit.
649 1320 758 1415 Sequi
785 1320 947 1415 reginam
968 1319 1062 1415 jussi
1086 1317 1356 1391 Varsnevickius
1381 1322 1417 1388 et
1438 1315 1670 1412 Vyssockius,
1691 1323 1834 1390 strenue

200 1443 296 1516 aulae
313 1450 349 1517 et
366 1445 553 1540 oppidanis
581 1467 724 1540 operam
750 1452 939 1529 navarunt,
959 1444 982 1515 J
987 1443 1113 1516 ubilaeo
1132 1442 1284 1514 maxime
1309 1441 1346 1512 in
1373 1440 1501 1526 Suecia
1520 1440 1613 1514 inter
1643 1441 1833 1514 catholicos
1861 1503 2007 1558 coenant

199 1568 449 1664 promulgato;
482 1569 583 1663 cujus
613 1589 733 1640 causa.
752 1568 878 1662 regina
908 1568 1097 1661 caeterique
1137 1587 1202 1661 per
1247 1564 1500 1648 confessiones,
1534 1565 1697 1660 aprima
1727 1566 1833 1638 etiam
1861 1579 1938 1636 Socii.

200 1692 355 1785 pueritia
384 1693 647 1766 commissorum
674 1693 835 1776 iteratas,
861 1713 994 1785 perque
1019 1691 1091 1763 alia
1118 1690 1261 1784 pietatis
1290 1689 1405 1764 officia
1428 1689 1614 1783 diligenter
1645 1713 1684 1764 se
1705 1691 1835 1765 divinae

196 1813 396 1888 clementiae
422 1815 732 1900 commendabant
761 1815 853 1886 Tum
876 1823 982 1908 atque
1010 1814 1119 1900 alias,
1136 1814 1221 1886 hinc
1247 1836 1270 1886 a
1299 1815 1360 1910 pia
1389 1812 1516 1908 regina
1545 1819 1670 1897 matre,
1695 1814 1834 1888 illinca

196 1936 464 2024 Varszevickio‚
485 1937 732 2032 sigismundus
751 1937 914 2033 princeps
935 1961 1005 2034 qua
1022 1937 1191 2032 exemplis
1209 1937 1435 2031 quamonitis
1453 1936 1501 2009 ad
1524 1937 1692 2032 pietatem
1708 1939 1838 2012 excita„
1861 1945 2008 2036 Boebes

197 2063 318 2136 batur.
353 2064 434 2140 Rex
462 2064 615 2147 interim,
646 2086 691 2136 ne
726 2061 843 2157 plagis
876 2063 1016 2158 quidem
1043 2061 1170 2134 divinis
1197 2060 1334 2145 melior,
1363 2069 1486 2135 contra
1509 2084 1560 2134 :a
1584 2070 1699 2136 matre
1726 2063 1837 2137 filium
1859 2023 2008 2172 ξὲἒξψξῖ

195 2209 363 2272 avocare,
381 2189 469 2260 ritus
488 2187 736 2261 commendare
750 2187 875 2281 juveni
902 2210 1024 2272 novos,
1045 2185 1093 2258 ad
1115 2186 1199 2257 fana
1221 2187 1481 2258 Lateranorum
1509 2192 1545 2258 et
1563 2188 1749 2262 conciones
1765 2195 1835 2262 tra·
1858 2181 1996 2313 gthmunoi
2105 2205 2108 2213 ·

198 2313 341 2386 ducere.
375 2341 392 2372 a
413 2312 551 2386 Monita
573 2335 617 2386 ea
633 2312 678 2385 de
697 2334 736 2384 re
752 2311 914 2406 princeps
944 2312 1140 2384 obtestatur
1165 2315 1300 2395 natum,
1330 2308 1368 2381 in
1393 2308 1578 2404 religione,
1599 2334 1701 2405 quam
1718 2335 1782 2408 per
1798 2337 1838 2390 se
1858 2271 1886 2312 n
1915 2276 1955 2315 Μ’

202 2437 450 2531 «accepisset,
478 2435 594 2514 fidelis
622 2436 673 2508 uti
703 2443 858 2530 perstet;
886 2458 1001 2530 neque
1030 2457 1068 2508 se
1096 2433 1320 2507 Luteranicae
1347 2434 1558 2529 contagione
1584 2443 1690 2510 sectae
1713 2445 1832 2512 conta-

201 2590 220 2621 α
241 2561 377 2635 minet:
398 2584 443 2634 ne
468 2559 575 2632 ullius
601 2567 770 2654 sequatur
789 2555 959 2654 exempla,
981 2582 1061 2653 quae
1078 2583 1098 2631 a
1114 2559 1302 2654 disciplina
1320 2549 1384 2632 sua
1404 2559 1581 2634 catholica
1597 2562 1827 2636 abhorreant,

200 2719 219 2748 a
241 2688 424 2782 Speraret,
462 2686 563 2759 brevi
590 2686 676 2769 fore,
711 2661 812 2758 utet
847 2684 1067 2758 sanctitatem
1103 2685 1180 2779 ejus
1206 2683 1377 2758 doctrinae
1414 2707 1489 2758 suaa
1525 2687 1621 2760 Deus
1658 2687 1830 2782 praeclaro

198 2843 217 2872 a
238 2812 357 2906 aliquo
389 2811 571 2884 confirmet
599 2809 772 2905 exemplo,
814 2815 851 2882 et
876 2830 976 2882 suam
1004 2807 1222 2901 sigismundi
1255 2808 1489 2882 constantiam
1528 2833 1672 2884 munere
1698 2813 1830 2887 afficiat

197 2965 216 2996 σε
237 2935 468 3030 amplissimo.
509 2970 525 3002 n
559 2934 678 3006 Valuit
714 2931 885 3006 salutaris
902 2930 997 3025 apud
1011 2929 1180 3024 juvenem
1197 2930 1288 3003 bene
1314 2937 1490 3004 moratum
1507 2933 1713 3008 cohortatio.
1733 2937 1832 3032 Ergo

193 3067 311 3154 patre,
337 3080 376 3131 se
412 3067 451 3130 ut
475 3059 522 3131 ad
563 3057 812 3131 Luteranicum
842 3055 962 3126 fanum
991 3060 1209 3146 sequeretur,
1236 3061 1414 3139 monente,
1439 3056 1599 3130 modeste
1628 3057 1832 3134 adolescens

199 3189 434 3282 deprecatur;
470 3187 672 3280 diserteque
697 3185 779 3257 inde
805 3181 991 3257 confirmat
1011 3180 1167 3275 urgenti,
1197 3181 1303 3255 malle
1331 3205 1370 3258 se
1406 3184 1560 3256 omnium
1594 3208 1711 3259 rerum
1739 3208 1830 3259 mor·

199 3310 329 3384 talium
348 3311 526 3406 Jacturam
552 3309 681 3395 iacere,
713 3330 816 3402 quam
847 3307 953 3380 fidem
982 3329 1095 3392 suam,
1130 3306 1311 3380 catholicis
1342 3307 1468 3381 ritibus
1497 3311 1702 3384 obstrictam
1736 3313 1825 3397 Deo,

196 3460 280 3510 cum
297 3434 422 3508 aliems
441 3433 670 3528 religionibus
688 3433 919 3508 commisceri.
934 3433 1080 3506 Exarsit
1095 3433 1147 3504 ira
1166 3433 1188 3504 J
1191 3455 1337 3520 oannes,
1355 3441 1391 3506 et
1415 3434 1505 3530 regii
1530 3435 1658 3509 oblitus
1675 3436 1825 3520 decoris,

196 3562 392 3657 principem
418 3561 529 3657 alapis
558 3561 685 3634 multat
711 3561 969 3656 indignissime.
990 3559 1078 3633 lude
1103 3557 1202 3630 furor
1231 3563 1329 3630 totus
1360 3566 1499 3632 vertere
1526 3559 1563 3631 in
1592 3562 1782 3656 magistros
1806 3586 1827 3636 e

197 3686 377 3759 Societate
406 3685 575 3768 advenas,
595 3686 757 3769 verbera,
787 3685 942 3772 exilium,
963 3684 1077 3756 minas
1089 3683 1230 3778 jactare
1247 3681 1356 3754 diras.
1379 3682 1617 3777 Posteaquam
1645 3685 1827 3760 iracundia

196 3807 385 3892 deferbuit,
405 3808 666 3882 admonendum
690 3816 859 3903 putarunt
888 3831 1011 3903 regem
1041 3805 1135 3880 Socii
1163 3827 1228 3899 per
1254 3805 1450 3877 aulicorum
1467 3805 1673 3902 principem,
1692 3833 1737 3882 ne
1763 3832 1826 3884 rex

197 3930 268 4004 sibi
284 3932 528 4005 innocentibus
546 3931 584 4002 id
612 3931 750 4004 crimini
776 3933 889 4017 daret,
922 3930 1017 4026 quod
1039 3953 1141 4005 suum
1166 3938 1353 4024 paternum
1369 3929 1463 4002 filius
1480 3930 1667 4027 imperium
1683 3934 1825 4006 abnuis-

195 4063 281 4128 set:
307 4083 324 4116 α
342 4077 414 4126 non
440 4077 501 4128 eos
526 4077 565 4126 se
590 4053 660 4126 huc
685 4055 825 4128 venisse
849 4057 1052 4150 magistros,
1073 4053 1133 4149 qui
1156 4033 1273 4138 natos,
1294 4053 1378 4128 fidei
1403 4077 1478 4127 suae
1510 4058 1724 4144 commissos,
1745 4081 1826 4132 con·

198 4209 216 4240 κ
237 4179 426 4252 tumaciam
444 4179 615 4252 adversus
632 4188 798 4273 parentes
816 4180 988 4266 doceant;
1009 4177 1180 4271 quinimo
1199 4199 1237 4248 se
1254 4200 1333 4249 cum
1350 4177 1492 4271 pietatis
1511 4184 1586 4251 tum
1603 4181 1823 4265 reverentiae,

198 4335 217 4366 a
237 4325 343 4398 quam
360 4311 396 4378 et
415 4302 480 4375 filii
496 4303 702 4397 parentibus
732 4311 769 4376 et
792 4303 1008 4399 principibus
1037 4301 1133 4374 cives
1156 4299 1320 4388 debeant,
1341 4301 1504 4374 omnibus
1535 4325 1701 4386 suasores
1730 4327 1822 4381 esse.

198 4455 216 4487 a
236 4427 411 4500 Viderent
442 4432 560 4500 tamen
584 4434 750 4521 parentes
781 4427 849 4521 ipsi
879 4435 914 4500 et
949 4425 1138 4521 principes,
1168 4431 1337 4517 quantum
1369 4424 1436 4496 sibi
1462 4447 1526 4498 sua
1553 4448 1691 4500 sumere
1713 4429 1826 4522 possit

199 4579 216 4612 ι
238 4550 446 4633 auctoritas,
465 4548 503 4621 in
530 4550 655 4643 quibus
682 4549 802 4622 divina
819 4573 877 4623 res
895 4558 931 4624 et
956 4550 1052 4624 salus
1071 4549 1311 4644 subjectorum
1324 4570 1389 4621 sua
1414 4556 1592 4643 ageretur.
1619 4585 1635 4618 κ
1655 4551 1739 4624 Non
1755 4552 1824 4625 ista

193 4695 311 4768 nuper
340 4673 416 4746 Deo
446 4693 577 4766 regem,
597 4695 635 4745 se
653 4680 756 4758 teste,
776 4673 995 4768 promisisse.
1016 4673 1070 4746 Ea
1097 4694 1160 4746 seu
1190 4670 1434 4746 Varszeviclxii
1459 4675 1533 4748 sive
1556 4675 1703 4772 alterius
1729 4678 1822 4752 Socii

194 4797 309 4869 oratio
326 4795 470 4889 infregit
487 4797 642 4869 animum
659 4797 765 4892 'regis
782 4797 1007 4870 concitatum.

243 4921 494 4996 Varszeviclxio
516 4922 732 5016 perdurante
755 4923 792 4994 in
809 4923 960 4995 statione
982 4943 1046 4993 sua
1064 4918 1209 4993 Suetica
1228 4920 1287 5014 qui
1309 4922 1376 4995 sibi
1397 4930 1617 4997 successerat
1638 4923 1819 4999 Vilnensis
1891 4936 1943 5029 Ι36.

195 5045 349 5142 Collegii
370 5055 486 5120 rector
520 5049 542 5120 J
545 5048 675 5120 acobus
705 5046 880 5143 Vujekus‚
905 5044 1055 5121 anatali
1074 5043 1151 5118 solo
1174 5044 1372 5140 Superioris
1395 5046 1555 5121 Potoniae
1572 5047 1686 5122 dictus
1707 5049 1820 5124 Wan-
1847 5015 1964 5085 V¹¹J⁰¹¹¹²⁸

238 5197 282 5272 (l)
295 5197 437 5258 Pestilens
456 5205 566 5273 tempus
580 5201 607 5256 in
625 5197 738 5259 Succia.

1674 5305 1691 5358 9

1861 1418 1985 1476 Catholi·
2103 1481 2110 1496 ι
