4930 6634
657 791 783 858 308,
914 809 919 814 ·
1047 787 1321 850 thUANlChRUM
1344 789 1555 852 SOCIETATIS
1576 795 1665 860 JESU
1687 796 1941 857 lllS'l’OlilhRUbl
2228 811 2240 848 c

487 996 554 1052 lcaa
661 975 842 1050 contendit
858 974 1055 1048 itineribus.
1079 972 1231 1046 Strenue
1255 973 1349 1046 inter
1373 973 1451 1046 haec
1476 999 1540 1070 pro
1565 1000 1631 1050 sua
1647 985 1748 1074 parte
1766 979 1897 1073 agebat
1914 979 1951 1048 in
1977 974 2196 1050 Smolenscia
2214 975 2291 1048 Ra-

661 1099 815 1171 divillus.
838 1100 925 1171 Plus
949 1097 1059 1169 animi
1076 1097 1185 1168 multo
1203 1097 1399 1190 viriumque
1430 1099 1568 1173 addidit
1585 1111 1794 1198 conspectus
1825 1104 1867 1174 ab
1889 1101 2039 1174 adverso
2057 1099 2295 1194 Borysthenis

661 1225 780 1298 littore
797 1223 844 1296 ad
860 1230 1014 1295 montem
1031 1221 1248 1294 Pokrovium
1266 1245 1342 1292 rex.
1370 1222 1459 1293 Tum
1481 1224 1552 1295 dux
1576 1229 1820 1323 exercitusque
1848 1227 2014 1311 alacrior,
2032 1226 2162 1319 impetu
2189 1221 2296 1294 simul

662 1348 697 1418 in
717 1348 855 1418 hostem
869 1346 975 1428 facte,
997 1345 1123 1416 sternit
1145 1355 1399 1440 repugnantes
1422 1337 1571 1442 dissipat
1597 1345 1732 1438 obvios,
1752 1352 1916 1444 viamque
1942 1349 2020 1444 regi
2046 1371 2109 1443 per
2135 1354 2295 1440 stragem

665 1472 895 1544 barbarorum
924 1470 1102 1565 patefacit.
1133 1469 1312 1542 Postridie
1338 1470 1573 1576 dimicationis
1600 1475 1691 1568 ejus,
1721 1483 1910 1569 conspectu
1936 1475 2042 1547 etiam
2069 1496 2132 1544 suo
2159 1470 2296 1544 solatus

665 1603 719 1667 est
744 1595 839 1668 cives
865 1593 1081 1665 Vladislans.
1112 1592 1248 1678 Gratiae
1281 1592 1356 1665 Deo
1383 1602 1473 1666 actae
1500 1597 1537 1667 in
1564 1598 1708 1692 templo,
1731 1598 1844 1670 Sociis
1861 1597 1938 1691 ejus
1956 1596 2105 1690 Collegii
2130 1617 2292 1688 praeeun-

492 1571 638 1629 Gratulan-

492 1659 538 1708 tur
560 1653 640 1706 vieo·
1925 1709 1929 1719 ,

494 1736 560 1790 riam
574 1733 642 1789 Socii
666 1717 773 1802 tibus,
790 1717 923 1812 insigni
940 1724 1015 1789 tum
1033 1716 1302 1811 oppidanorum,
1318 1724 1394 1788 tum
1406 1721 1640 1792 castrensium
1658 1721 1802 1815 pietate.
1820 1719 1935 1813 Regis
1953 1719 2104 1792 subinde
2119 1719 2242 1803 virtus,
2260 1725 2297 1790 et

494 1827 640 1947 {5}me
666 1841 816 1915 lelicitas
835 1841 977 1924 civium,
999 1839 1139 1934 publica
1162 1840 1323 1913 oratione
1342 1864 1403 1934 per
1421 1866 1530 1914 unum
1544 1866 1564 1916 e
1579 1845 1761 1916 Sociorum
1780 1843 1937 1936 Collegio
1961 1843 2151 1916 celebrata.

520 2060 527 2072 ·
559 1975 591 2028 14
717 1966 790 2039 Sub
808 1973 946 2060 tempus
963 1965 1052 2057 regii
1072 1964 1109 2035 in
1126 1963 1326 2036 Lituaniam
1338 1965 1511 2037 adventus
1529 1966 1653 2038 habita
1666 1967 1782 2038 Vilnae
1799 1966 2026 2061 provincialis
2040 1965 2293 2059 Congregatio.

495 2057 644 2212 ἓξὲξ
668 2089 825 2173 Electus,
845 2088 1043 2183 missusque
1070 2089 1234 2172 Romam,
1255 2097 1463 2183 procurator
1482 2092 1524 2162 P.
1551 2091 1709 2164 ioannes
1727 2089 2053 2176 Jamiellrowshius‚
2084 2091 2299 2162 Varsavien·

495 2219 524 2273 P.
536 2217 646 2307 Janiet-
669 2213 718 2286 sis
736 2211 859 2284 domus
878 2212 1101 2306 praepositus.

496 2295 617 2430 mi,
719 2336 949 2410 Nesvisiense
967 2335 1163 2429 Collegium
1182 2357 1302 2407 mense
1312 2323 1416 2429 junio
1434 2336 1515 2408 visit
1532 2359 1666 2430 praeses
1693 2335 1884 2431 provinciae
1908 2335 2079 2409 Nicolaus
2097 2334 2299 2408 Lancicius.
2331 2363 2333 2368 ·

496 2469 626 2524 procum-
669 2461 762 2534 Rem
781 2460 828 2531 ibi
847 2460 971 2531 domus
990 2458 1160 2553 comperit
1182 2469 1323 2530 auctam
1342 2459 1531 2552 insigniter
1552 2484 1559 2530 :
1582 2471 1711 2556 praeter
1728 2462 1800 2534 alia
1819 2460 1955 2534 dnobus
1973 2462 2132 2556 praediis,
2152 2485 2171 2534 a
2188 2463 2301 2556 Sigis-

522 2551 544 2589 r.
561 2598 613 2691 1¹5⁰
668 2585 799 2657 mundo
817 2582 996 2656 Radivillo
1015 2581 1051 2653 S.
1074 2580 1123 2652 R.
1145 2581 1174 2652 l.
1205 2581 1377 2676 principe,
1400 2583 1573 2655 Lituaniae
1592 2583 1757 2668 incisere,
1778 2584 1945 2657 donatis:
1967 2587 2302 2660 medicamentorum

494 2678 628 2812 {mi
670 2709 855 2803 apotheca,
876 2705 1146 2789 valetudinario,
1168 2713 1203 2776 et
1225 2705 1344 2792 horto,
1366 2709 1459 2780 intra
1485 2709 1648 2782 domicilii
1676 2719 1776 2805 septa
1798 2712 1992 2783 instructis,
2018 2713 2138 2784 Pinsci
2162 2735 2303 2807 qnoque

497 2851 581 2929 remp
600 2833 644 2890 do·
669 2834 882 2928 patefactum
900 2831 1023 2926 pietati
1050 2830 1176 2901 civium
1195 2829 1363 2903 sacellum
1376 2834 1553 2927 Jannariis
1572 2835 1677 2930 hujus
1694 2835 1779 2907 anni
1793 2835 1956 2908 kalendis
1978 2861 1985 2906 :
2007 2836 2163 2909 revocati
2181 2837 2226 2908 ad
2243 2859 2301 2908 ec·

496 2920 645 3053 ffissr,
671 2957 815 3030 clesiam
833 2956 1041 3030 cathohcam
1061 2952 1258 3047 complures
1272 2978 1292 3025 a
1305 2957 1494 3028 schismate
1507 2959 1705 3050 graeoaiico
1723 2983 1730 3028 :
1748 2958 1986 3052 qnadraginta
2003 2957 2141 3030 nobiles
2149 2960 2303 3054 juvenes

395 3111 401 3122 ·
496 3078 596 3130 menta.
670 3081 707 3152 in
721 3080 879 3152 scholam
894 3101 914 3151 e
931 3078 1035 3173 pagis
1049 3075 1202 3161 collecti;
1222 3079 1452 3171 pronuntiare
1465 3078 1518 3149 illi
1530 3100 1550 3150 e
1563 3079 1703 3150 theatro
1717 3103 1739 3150 a
1752 3079 1923 3174 magistro
1954 3079 2049 3152 docti
2070 3081 2300 3176 exercitique,

496 3152 647 3286 mit-rna
667 3204 804 3276 duobus
821 3202 967 3297 prolatis
986 3202 1021 3274 in
1036 3225 1177 3275 scenam
1192 3202 1388 3276 dramatis:
1410 3201 1524 3272 altero
1542 3201 1588 3273 ad
1606 3203 1852 3296 cenotaphium
1871 3201 2067 3274 Salvatoris
2087 3203 2226 3274 Domini
2245 3204 2304 3278 die

443 3331 444 3334 ’
496 3309 634 3441 {mn
670 3328 884 3400 Parasceves
902 3351 910 3397 :
931 3325 1020 3398 alias
1046 3325 1090 3399 de
1115 3325 1338 3398 sanctissimo
1366 3325 1597 3398 Eucharistiae
1623 3333 1858 3430 sacramento,
1886 3327 1951 3398 snb
1978 3328 2157 3401 schemate
2180 3329 2297 3424 panis,

667 3463 784 3527 castra
800 3451 1078 3524 Madianitarum
1106 3451 1354 3534 subvertentis,
1383 3450 1510 3534 altero,
1541 3449 1662 3521 divina
1685 3449 1858 3522 beneficia
1874 3450 2127 3544 praedicarunt.
2149 3451 2224 3524 Res
2242 3475 2299 3537 ea,

667 3585 707 3650 ut
723 3601 803 3672 quae
820 3577 855 3648 id
880 3575 949 3648 loci
972 3585 1151 3668 nunquam
1178 3573 1295 3645 adhuc
1320 3575 1409 3659 visa,
1431 3595 1596 3668 magnam
1617 3573 1888 3646 admirationem
1910 3575 1947 3646 in
1967 3574 2098 3669 populo
2117 3575 2297 3648 excitavit.

570 3785 574 3792 .
669 3697 829 3792 Cognitis
860 3697 942 3770 inde
977 3697 1131 3792 planius,
1164 3698 1326 3770 doctrina
1357 3696 1553 3782 Sociorum,
1587 3695 1705 3768 studio
1738 3695 1958 3791 pietatis,et
1983 3698 2171 3780 industria,
2194 3707 2299 3772 orant

667 3822 863 3917 principem
888 3819 996 3905 cives,
1017 3829 1056 3924 nt
1074 3827 1190 3916 coepta
1204 3822 1324 3892 Pinsci
1338 3827 1539 3904 maturaret,
1559 3821 1770 3914 scholasque
1788 3820 1871 3893 liliis
1898 3822 1972 3894 suis
1990 3821 2192 3895 erudiendis
2218 3846 2302 3917 ape·

667 3947 766 4019 riret.
786 3943 905 4018 Vilnae
923 3951 1011 4027 tum,
1030 3943 1066 4016 in
1084 3944 1185 4038 regia
1203 3943 1378 4015 Vladislai
1397 3943 1491 4026 aula,
1511 3942 1681 4016 Albertus
1696 3943 1899 4015 Radivillus
1913 3944 2142 4017 Pinscensem
2163 3945 2302 4039 accepit

668 4081 857 4144 oratorem.
888 4067 1028 4141 Placuit
1047 4067 1142 4139 istud
1166 4068 1348 4162 negotium
1368 4068 1474 4139 etiam
1502 4066 1699 4138 Vladislao.
1724 4066 1897 4162 Apertum
1910 4069 2134 4162 gymnasium
2148 4068 2220 4141 llll
2236 4068 2300 4140 ka·

668 4195 790 4270 lendes
805 4195 978 4268 octobres.
996 4193 1093 4266 Male
1111 4193 1149 4265 id
1164 4193 1289 4264 habuit
1306 4215 1429 4265 osores
1447 4191 1692 4264 Romanorum
1716 4193 1913 4264 Photianos
1929 4193 2140 4266 Pinscenses
2160 4219 2167 4265 :
2189 4181 2306 4266 moliri

670 4322 790 4394 statim
807 4327 842 4393 et
858 4321 926 4416 ipsi
944 4341 1046 4392 suam
1071 4319 1211 4402 artium,
1227 4316 1339 4388 latina
1357 4315 1609 4388 tradendarum
1627 4316 1763 4408 lingua,
1786 4317 1969 4388 tabernam
1988 4344 1996 4402 ;
2025 4341 2153 4412 cogere
2175 4341 2300 4414 puero·

670 4469 748 4518 rum
773 4467 919 4539 gregem
950 4470 957 4516 :
985 4451 1164 4538 praecepta
1189 4441 1432 4536 grammaticae
1462 4463 1508 4516 ex
1537 4438 1769 4512 Emmanuele
1799 4447 1921 4511 nostro
1950 4440 2082 4512 Alvaro
2109 4442 2298 4535 explicare.

673 4570 754 4641 dam
783 4569 837 4640 illi
866 4568 1117 4664 Carthaginem
1143 4567 1210 4639 sibi
1238 4566 1412 4661 quandam
1441 4563 1611 4636 adversus
1637 4564 1820 4635 Romanos
1837 4565 1904 4636 risi
1930 4573 2013 4636 sunt
2040 4565 2158 4639 Pinsci
2182 4567 2303 4639 condi·

674 4695 788 4779 disse;
817 4692 1112 4788 quemadmodum
1138 4690 1234 4786 apud
1260 4713 1342 4762 suos
1371 4688 1517 4783 gloriosi
1539 4687 1792 4781 praedicabant.
1824 4688 1864 4759 ld
1890 4712 1974 4762 vero
2000 4693 2073 4784 pati
2101 4714 2173 4763 uon
2189 4691 2305 4786 potuit

502 4822 610 4881 suern
673 4819 834 4891 conditer
853 4818 1012 4912 Collegh,
1029 4815 1208 4890 studiosus
1228 4814 1359 4910 publici
1373 4813 1454 4885 boni
1467 4810 1725 4906 religiosusque
1739 4813 1916 4909 princeps,
1933 4815 2110 4889 Albertus.
2131 4815 2301 4911 Apertam

502 4903 651 5040 {ppplmm
674 4964 845 5015 concessu
861 4941 972 5024 nullo,
1001 4962 1148 5034 eamque
1173 4938 1307 5011 civitati
1333 4937 1571 5031 pestilentem,
1601 4959 1706 5029 quam
1733 4937 1769 5007 id
1796 4936 1945 5031 primnm
1972 4938 2132 5026 inaudiit,
2165 4939 2304 5012 occludi

668 5067 771 5164 jubet
787 5067 975 5140 scholam:
1003 5064 1121 5158 itaque
1140 5065 1320 5159 Carthago
1339 5062 1401 5134 illa
1423 5059 1573 5133 ridicula
1604 5062 1749 5132 corruit.
1783 5061 1916 5134 Mirum
1947 5075 2024 5137 erat
2053 5066 2300 5160 prudentibus,

672 5199 777 5288 atque
795 5192 885 5265 adeo
907 5189 1096 5263 ridiculum
1112 5187 1288 5290 omnibus
1314 5187 1528 5282 appetivisse
1556 5183 1699 5278 pubHca
1721 5185 1849 5256 artium
1878 5186 2072 5261 difficilium
2095 5191 2304 5286 magisteria
