4906 6642
741 734 851 795 arnna
874 734 1010 795 naturus
1031 736 1242 812 (rear-raro).
1778 729 1816 792 17

194 949 211 979 κ
233 919 361 992 inferre
388 917 506 1001 hceat,
527 919 619 1014 quod
646 917 917 991 existimabatur
934 918 1071 990 deloco
1089 917 1150 988 illo
1169 923 1303 1001 sancto,
1325 917 1419 988 hunc
1437 937 1515 988 esse
1532 914 1685 1010 lapidem
1704 937 1816 1008 angu-
1845 926 1909 982 1568

192 1073 208 1102 ιι
230 1043 353 1130 larem,
371 1042 409 1114 in
427 1051 559 1116 terram
576 1043 779 1126 demissum,
800 1043 859 1137 qui
877 1042 994 1114 divino
1010 1042 1062 1113 illi
1080 1040 1241 1126 aedificio,
1264 1063 1307 1114 ex
1324 1040 1524 1112 hominibus
1542 1038 1816 1135 superstruendo
1841 1053 1970 1146 Primtnae

190 1197 207 1226 «ι
230 1167 413 1250 similibnS,
430 1166 554 1261 praesit
569 1166 719 1239 locatus.
741 1167 788 1238 Et
802 1188 899 1249 vero,
922 1189 1001 1260 quae
1029 1165 1104 1238 Deo
1136 1165 1299 1237 habenda
1330 1171 1384 1237 est
1405 1164 1531 1258 gratia,
1552 1186 1590 1236 re
1614 1162 1706 1235 idem
1732 1185 1814 1235 vera
1839 1131 1969 1266 ff?

190 1319 208 1350 κ
231 1291 475 1364 confirmatum
504 1299 574 1378 est;
602 1271 795 1386 testarique
821 1296 937 1385 potest
962 1290 1102 1384 Europa
1131 1289 1256 1371 omnis,
1284 1287 1456 1383 prodiisse
1481 1311 1525 1361 ex
1553 1311 1594 1360 eo
1616 1287 1813 1383 complures
1837 1286 1965 1381 Nouate·

188 1443 205 1474 κ
223 1415 323 1487 siros
339 1415 462 1500 fortes,
486 1415 660 1510 planeque
679 1413 901 1510 apostolicos.
923 1414 1081 1486 Fuerunt
1098 1413 1192 1486 enim
1209 1412 1292 1485 inde
1310 1435 1354 1485 ex
1379 1411 1472 1484 omni
1497 1417 1615 1506 gente,
1627 1419 1663 1484 et
1679 1417 1815 1483 tantum
1840 1368 1982 1504 {mm

188 1565 206 1596 α
228 1561 354 1612 nonax
366 1539 462 1610 omni
479 1538 661 1633 provincia
672 1539 708 1609 in
726 1561 768 1611 eo
779 1537 955 1611 domicilio
967 1561 1046 1609 cum
1056 1536 1178 1608 novitii
1192 1543 1266 1608 tum
1279 1559 1400 1608 eorum
1414 1535 1576 1628 magistri
1588 1534 1816 1607 sanctimonia
1840 1530 1908 1586 1⁸¹¹ss-

186 1690 205 1722 a
228 1663 430 1757 praecipua;
451 1663 509 1756 qni
528 1661 583 1735 vel
602 1661 785 1757 exemplis,
805 1661 862 1734 vel
879 1659 1050 1733 doctrinis
1069 1661 1187 1745 etiam,
1203 1660 1390 1755 plerasque
1400 1667 1525 1754 gentes
1539 1659 1584 1732 ad
1602 1659 1733 1731 cultum
1751 1657 1817 1730 Dei

186 1814 205 1846 a
231 1793 267 1858 et
285 1786 487 1858 christianae
505 1785 760 1880 philosophiam
777 1784 862 1857 vitae
890 1785 1082 1857 erudirent.
1096 1819 1112 1850 a
1124 1786 1202 1864 Qua
1216 1782 1385 1857 Stanislai
1403 1783 1509 1856 lande
1526 1783 1691 1856 laetamur
1708 1781 1818 1855 enim·
1849 1809 1994 1879 Scriptores

183 1931 289 1992 vero,
309 1907 598 2003 gratulemurque
617 1909 753 1992 Poloni,
777 1917 817 1981 ut
834 1931 912 2003 quae
945 1909 982 1980 in
1012 1910 1127 2003 gentis
1155 1909 1261 1981 ctiam
1294 1915 1427 1979 nostrae
1458 1907 1564 1980 decus
1593 1912 1732 1981 manet:
1754 1907 1821 1978 iste
1846 1889 1995 2026 ἓξὲξ

183 2031 317 2128 qnippe
345 2031 541 2126 angularis,
572 2031 655 2103 felix
685 2033 773 2104 adeo
800 2032 894 2104 beati
924 2033 999 2126 ejus
1029 2032 1207 2116 domicilii,
1238 2032 1281 2103 de
1314 2031 1431 2126 agello
1450 2030 1662 2104 Rostkoviae
1680 2039 1815 2115 nostro,

183 2163 309 2228 noster
325 2161 378 2227 est
395 2154 499 2249 lapis
521 2155 745 2228 Committere
778 2155 835 2228 hic
865 2177 937 2227 non
971 2178 1126 2250 possum,
1160 2156 1245 2250 quin
1276 2155 1319 2227 de
1349 2155 1431 2238 isto,
1454 2154 1606 2226 maximo
1624 2153 1818 2249 provinciae

184 2286 322 2352 nostrae
356 2285 575 2371 ornamento¹
596 2277 714 2372 aliqua
739 2277 876 2360 saltem,
914 2301 1025 2374 eaque
1051 2279 1264 2361 summatim,
1297 2277 1532 2372 perscribam
1561 2301 1641 2372 quae
1671 2277 1822 2350 maxime

184 2409 271 2497 post
288 2401 422 2473 Juhnm
451 2401 594 2473 Facium
611 2412 786 2475 rectorem
815 2403 1040 2487 novitiorum,
1075 2403 1292 2476 Slanislaum
1317 2402 1560 2475 Varsevicinm
1589 2402 1759 2475 Stanislai
1785 2403 1823 2473 in

190 2525 359 2598 tirocinio
395 2526 583 2621 collegam,
612 2535 693 2622 post
723 2527 934 2621 Gregorium
952 2527 987 2622 (ι)
1016 2528 1314 2613 Samboritanum,
1336 2527 1443 2624 hujus
1462 2529 1573 2601 nostri
1591 2528 1824 2601 adolescentis

188 2630 454 2746 paternae'olim
471 2651 566 2722 domi
583 2658 849 2746 praeceptorem,
871 2652 1051 2724 doctorem
1070 2653 1169 2724 illum
1192 2652 1427 2748 philosophiae
1446 2652 1484 2724 in
1501 2653 1682 2726 academia
1700 2653 1825 2726 Cracc-

186 2774 305 2846 viensi
339 2773 585 2858 clarissimum,
623 2783 703 2869 post
735 2774 911 2847 Joannem
946 2777 1140 2848 Polancum
1173 2775 1356 2850 Societatis
1392 2777 1639 2862 secretarium,
1677 2778 1822 2850 Petrum

190 2897 349 2990 Skarga,
370 2896 599 2969 Franciscum
617 2897 839 2981 Sacchinum,
861 2898 1025 2972 Carolum
1042 2900 1297 2986 Musaantium,
1318 2901 1463 2973 Petrum
1484 2901 1526 2972 de
1557 2901 1719 2986 Orleans,
1750 2899 1825 2972 Ste-

188 3020 352 3115 phanum
369 3019 560 3107 Binetium,
581 3021 739 3116 aliosque
770 3022 971 3117 scriptores,
993 3024 1276 3119 elegantissimus
1293 3023 1461 3097 Bartolus
1478 3031 1601 3096 noster
1618 3024 1821 3097 celebravit.

245 3144 363 3217 Natus
383 3144 580 3218 Stanislaua
598 3167 658 3216 an.
688 3143 794 3230 1550,
816 3169 936 3220 mense
963 3147 1137 3220 decembri
1155 3155 1272 3232 eunte,
1294 3149 1503 3221 Rosthoviae
1520 3149 1557 3220 in
1580 3148 1725 3222 dioecesi
1742 3150 1824 3222 Plo·

187 3269 304 3353 censi,
325 3268 529 3365 parentibus
555 3271 578 3341 J
581 3292 694 3342 oanne
725 3277 760 3343 et
792 3271 1006 3366 Margarita,
1025 3273 1063 3344 in
1080 3272 1392 3368 amplissimarum
1410 3280 1648 3368 paternatum
1665 3282 1826 3347 materna

187 3391 342 3478 familia;
376 3400 535 3465 materna
562 3394 701 3488 quidem
727 3394 977 3490 Kryshiorum,
994 3404 1144 3490 patema
1169 3396 1401 3476 Kostkarum,
1423 3396 1542 3468 multis
1568 3403 1717 3492 utraque
1733 3421 1825 3494 prae-

186 3515 300 3588 claris
324 3518 470 3602 meritis,
510 3518 647 3614 opibuS,
680 3520 883 3592 muneribus
910 3520 1071 3615 pubhcis,
1110 3543 1152 3593 ac
1182 3528 1320 3593 tantuin
1347 3543 1418 3592 non
1447 3521 1556 3615 regiis
1578 3522 1682 3616 (quod
1712 3523 1826 3618 ipsum

189 3665 333 3736 quoqne
359 3643 382 3714 J
385 3643 492 3715 oanni
515 3642 970 3728 Kostka,Sandomi1iensi
1002 3645 1173 3740 palatino,
1194 3645 1381 3718 candidato
1410 3646 1456 3718 ad
1482 3669 1632 3741 regnum
1650 3646 1823 3734 Poloniae,

188 3771 229 3836 et
245 3766 408 3838 corrivali
423 3767 591 3862 principis
609 3768 894 3864 Transylvaniaa,
906 3771 1050 3864 paribus
1063 3772 1137 3844 fere
1153 3771 1283 3843 civium
1296 3769 1511 3843 offerebatur
1521 3770 1712 3867 suffragiis)
1722 3795 1825 3846 orna·

188 3891 350 3976 tissima;
372 3899 420 3974 et,
451 3915 530 3987 quae
558 3891 777 3964 Kostkarum
795 3894 974 3988 praecipua
990 3894 1069 3968 laus
1087 3903 1154 3980 est,
1174 3895 1320 3992 antiqua
1338 3894 1520 3990 religionis
1544 3871 1726 3970 cathohcaa
1743 3921 1824 3993 pro·
1849 3923 1982 3991 Amplitu-

188 4017 348 4090 feasione
379 4040 421 4089 ac
445 4017 527 4099 fide,
563 4041 665 4112 quam
696 4018 836 4090 Christo
865 4019 1000 4113 aliquot
1016 4020 1145 4093 abhinc
1163 4020 1303 4092 saeculis
1330 4029 1451 4094 sancte
1470 4021 1657 4116 obligarat,
1685 4031 1825 4096 servata
1848 3997 1996 4131 {ssfflff

189 4139 311 4212 adhuc
324 4138 483 4232 integre;
504 4140 541 4211 in
558 4148 719 4234 utraque,
741 4142 897 4235 inquam,
918 4149 1023 4214 natus
1040 4142 1186 4226 familia,
1208 4144 1347 4239 magnis
1364 4144 1527 4217 laudibus
1541 4147 1821 4220 commendabili.
1846 4159 1931 4226 tagra.

191 4264 427 4359 Splendorem
445 4264 562 4358 gentis
581 4262 809 4337 domesticum
827 4275 960 4361 augent
990 4267 1147 4338 affinium
1177 4268 1351 4362 praeclara
1381 4269 1593 4341 familiarum
1611 4270 1740 4343 decora
1760 4297 1768 4344 ε
1788 4272 1824 4343 in

190 4389 318 4483 primis
338 4387 535 4461 Austriacae
553 4385 678 4460 dom'ns
695 4411 849 4462 caesarea
870 4414 877 4460 :
901 4391 922 4462 J
925 4390 1127 4485 agellonum
1146 4399 1182 4463 et
1199 4391 1464 4465 Sobieshiorum
1482 4394 1636 4488 regiain
1654 4395 1821 4469 Polonia:

192 4511 447 4584 Bathoriorum
478 4518 514 4584 et
544 4511 803 4586 Rakocciorum
826 4513 863 4584 in
899 4515 1085 4609 Hungaria
1118 4522 1153 4587 et
1181 4515 1475 4612 Transylvania:
1507 4539 1718 4612 magnorum
1739 4519 1823 4594 alibi

190 4658 394 4730 procerum,
415 4635 446 4706 si
458 4635 593 4729 patrias
607 4635 709 4708 etiam
730 4637 887 4709 omittam
904 4638 1069 4724 familias,
1091 4639 1273 4733 multiplex
1291 4639 1483 4735 amplitudo
1497 4648 1533 4714 et
1551 4642 1706 4716 claritas,

243 4757 412 4831 Nondum
435 4757 471 4829 in
497 4758 606 4830 vitam
631 4782 720 4854 puer
743 4769 902 4846 venerat,
925 4786 1005 4834 cum
1029 4762 1066 4834 in
1090 4763 1300 4835 Societatem
1313 4765 1388 4858 jam
1406 4764 1586 4837 videretur
1604 4767 1819 4863 adscriptua;
1847 4727 1995 4867 fflpgg

234 4984 278 5061 (l)
296 4985 453 5066 Gregorius
474 4985 655 5067 vigilantius,
678 5003 693 5044 a
717 4988 840 5064 civitate,
861 4989 888 5046 in
915 5005 969 5062 qua
993 4995 1088 5059 natus,
1108 4988 1285 5059 Samborius,
1302 4957 1361 5051 slve
1382 4991 1594 5053 Samhoritanus
1617 4997 1715 5075 vulga,
1732 4997 1773 5057 vir
1795 4999 1822 5056 iu

193 5092 296 5166 primia
308 5083 436 5154 eruditus
459 5099 487 5153 at
502 5095 577 5168 pina.
593 5093 769 5174 Paedagogna
788 5097 907 5154 filiorum
919 5096 1036 5156 loannis
1056 5096 1164 5155 liostka
1185 5099 1305 5169 aulicus,
1321 5101 1374 5158 iter
1388 5115 1534 5160 romanum
1551 5099 1684 5162 stanislai
1698 5105 1823 5164 carmine

193 5199 362 5274 descripsit.
378 5199 442 5260 Vid.
459 5201 534 5260 Petri
548 5201 698 5273 Prusczcr,
713 5202 763 5263 lib.
776 5201 890 5262 Fortem
900 5182 1092 5276 Mduurchow,
1106 5211 1159 5262 art.
1178 5205 1227 5281 25,
1239 5221 1304 5284 pag.
1321 5206 1391 5264 ala.

1677 5316 1694 5368 3
