4930 6634
636 822 746 884 LIBER
766 823 944 886 SEPTIMUS
963 823 1176 900 (tado-tuto).
1690 813 1749 877 271

146 1007 292 1073 nasute
328 1007 443 1084 cavet,
472 1000 607 1074 diutine
638 1003 670 1074 ei
695 1003 747 1075 uti
777 1005 866 1077 bene
891 1004 972 1078 licet
997 1009 1134 1098 partum
1166 1003 1267 1076 bena.
1292 1037 1308 1068 n
1333 999 1491 1096 (Plautus
1523 997 1560 1071 in
1594 995 1841 1092 Ruden.)1oaa

184 1125 281 1199 Duos
292 1127 410 1199 Roma
435 1127 577 1200 nuntios
601 1127 787 1201 Lituauica
804 1131 908 1202 etiam
929 1130 1112 1226 provincia
1135 1127 1271 1224 accepit
1290 1126 1558 1220 optatissimus:
1584 1126 1749 1209 alterum,
1778 1121 1921 1258 sandalia

143 1240 297 1344 Gregorii
326 1250 398 1324 XV
414 1250 593 1324 decretum
612 1275 680 1346 quo
702 1253 902 1326 confirmata
920 1261 973 1326 est
990 1253 1095 1327 Pauli
1113 1253 1147 1324 V
1164 1251 1351 1338 sententia,
1372 1239 1470 1323 'anuo
1491 1249 1689 1335 taratara,
1708 1248 1751 1321 de
1780 1280 1888 1336 roncin-

146 1369 375 1469 toncepuone
388 1376 511 1448 Beatae
524 1375 683 1472 Virginis
697 1377 837 1462 Mariae,
853 1357 1134 1451 immunis'noxla
1147 1376 1347 1450 mortalium
1359 1373 1587 1470 primigenia;
1603 1373 1753 1445 alterum
1779 1359 1929 1492 ffidglffe

145 1491 301 1574 debeata
320 1502 508 1576 Societatis
520 1512 668 1598 parente
686 1504 826 1600 lgnatio
848 1508 884 1575 et
901 1502 995 1574 socio
1010 1524 1087 1585 suo,
1108 1499 1240 1596 inclyto
1250 1497 1430 1570 Indiarum
1448 1497 1620 1592 apostolo,
1643 1497 1753 1570 Fran·
1779 1517 1885 1585 peccato

145 1621 227 1696 sisto
240 1626 413 1711 Xavario‚
433 1627 479 1698 ab
497 1627 619 1700 eodem
634 1627 807 1723 Gregorio
827 1629 1034 1701 Sanctorum
1052 1625 1158 1697 indici
1180 1624 1246 1696 rite
1264 1623 1347 1696 anni
1368 1621 1472 1716 hujus
1489 1621 1540 1692 Vl
1565 1621 1644 1693 idus
1662 1643 1756 1692 mar·
1780 1591 1913 1744 fflffl
1935 1617 1938 1624 ’

144 1747 204 1820 tias
217 1749 417 1846 adscriptis,
438 1773 507 1824 uua
524 1775 602 1824 cnm
628 1753 755 1837 beatis,
776 1751 939 1845 Philippo
948 1750 1075 1846 Narin,
1092 1743 1373 1841 congregationis
1389 1742 1544 1816 Oratorii
1558 1741 1752 1826 conditore,
1819 1834 1826 1846 υ
1843 1757 1857 1810 7

145 1867 273 1947 Isidoro
288 1875 515 1971 Hispaniensi
533 1877 690 1972 agricola
707 1885 742 1949 et
759 1874 943 1960 Therasia,
960 1869 1595 1948 CarmelioiOrdinisExoalceatorum
1609 1875 1755 1964 parente
1781 1833 1926 1981 ξῇἶω80

145 1991 290 2092 virgine.
306 2000 329 2073 J
332 2023 389 2072 am
406 1999 580 2074 sexdecim
593 1999 770 2072 domicilia
788 1997 972 2071 Lituanica
990 1985 1285 2092 complectebatur
1300 1993 1482 2090 provincia
1502 1992 1597 2065 :tria
1612 1993 1752 2067 Viluae:
1782 1986 1928 2047 0l⁰l⁸l1⁸⁵¹¹

147 2115 294 2196 Nesvisii
318 2123 500 2218 :singula
533 2124 784 2218 Brunsbergae,
823 2123 954 2208 Orosis,
977 2120 1144 2205 Grodnae,
1178 2121 1329 2204 Lomsae,
1346 2119 1475 2232 'Orsaa
1494 2118 1755 2214 Novogrodeci,
1783 2071 1930 2207 {fflffiss

147 2243 287 2331 Pheias,
315 2247 485 2335 Polociaa‚
508 2247 692 2329 Pullariae,
724 2245 921 2318 Varsaviaa.
942 2245 1052 2318 Inhis
1075 2244 1236 2318 certatim
1254 2243 1360 2327 Socii,
1385 2267 1448 2340 pro
1462 2267 1501 2317 se
1531 2243 1690 2339 quisque,
1717 2267 1759 2316 eo
1784 2231 1932 2378 {iffi

145 2373 264 2447 nuntio
297 2373 490 2468 apraaside
521 2397 583 2446 suo
606 2371 827 2468 provinciali,
848 2370 1047 2466 Augustino
1065 2368 1230 2452 Vivaldo‚
1251 2369 1467 2451 commoniti,
1498 2369 1630 2463 pietate
1656 2389 1760 2465 quam
1786 2391 1929 2448 naritus.

146 2499 290 2570 maxima
309 2499 467 2592 agebant
494 2499 569 2572 Deo
584 2498 732 2593 gratias,
753 2496 846 2568 idem
866 2493 1074 2566 beneficium
1098 2492 1254 2564 divinum
1271 2491 1473 2587 proceribus
1488 2490 1663 2564 Lituaniae
1681 2515 1760 2562 cum
1785 2469 1901 2524 navarit.

98 2607 103 2616 ¹
146 2627 270 2721 populo
287 2619 557 2698 celebrantibus.
580 2623 736 2718 Insignis
753 2643 796 2695 aa
813 2641 950 2714 quoque
967 2619 1034 2690 fuit
1055 2616 1259 2714 panegyris,
1275 2638 1355 2709 quae
1373 2637 1474 2687 sacra
1488 2613 1558 2686 divi
1576 2614 1759 2688 Paschasii
1785 2585 1903 2721 nesvgisu

147 2772 239 2833 ossa,
259 2751 297 2822 in
319 2744 466 2844 Collegit
484 2735 652 2844 templum
679 2739 792 2830 illata,
814 2743 1003 2816 celebravit
1021 2739 1177 2814 Nesvisii
1195 2763 1202 2810 :
1223 2737 1423 2810 convocatis
1438 2737 1484 2810 ad
1496 2747 1624 2811 coetum
1643 2761 1759 2833 epro-
1785 2742 1935 2838 maranata·

145 2873 257 2945 vincia
281 2871 405 2957 Sociis,
437 2872 652 2968 principibus
682 2866 869 2943 Radivillis
887 2865 1102 2961 triumphum
1120 2886 1257 2936 sacrum
1274 2883 1404 2956 magna
1428 2863 1557 2958 pietate
1575 2886 1762 2960 procuran·
1785 2823 1934 2955 {ff}

145 2997 253 3068 tibus.
290 2995 473 3090 Frequens
489 3003 527 3068 et
551 2994 669 3066 Vilnae
699 2993 847 3067 subinde
876 2993 942 3067 fuit
970 3015 1160 3066 concursus
1185 2992 1231 3063 ad
1259 2991 1488 3067 fundamenta
1516 2995 1651 3090 templi,
1683 2994 1762 3066 divo
1787 2981 1905 3113 lebuqas.

146 3123 283 3217 parenti
320 3121 460 3216 ignatio
488 3117 533 3193 ad
559 3121 771 3194 novitiorum
789 3117 1001 3218 domicilium
1020 3119 1215 3204 condendi;
1235 3121 1361 3214 quibus
1386 3123 1657 3216 praejaciebatur
1673 3124 1763 3218 lapis
1790 3139 1875 3195 vine

145 3244 343 3338 angularis,
376 3245 420 3316 ab
456 3241 618 3340 episcopo
645 3242 795 3316 civitatis
830 3241 1022 3314 Eustochio
1056 3241 1249 3315 Wolowicz
1267 3252 1502 3317 consecratus.
1534 3245 1582 3317 At
1608 3245 1765 3320 Smolen-
1789 3221 1884 3356 ἓξὲξ

145 3369 280 3441 soeusis
302 3367 453 3462 Collegii
473 3363 583 3440 nostri
594 3365 672 3462 jam
691 3366 750 3438 diu
764 3365 835 3437 alia
851 3388 1036 3439 narramus
1062 3369 1294 3443 immemores.
1319 3373 1535 3445 Gubernavit
1548 3373 1584 3446 id
1599 3374 1666 3447 hac
1682 3381 1768 3447 tem·
1789 3377 1935 3451 emptita-

146 3498 284 3584 pestate
297 3498 413 3562 rector
428 3491 561 3562 donnes
577 3485 854 3583 Komparskius;
874 3488 943 3561 hoo
955 3490 1015 3564 ille
1033 3516 1126 3567 anno
1140 3497 1296 3572 defectus
1314 3506 1367 3572 est
1386 3525 1530 3575 munere
1544 3525 1608 3575 suo
1622 3513 1657 3576 et
1670 3505 1764 3578 vita:
1788 3457 1906 3606 {iffi

146 3613 334 3686 Grosensis
365 3613 514 3684 antehac
539 3631 671 3706 praeses
688 3607 864 3683 domicilii.
882 3612 1115 3692 Mor-ibundns
1128 3620 1216 3693 illud
1247 3622 1421 3696 Simeonis
1434 3625 1639 3698 canticum:
1666 3633 1769 3700 Nunc
1791 3616 1838 3670 ⁸¹⁰·

143 3741 296 3808 dimittis
328 3759 471 3808 saraam
489 3745 602 3818 taum,
622 3737 783 3820 bonane,
803 3738 842 3806 in
852 3759 951 3825 poce,
968 3739 1071 3814 laetus
1105 3747 1312 3840 praecinuit:
1333 3749 1493 3842 gaudens
1520 3751 1683 3837 manime,
1695 3752 1769 3848 jam
1794 3707 1936 3842 smoldnsai

145 3882 224 3932 suae
253 3857 437 3933 Societatis
483 3863 647 3952 parentes
693 3855 903 3945 carissimos,
942 3863 1117 3958 Ignatium
1151 3878 1185 3943 et
1230 3873 1470 3959 Franciscum,
1500 3873 1708 3948 Sanctorum
1732 3877 1770 3949 in
1795 3881 1940 3959 1³¹⁰⁰¹¹¹⁸·‚

145 3987 311 4060 Ecclesia
333 3986 505 4060 militante
543 3991 664 4058 auctos
695 4007 773 4058 esse
802 3983 1013 4072 honoribus;
1036 3991 1129 4082 quod
1154 4017 1257 4091 quam
1282 3995 1509 4070 vehementer
1537 3998 1774 4074 desiderasset
1795 3955 1941 4095 lidumbadin

143 4111 282 4197 adhuc,
310 4134 349 4185 re
380 4113 455 4206 ipsa
481 4110 585 4204 paulo
602 4116 685 4182 ante
710 4109 889 4205 professus
908 4119 976 4182 est.
1001 4112 1077 4200 Ille,
1098 4123 1138 4188 ut
1165 4118 1209 4189 de
1229 4119 1391 4191 Romano
1415 4112 1771 4206 eonuntio'inaudiit,
1797 4104 1916 4159 ΗΜ·

144 4255 276 4307 omnes
307 4235 427 4308 statim
457 4234 689 4329 cogitationes
716 4256 887 4329 curasque
907 4240 1079 4311 convertit
1095 4241 1142 4312 ad
1159 4240 1386 4315 celebrandos
1400 4244 1526 4318 Patres
1539 4267 1621 4319 suos
1635 4256 1774 4322 sanctos
1796 4187 1924 4321 ἓψ-

141 4363 330 4460 triumpho
360 4386 465 4459 quam
482 4361 710 4457 amplissimo.
730 4361 890 4434 Difficilis
907 4361 1033 4460 cuique
1057 4365 1154 4440 visus
1172 4375 1226 4439 est
1238 4375 1386 4441 conatus
1399 4371 1562 4458 loannis,
1582 4373 1774 4449 incivitate

142 4486 318 4562 videlicet
346 4486 477 4560 haeresi
511 4483 688 4581 photianae
715 4484 855 4598 dedita,
888 4509 997 4581 eaque
1018 4489 1220 4585 nuperrime
1246 4491 1353 4562 armis
1377 4492 1592 4567 Polonorum
1613 4498 1772 4586 subacta,

142 4611 310 4686 noudum
325 4608 573 4690 mansuefacta,
594 4607 743 4680 obnixus
769 4606 830 4680 ille
853 4617 971 4685 tamen
999 4613 1171 4706 pertinaci
1188 4613 1306 4687 studio
1324 4615 1452 4700 effecit,
1473 4624 1512 4690 ut
1533 4642 1650 4693 secum
1664 4623 1771 4708 cives,

141 4738 278 4810 hostes
296 4732 403 4808 etiam
417 4733 469 4805 illi
480 4730 690 4825 religionum
701 4734 913 4821 nostrarum,
927 4734 971 4807 ad
979 4736 1392 4834 triumphalemdivorum
1404 4743 1536 4816 cultum
1545 4747 1691 4822 mirifice
1699 4771 1779 4825 con-

143 4863 344 4964 spirarint.
372 4859 430 4933 llli
447 4869 522 4932 tum
540 4858 675 4931 alacres
696 4837 917 4944 contrahere,
935 4859 1027 4933 unde
1042 4870 1199 4956 possent,
1222 4865 1376 4958 equitum
1392 4867 1617 4964 peditumque
1630 4873 1749 4968 copias
1767 4901 1774 4948 :

146 4992 194 5064 ad
216 4991 332 5063 festos
348 4984 501 5058 tonitrus
518 4984 662 5057 bellicas
680 4983 715 5054 in
734 4983 835 5056 vallis
853 4985 1092 5079 moenibusque
1117 4985 1302 5082 disponere
1324 4989 1526 5065 machinas:
1547 4993 1656 5080 aedes,
1684 4997 1773 5086 fora,

142 5115 303 5214 plateas
330 5111 553 5207 lampadibus
587 5110 796 5184 collustrare
829 5109 1054 5182 :artificiosa
1081 5110 1217 5207 ignium
1242 5121 1381 5188 ostenta
1411 5116 1447 5187 in
1473 5141 1579 5190 auras
1598 5121 1775 5216 jaculari:

143 5239 306 5326 labara,
326 5240 486 5312 divorum
498 5236 792 5332 triumphantium.
807 5235 931 5329 figuris
957 5243 992 5308 et
1009 5239 1222 5312 ornamentis
1235 5239 1400 5334 insignia,
1420 5265 1584 5334 proceres
1603 5246 1679 5338 ejus
1701 5273 1780 5346 pro·
