4948 6654
37 1071 38 1080 .
163 1023 198 1094 Ρ.
220 1018 353 1092 Jacobo
384 1017 514 1089 Lainez
543 1011 724 1095 Tridento‚
753 1009 819 1082 sub
844 1007 982 1080 celebre
1010 1004 1099 1076 illud
1127 1000 1333 1084 Concilium,
1358 1000 1510 1072 Romam
1528 1000 1575 1072 ad
1593 999 1779 1094 collegium
1809 985 1898 1120 ¹⁶¹317
1939 997 1943 1000 ’

164 1145 365 1218 novitiorum
383 1143 524 1224 missus
540 1139 684 1232 dignum
698 1136 774 1230 ejus
790 1113 958 1227 temporis
973 1131 1222 1224 magistrorum
1234 1127 1271 1198 in
1289 1125 1458 1219 religiosa
1472 1124 1659 1220 disciplina
1674 1125 1777 1198 disci·
1807 1148 1838 1202 P.
1850 1145 1933 1202 Abte.

164 1269 274 1364 pulum
303 1289 340 1340 se
369 1263 546 1360 praestitit.
568 1262 688 1332 Prima
713 1257 852 1331 colonia
882 1255 920 1326 in
945 1254 1148 1326 Lituaniam
1179 1250 1348 1335 deducta,
1369 1250 1471 1321 sedes
1494 1255 1530 1321 et
1557 1248 1626 1344 ipsi
1652 1248 1780 1343 obtigit
1807 1223 1918 1358 {ffiffll

693 802 800 862 LIBER
823 800 961 861 SEXTUS
985 797 1195 875 (loto-teau).
1721 787 1781 852 237

164 1391 268 1486 prima
286 1389 544 1482 Brunsbcrgae;
561 1394 633 1457 tres
650 1383 707 1455 hio
719 1387 755 1454 et
767 1378 893 1473 viginti
907 1398 1020 1448 annos
1039 1374 1249 1446 industriam
1267 1397 1366 1447 suam
1384 1380 1419 1446 et
1436 1373 1554 1458 fidem,
1569 1374 1779 1446 decennium
2001 1465 2002 1468 Ἴ

37 1557 38 1562 =
164 1515 315 1587 minister
335 1511 496 1605 Collegii‚
518 1508 684 1582 tredecim
701 1527 813 1578 annos
827 1502 997 1595 magister
1017 1498 1242 1581 novitiorum,
1258 1496 1479 1592 approbavit.
1500 1495 1586 1569 Inde
1601 1497 1781 1570 Cracoviae
1808 1519 1875 1589 ujus
1897 1518 1951 1574 offi-

165 1639 316 1710 tirocinio
345 1635 606 1710 formandorum
627 1655 671 1704 ex
700 1629 861 1700 instituto
889 1626 1070 1698 Sociorum
1084 1645 1126 1694 eo
1157 1623 1273 1695 studio
1292 1629 1328 1694 et
1346 1620 1651 1693 commendatione
1681 1622 1778 1694 dedit
1809 1597 1858 1652 ⁰5⁶*

165 1762 269 1846 initia,
290 1769 467 1833 uteorum
495 1756 715 1850 disciplinam
734 1752 858 1824 civitas
892 1749 998 1821 etiam
1016 1747 1208 1841 suspiceret
1237 1746 1479 1839 laudaretque,
1502 1745 1630 1818 deinde
1643 1747 1781 1842 provin-

166 1887 212 1956 cia
234 1884 401 1980 gerendis
427 1883 502 1955 suis
533 1879 735 1953 muneribus
753 1875 971 1970 experiretur
997 1870 1195 1966 perutilem.
1217 1870 1321 1943 Unde
1339 1869 1488 1963 vinginti
1514 1891 1631 1942 annos
1660 1877 1783 1965 postea

167 2017 318 2080 versatus
335 2007 372 2077 in
391 2006 523 2089 Sectis,
552 2003 676 2075 salutis
708 2001 910 2095 negotiator
950 1997 1084 2081 civicae,
1104 1992 1172 2065 dici
1201 1993 1261 2064 vix
1289 2002 1417 2088 potest,
1437 2001 1521 2087 quot
1548 1967 1780 2080 incommoda,

167 2154 261 2226 quam
279 2131 390 2203 multa
404 2131 505 2212 dura,
522 2135 654 2223 quanta
668 2123 840 2220 patientia
854 2120 1052 2216 pertulerit.
1079 2108 1081 2117 ’

208 2255 372 2328 Pluribus
390 2255 462 2326 suis
487 2251 716 2348 popularibus
734 2249 780 2319 ad
800 2245 994 2319 Ecclesiam
1012 2243 1211 2338 pertractis
1228 2245 1265 2315 in
1282 2245 1419 2336 regiam
1433 2242 1553 2315 aulam
1566 2246 1779 2338 penetravit;
1812 2265 1844 2320 111
1856 2265 1944 2320 seua

166 2381 400 2474 reginamque,
433 2377 564 2473 Danicc
593 2383 705 2447 ortam
739 2393 884 2467 genere,
920 2367 1218 2459 lutheranicisque
1244 2365 1447 2460 implicitam
1478 2367 1657 2452 eroribus,
1680 2375 1717 2440 ut
1747 2392 1785 2443 se
1813 2359 1958 2478 fflg

167 2503 233 2576 Deo
251 2526 313 2598 per
333 2501 506 2574 sinceram
524 2500 732 2594 religionem
763 2496 977 2577 restitueret,
999 2492 1104 2586 inque
1119 2490 1189 2564 fide
1202 2492 1248 2563 ad
1266 2514 1467 2585 supremum
1486 2515 1595 2587 usque
1610 2495 1692 2567 vitae
1710 2520 1784 2571 suae
1812 2507 1862 2562 rat

167 2629 250 2700 diem
264 2633 501 2723 permaneret,
521 2625 674 2697 induxit.
695 2620 843 2693 Prodita
857 2624 938 2690 sunt
951 2617 1029 2711 regi
1042 2615 1191 2688 Roberti
1206 2616 1341 2688 studia:
1358 2617 1592 2690 dissimulavit
1603 2621 1779 2717 princeps,
1871 2697 1877 2709 ,

170 2775 272 2846 neque
286 2752 371 2823 aula
389 2774 453 2822 sua
469 2749 649 2844 indignius
664 2745 842 2841 quidpiam
860 2740 997 2823 statuit,
1018 2760 1123 2832 quam
1150 2746 1189 2809 ut
1213 2739 1426 2813 vocitaretur
1445 2742 1577 2836 regalis
1595 2744 1783 2839 praefectus
1811 2697 1955 2830 pffipd

165 2877 309 2971 aucupii.
333 2875 410 2960 lile,
432 2898 476 2948 ne
496 2876 615 2970 regius
641 2879 778 2944 tantum
809 2870 1071 2958 nuncuparetur
1096 2884 1238 2957 auceps
1261 2885 1390 2958 greges
1415 2866 1536 2950 etiam,
1562 2868 1784 2944 errabundos
1812 2852 1904 2986 {23⁰

168 3002 293 3075 scilicet
317 3009 398 3096 post
415 2999 608 3072 Lutherum
625 2997 719 3068 cives
734 3013 830 3072 suos,
848 2988 1054 3060 venabatur.
1078 2985 1131 3058 Ea
1149 2986 1390 3081 propagandae
1415 2988 1450 3060 in
1471 2989 1589 3062 Scotia
1602 2990 1784 3086 religionis
1812 2973 1916 3080 Auceps

167 3128 311 3201 facultas
329 3127 410 3198 odia
429 3124 674 3198 haereticorum
692 3117 921 3193 inflammavit
943 3143 950 3189 :
976 3113 1142 3209 conqueri
1161 3111 1214 3183 illi
1226 3113 1320 3207 apud
1338 3136 1480 3208 regem;
1497 3123 1533 3188 et
1566 3117 1650 3210 quia
1663 3118 1783 3191 catho-
1812 3087 1900 3144 uetus
1932 3105 1959 3143 ‘¹'

165 3252 306 3324 licorum
319 3251 455 3323 faveret
472 3247 645 3342 partibus,
665 3245 780 3317 moliri
794 3251 929 3339 pestem
943 3239 1104 3336 principi,
1120 3239 1225 3333 idque
1243 3261 1313 3309 non
1327 3237 1475 3312 obscure
1493 3239 1659 3314 minitari.
1678 3243 1784 3314 Dam-
1811 3187 1957 3308 mi

167 3384 265 3446 natur
282 3373 463 3446 Robertus
482 3371 616 3474 capite,
636 3369 809 3440 aestimato
827 3390 1006 3458 nummum
1037 3363 1154 3437 decies
1181 3360 1290 3444 mille,
1322 3363 1620 3438 numerandorum
1638 3363 1705 3448 illi,
1727 3367 1785 3460 qui
1810 3331 1954 3460 {fflss

167 3520 260 3570 reum
273 3506 354 3570 aute
371 3495 527 3567 tribunal
542 3517 644 3566 suum
663 3491 892 3564 destituisset.
921 3491 1053 3562 Noster
1078 3487 1232 3569 interim,
1254 3487 1329 3558 Deo
1347 3484 1458 3559 fretus
1476 3495 1511 3558 et
1540 3510 1615 3559 suae
1628 3488 1785 3562 bonitate
1813 3485 1908 3577 tinet..

166 3639 292 3700 causae,
313 3615 423 3687 nihilo
442 3624 560 3686 tamen
575 3613 689 3685 secius
703 3636 768 3684 sua
785 3614 949 3710 persequi
963 3640 972 3698 ;
989 3635 1091 3708 quam
1108 3610 1193 3683 boni
1210 3619 1317 3682 tenax
1333 3611 1523 3704 propositi,
1544 3619 1617 3683 tam
1631 3614 1787 3708 prudens
1813 3561 1961 3714 milla

165 3761 205 3811 ac
218 3740 366 3836 vigilans
392 3739 439 3812 ad
465 3739 594 3811 omnia.
618 3735 688 3808 Sed
705 3746 846 3809 cautum
864 3737 985 3819 etiam,
1013 3756 1122 3831 prope
1151 3736 1218 3808 fuit
1244 3743 1282 3808 ut
1313 3736 1527 3832 opprimeret
1544 3738 1788 3814 insidiantium

165 3863 304 3949 malitia,
332 3863 485 3934 maxime
512 3885 590 3934 cum
609 3860 700 3956 apud
720 3885 821 3933 suum
839 3861 1013 3954 hospitem
1031 3859 1243 3931 catholicum
1261 3882 1344 3931 suos
1361 3859 1409 3930 ad
1426 3860 1531 3932 fidem
1549 3863 1734 3937 tenendam
1752 3873 1788 3938 et

165 3987 245 4058 vitae
262 3987 377 4059 officia
394 3977 598 4058 christianae
615 3985 828 4056 hortaretur.
850 3985 941 4057 Tum
959 3984 995 4054 in
1014 3983 1159 4054 obsessa
1171 3982 1217 4054 ab
1233 3983 1410 4055 haereticis
1428 3984 1530 4058 domo
1549 3984 1679 4059 furiose
1693 4011 1787 4082 quae·

162 4109 263 4195 situs,
283 4110 327 4182 ad
345 4108 460 4182 forum
478 4119 513 4180 et
531 4129 655 4203 poenas
673 4107 833 4180 decretas
851 4114 985 4179 tractus
1003 4107 1128 4178 fuisset
1152 4107 1189 4178 in
1217 4108 1383 4194 vinculis;
1405 4109 1474 4182 nisi
1499 4110 1668 4183 famulum
1686 4135 1786 4185 suum

163 4233 258 4306 Deus
278 4258 344 4328 quo
373 4233 491 4306 nescio
510 4232 613 4304 modo
631 4232 852 4325 protexisset.
874 4231 1011 4304 Novem
1037 4231 1088 4302 ita
1115 4230 1304 4326 decemque
1329 4255 1443 4306 annos
1460 4235 1496 4305 in
1515 4237 1692 4329 perpetuis
1710 4260 1787 4310 ver-

160 4363 259 4428 satus
275 4364 327 4428 est
344 4355 523 4452 periculis.
546 4347 745 4426 Laboribus
764 4353 914 4447 denique
931 4353 1093 4439 fractum,
1115 4353 1240 4448 etjam
1262 4357 1540 4450 octogenarium,
1560 4357 1788 4456 Brunsberga

159 4480 194 4550 in
220 4503 323 4552 suum
347 4481 481 4574 recepit
495 4477 709 4572 Collegium.

208 4605 347 4712 Excitat
365 4604 499 4700 pariter
516 4605 561 4675 ad
581 4603 636 4674 sui
662 4603 867 4675 memoriam
886 4609 1047 4697 posteros
1073 4602 1115 4675 P.
1145 4604 1345 4678 Stanislaus
1363 4604 1604 4680 Grodzickius.
1627 4607 1789 4682 Honesta

158 4731 186 4800 is
209 4737 246 4802 et
264 4727 381 4825 ampla
398 4727 532 4800 familia
545 4726 660 4799 editus
678 4727 714 4796 in
739 4727 973 4800 Posnaniensi
990 4729 1186 4821 provincia.
1209 4729 1324 4801 Multa
1342 4730 1414 4824 egit
1428 4729 1600 4824 praeclara
1613 4731 1649 4802 in
1667 4733 1789 4806 Litus·

157 4854 215 4924 nia
231 4881 239 4938 ;
262 4851 388 4923 multos
411 4873 480 4944 qua
503 4851 603 4923 dictis
620 4873 688 4944 qua
707 4849 847 4945 scriptis
863 4851 1050 4924 haereticos
1071 4853 1118 4924 ad
1137 4851 1330 4925 Ecclesiam
1354 4855 1555 4926 revocavit:
1578 4865 1790 4953 quapropter

158 4977 269 5071 vulgo
287 4975 530 5071 appellabatur
547 4975 730 5068 apostolus
755 4974 946 5047 Lituaniae.
972 4977 994 5048 J
998 4976 1136 5058 uvenis,
1160 4985 1239 5071 post
1257 4976 1376 5049 datam
1393 4977 1626 5073 philosophiae
1644 5004 1789 5076 operam

154 5103 189 5172 in
206 5100 336 5196 patria,
363 5101 515 5172 Romam
536 5097 713 5195 profectus
736 5107 801 5184 est,
821 5101 940 5172 animo
961 5101 1006 5173 ad
1035 5100 1151 5173 studia
1167 5100 1368 5194 theologica
1385 5122 1568 5174 converso.
1589 5103 1672 5176 Jam
1689 5107 1787 5180 theo-

152 5220 263 5317 logiae
282 5221 491 5294 curriculum
509 5223 545 5293 in
564 5223 748 5318 gymnasio
769 5223 959 5296 Societatis
982 5245 1092 5318 prope
1115 5221 1327 5306 confecerat,
1348 5245 1427 5294 cum
1446 5225 1630 5320 popularis
1653 5250 1738 5301 suus
1754 5237 1789 5302 et
