4936 6658
697 843 806 905 66666
826 841 984 908 oremus
1006 843 1220 924 (66666666).
1675 823 1677 828 ’
1730 847 1791 916 366

169 1049 186 1081 ι
206 1021 329 1120 pellor,
350 1043 429 1095 cnm
458 1029 564 1118 gente
585 1045 664 1100 mea
693 1025 739 1099 ad
768 1051 898 1102 novum
927 1029 1032 1125 idque
1061 1028 1235 1104 fervidum
1260 1027 1326 1103 tibi
1357 1027 1535 1104 serviendi
1557 1027 1785 1119 desiderium,

167 1175 185 1209 ι
206 1149 369 1244 promitto
388 1149 552 1247 deinceps
570 1175 661 1238 meo,
691 1159 925 1249 satraparum,
950 1156 1227 1252 populorumque
1244 1179 1402 1230 meorum
1428 1155 1582 1242 nomine,
1598 1161 1659 1229 tuo
1677 1155 1782 1240 Filio,

166 1299 184 1333 ι
203 1271 352 1347 Domino
369 1297 447 1347 meo
472 1275 560 1348 Jesu
592 1275 744 1361 Christo,
772 1277 906 1374 tibique
933 1279 1064 1352 cultum
1090 1288 1126 1353 et
1150 1281 1320 1354 honorem
1337 1303 1401 1378 per
1429 1280 1579 1354 ditiones
1596 1277 1698 1374 regni
1716 1277 1786 1353 mei

164 1403 488 1494 «propagaturum.
509 1399 631 1474 Voveo
656 1400 814 1499 insuper,
836 1403 895 1474 ubi
913 1403 996 1475 Filii
1012 1405 1063 1476 tui
1089 1405 1317 1479 miseratione
1333 1404 1516 1479 victoriam
1542 1404 1587 1477 de
1603 1404 1780 1488 hostibus,

161 1545 181 1580 ι
199 1525 234 1593 66
249 1523 426 1620 praecipue
445 1524 580 1612 Succis,
602 1524 798 1611 obtinuero,
821 1537 1104 1622 procuraturum,
1125 1535 1164 1602 ut
1181 1529 1256 1605 dies
1273 1530 1332 1604 hic
1362 1530 1401 1603 in
1421 1535 1629 1626 perpetuum
1656 1509 1791 1619 solem-³

159 1645 254 1718 «nis
272 1654 308 1720 et
325 1647 434 1721 festus
450 1648 637 1747 habeatur.
658 1659 724 1726 etc.
746 1659 814 1726 etc.
835 1651 882 1751 (6).
897 1629 901 1636 ’

208 1803 226 1836 ⁸
248 1773 399 1850 Sensuro
424 1799 505 1849 mox
530 1777 660 1852 limites
684 1781 799 1875 regni,
829 1780 942 1876 inquit
976 1779 1181 1854 Kochovius
1195 1779 1244 1879 (6),
1278 1782 1479 1878 ingressum
1509 1779 1775 1878 Hungarorum,

157 1923 177 1958 ι
197 1921 268 1972 666
300 1900 420 1974 6666666
448 1900 566 1992 mode,
603 1904 666 1978 sed
684 1904 765 2002 plns
791 1928 895 2000 quam
926 1905 1195 2008 etiamhostilis
1229 1905 1400 2002 agminis;
1424 1929 1502 1979 oum
1529 1904 1717 1978 revixisset
1744 1903 1781 1976 in

154 2047 174 2083 ι
196 2023 356 2120 Ragocio
374 2027 499 2117 Attila,
520 2035 555 2102 et
573 2052 675 2124 gens,
701 2030 876 2104 Hunnioaa
906 2027 1054 2126 originis
1072 2053 1219 2117 memor,
1256 2053 1365 2128 supra
1399 2031 1590 2104 humanam
1625 2027 1778 2104 crudeli-

154 2177 174 2210 «
194 2153 302 2223 tatem
320 2151 357 2222 in
374 2151 537 2226 innoxios
551 2154 704 2228 se'eviret.
730 2191 747 2224 a

202 2272 378 2348 Afinibus
395 2277 678 2373 Transylraniea
698 2301 766 2376 qua
785 2281 852 2352 iret
873 2301 1032 2373 cumque,
1050 2280 1168 2352 omnia
1195 2278 1335 2354 ditionis
1354 2277 1527 2375 polonioae
1544 2279 1637 2353 ferro
1659 2301 1776 2376 popu-

147 2393 245 2471 latus
263 2406 316 2472 est
333 2406 368 2472 66
384 2399 461 2494 igni
477 2401 672 2498 Ragonius.
705 2403 886 2477 Gratulari
904 2403 971 2478 sibi
997 2404 1041 2477 de
1057 2405 1127 2479 6666
1142 2387 1215 2480 tam
1240 2408 1392 2505 impigro
1415 2408 1611 2481 facinorum
1630 2407 1773 2482 oemula-

146 2531 231 2597 tore
248 2547 392 2598 suorum
422 2525 589 2600 Carolus:
618 2550 767 2622 regnum
786 2527 945 2600 Poloniae
965 2531 1052 2624 jam·
1071 2531 1121 2603 sic
1145 2532 1238 2604 inter
1255 2531 1377 2604 Socios
1403 2530 1561 2606 dividere
1587 2532 1720 2604 arbiter
1737 2533 1774 2605 in
1801 2576 1951 2635 Provincias

146 2656 324 2723 conventu
341 2650 495 2747 partium
525 2675 669 2726 suarum
686 2652 780 2750 apud
807 2652 1029 2748 Opatoviam,
1057 2660 1097 2727 ut
1115 2654 1265 2728 Polonia
1290 2656 1422 2742 Minor,
1452 2664 1488 2729 et
1504 2657 1718 2743 Roxolania,
1739 2665 1775 2730 et
1799 2654 1915 2752 rotonis

143 2775 324 2862 Masovia,
353 2783 389 2850 et
406 2777 612 2862 Podlaehia,
637 2786 673 2852 et
702 2778 871 2850 Uorainia
890 2779 961 2852 sint
978 2779 1164 2874 Ragoci0;.
1183 2781 1339 2855 Bornsso
1370 2781 1519 2854 Polonia
1550 2783 1668 2878 Major
1695 2805 1773 2855 cum
1796 2739 1915 2882 iffi?

141 2903 351 3000 provinciis,
372 2905 566 2992 Brestensi,
584 2905 779 2980 Siradiensi
797 2913 833 2980 et
845 2893 1078 2980 Lenciciensiss
1092 2906 1140 2977 At
1157 2907 1353 2992 Prussiam,
1366 2907 1626 2994 Pomeraniam,
1645 2907 1771 2980 Cassu·
1796 2897 1878 3030 ἓξὲξ
1881 2909 1949 3028 ‘1¹¹2

143 3026 255 3112 biam,
271 3033 489 3126 tractumque
502 3031 586 3104 hinc
603 3053 741 3104 omnem
767 3029 814 3104 ad
839 3053 937 3104 mare
964 3052 1074 3126 usque
1102 3029 1278 3103 Balticnm
1295 3031 1363 3104 sibi
1387 3031 1567 3105 vindicare
1594 3031 1768 3106 diribitor.
1798 3050 1876 3110 6666.

144 3154 288 3228 Caetera
300 3153 529 3241 Polonorum,
550 3157 751 3230 Lituaniam
765 3158 909 3244 scilicet,
927 3155 1616 3251 8666666666,661666666666666666666
1630 3156 1774 3230 Mosco:

141 3279 263 3354 viticis
292 3279 439 3356 subacta
469 3305 561 3356 6666.
594 3283 715 3378 Itaque
746 3283 900 3356 hostium
936 3283 991 3355 ira
1022 3288 1058 3354 et
1087 3281 1276 3379 cupiditate
1311 3305 1367 3357 res
1408 3279 1623 3355 Poionorum
1658 3283 1773 3357 omnis

140 3410 297 3501 quatuor
314 3405 351 3478 in
377 3412 495 3503 partes
525 3407 715 3505 discerpta.
744 3408 826 3480 Jam
856 3405 976 3482 nescio
994 3404 1079 3502 quid
1111 3406 1244 3502 praedae
1274 3405 1343 3480 sibi
1373 3413 1547 3504 tyrannus
1574 3407 1771 3481 Turoarum
1798 3475 1885 3532 Tm

140 3527 368 3604 Mahometes
386 3531 438 3604 IV
454 3553 498 3605 ex
522 3532 628 3607 rebus
651 3533 702 3606 ita
725 3532 903 3608 distractis
929 3539 1070 3633 poterat
1086 3535 1258 3631 polliceri.
1280 3534 1471 3630 Adjecerat
1494 3534 1622 3632 etipse
1650 3535 1771 3609 oculos
1796 3551 1896 3613 666666

141 3654 289 3730 Russiae
301 3655 495 3742 Polonicee,
515 3658 562 3732 ad
575 3682 677 3732 suum
690 3659 873 3754 imperium
887 3657 1148 3757 adjungendae;
1170 3659 1232 3732 sed
1249 3661 1306 3732 cui
1313 3658 1391 3756 jam
1408 3659 1544 3757 priores
1564 3661 1772 3735 Mosoovitae
1797 3634 1904 3693 bellum.
2030 3729 2041 3764 ·.

139 3799 269 3854 manus
301 3781 515 3856 intulissent.
552 3783 608 3858 Ne
638 3807 720 3857 suos
750 3785 924 3858 exercitus
956 3783 993 3855 in
1023 3779 1210 3855 Poloniam
1240 3773 1398 3869 inferret,
1436 3784 1769 3858 commemoratione

138 3904 316 3981 foederum
332 3930 375 3981 66
404 3908 579 4004 religione
595 3908 806 4006 prohibitus,
835 3908 895 3982 ille
915 3906 1056 4005 quidem
1081 3907 1202 4002 copias
1229 3929 1313 3980 suas
1332 3908 1517 3995 continuit,
1538 3916 1576 3983 66
1594 3931 1657 4005 per
1683 3909 1768 3984 Tar·

137 4035 240 4105 66666
254 4039 376 4108 tamen
393 4041 427 4108 et
445 4036 612 4120 (1666666,
632 4034 675 4108 ab
693 4057 732 4109 se
748 4033 912 4108 incitatos
938 4033 1065 4128 magis,
1088 4031 1242 4104 Pclonos
1259 4032 1455 4106 insectatus
1484 4041 1560 4122 est;
1585 4057 1767 4132 usquequo

136 4177 253 4251 regno
267 4179 331 4230 suo
348 4157 371 4229 J
375 4180 505 4234 oannes
519 4182 558 4233 se
576 4159 760 4232 abdicarit.
778 4158 820 4231 Id
831 4159 908 4253 jam
925 4155 1065 4230 demum
1081 4156 1299 4252 propositum
1328 4179 1429 4232 suom
1446 4179 1532 4253 rege
1556 4156 1762 4245 meditante,
1793 4210 1924 4271 Borissos

135 4280 371 4377 languescere
400 4292 437 4358 et
464 4284 621 4359 residere
651 4285 805 4358 hostium
829 4283 1004 4379 impetus:
1038 4280 1215 4377 respirare
1240 4279 1410 4354 delassati
1440 4288 1495 4355 tot
1524 4281 1627 4354 malis
1645 4282 1761 4356 cives:
1792 4296 1916 4363 quiescit.

136 4404 314 4504 atlirlgere
331 4433 413 4507 spes
438 4409 563 4485 salutis
593 4419 629 4485 et
658 4408 978 4506 recuperandarum
999 4427 1117 4479 rerum
1142 4405 1383 4503 perditarum
1419 4414 1557 4493 contra,
1589 4408 1764 4485 renitente

134 4537 176 4606 et
203 4535 316 4628 prima
343 4543 541 4612 6666666666
568 4536 727 4624 66666166,
756 4536 851 4608 66666
879 4531 1036 4606 hostium
1053 4532 1218 4606 continuo
1236 4531 1400 4628 malaque
1418 4535 1537 4606 omnia
1566 4533 1641 4607 6666
1658 4557 1760 4608 6666·
1790 4527 1889 4624 866663

132 4656 283 4735 lesoere.
315 4661 457 4736 Primus
474 4664 628 4737 omnium
645 4660 779 4758 quievit
803 4659 965 4733 Marchio
983 4655 1320 4754 Brandeburgicus;
1340 4666 1483 4734 coactus
1507 4659 1568 4734 ille
1585 4660 1631 4732 ad
1649 4661 1760 4738 socie·
1790 4612 1888 4668 amm
1921 4650 1930 4668 ⁹

130 4789 247 4861 tatem
262 4811 477 4865 armoruma
494 4791 664 4866 Gustavo.
691 4789 845 4864 Gustavo
862 4809 927 4883 per
943 4786 1065 4858 Danos
1079 4784 1125 4856 ad
1139 4783 1211 4856 6166
1227 4784 1405 4874 6166666666
1419 4782 1623 4873 certamina,
1640 4783 1762 4883 Rag'o-

131 4910 216 4985 cius
236 4937 381 4990 numero
407 4917 578 5013 superior,
623 4917 754 4990 virtute
771 4913 886 5009 impar
902 4909 1132 4994 nostratibus,
1157 4907 1320 5003 cupidate
1337 4907 1439 5002 regni
1454 4907 1588 5003 paritor
1606 4915 1641 4982 et
1654 4909 1759 4984 Polo-

129 5053 264 5112 norum
280 5040 389 5117 armis
407 5042 578 5140 agitatus,
598 5063 641 5117 ac
671 5063 767 5137 saepe
783 5059 910 5129 caesus,
929 5057 1009 5110 cum
1024 5033 1184 5132 reliquiis
1216 5031 1391 5109 exercitus
1414 5031 1593 5109 collectitii
1609 5033 1648 5109 in
1665 5056 1763 5112 suam

182 5177 229 5275 (6)
248 5189 320 5258 vide
332 5193 452 5274 Vespas.
468 5195 607 5260 1166166666
621 5192 676 5258 166.
690 5195 728 5271 11,
747 5193 876 5257 climaci.
893 5191 922 5255 6.

180 5289 225 5383 (t)
244 5291 426 5374 lhdecaetera
438 5311 512 5388 6666
528 5311 658 5375 cumdem
673 5306 859 5387 1166666666,
879 5303 1008 5366 climaci.
1028 5301 1056 5384 2,
1069 5303 1120 5365 lib.
1136 5298 1173 5364 11.
