4896 6650
622 787 730 848 mnan
752 788 940 854 saconnns
962 789 1176 866 narr-meo).
1696 779 1737 845 oa

136 999 148 1029 r
163 963 356 1042 cedendum.
378 963 492 1042 Quam
510 963 555 1035 ob
571 985 647 1036 rem
664 964 739 1038 etsi.
748 964 808 1037 vix
820 964 969 1061 pedibus
982 973 1102 1062 posset
1119 967 1324 1050 consistere,
1345 965 1392 1039 ad
1409 963 1604 1039 Ecclesiam
1616 969 1735 1034 tamen
1751 975 1817 1032 lere

136 1089 281 1164 vicisim
298 1086 583 1183 pedetentimque
608 1087 759 1182 singulis
777 1088 900 1162 diebus
912 1090 1119 1178 accedebat;
1139 1091 1175 1162 in
1190 1113 1260 1186 qua
1293 1089 1339 1163 ad
1368 1087 1588 1162 tremendum
1613 1086 1732 1158 missae

135 1211 357 1288 «confictum
375 1210 604 1282 christianam
622 1211 885 1306 rempublicam,
906 1236 956 1300 se,
977 1236 1110 1309 suaque
1127 1215 1246 1286 omnia
1264 1213 1393 1284 divinae
1405 1212 1555 1307 primum
1564 1206 1732 1292 Bonitati,

134 1335 278 1410 cdeinde
300 1334 509 1408 Sanctorum
535 1334 698 1430 precibus
727 1347 761 1408 et
793 1337 1104 1411 intercessionibus
1122 1337 1344 1410 devotissime
1362 1333 1638 1406 commendabat.
1661 1330 1732 1405 Sed

132 1462 239 1534 «hanc
255 1457 309 1530 illi
327 1457 533 1530 facultatem
549 1459 662 1531 morbi
680 1482 817 1556 quoque
830 1461 1051 1534 vehementia
1062 1460 1168 1556 paulo
1187 1469 1267 1557 post
1279 1459 1436 1543 abstulit,
1453 1459 1504 1530 ita
1517 1466 1556 1530 ut
1567 1480 1640 1530 non
1651 1480 1731 1553 pos-

134 1594 216 1669 eset,
234 1606 301 1658 nec
324 1583 430 1656 etiam
443 1591 558 1657 tutum
572 1591 678 1670 esset,
699 1591 800 1658 extra
816 1586 974 1679 privatos
1000 1587 1153 1681 parietes
1171 1585 1297 1680 pedem
1327 1583 1465 1656 efferre.
1488 1585 1575 1664 Quae
1592 1605 1649 1656 res
1667 1583 1734 1654 etsi

131 1709 335 1781 rmanmum
353 1707 407 1780 illi
426 1731 568 1781 sensum
594 1707 725 1781 doloris
743 1708 924 1797 afferebat,
940 1710 1028 1784 illud
1045 1719 1164 1784 tamen
1180 1710 1288 1804 longe
1308 1709 1555 1804 gravissimum
1573 1716 1609 1781 et
1633 1731 1731 1782 acer·
1825 1803 1829 1810 Ι

131 1831 327 1905 «bissimum
345 1831 486 1917 accidit,
507 1833 600 1926 quod
612 1855 676 1927 per
690 1831 822 1926 aliquot
835 1832 910 1906 dies
927 1835 972 1907 ab
990 1833 1166 1906 audiendo
1189 1834 1308 1906 missae
1331 1831 1502 1904 sacrificio
1520 1837 1662 1905 coactus
1680 1839 1734 1905 est

132 1986 143 2014 v
158 1956 325 2031 abstinere
342 1980 349 2027 :
367 1963 441 2028 tum
468 1955 562 2050 quod
582 1955 701 2029 nullus
718 1965 835 2030 certus
854 1965 947 2031 esset
963 1959 1005 2030 ad
1025 1982 1082 2031 res
1108 1958 1246 2030 divinas
1264 1957 1301 2028 in
1313 1956 1376 2028 illa
1394 1956 1496 2028 domo
1515 1957 1613 2031 locus
1627 1957 1732 2030 desti·

131 2087 262 2164 vnatus,
282 2085 358 2150 tum
375 2078 469 2174 quod
495 2079 811 2153 ecclesiasticorum
825 2105 997 2154 canonum
1024 2084 1216 2155 auctoritas
1243 2089 1278 2155 et
1294 2081 1404 2176 ipsius
1423 2080 1570 2153 Concilii
1583 2081 1730 2154 Triden-

131 2233 143 2263 ι
160 2203 226 2288 tini,
241 2203 278 2274 in
295 2225 563 2299 quopersonam
574 2202 685 2297 legati
699 2205 884 2298 apostolici
897 2229 1028 2300 magna
1045 2231 1124 2278 oum
1150 2206 1323 2300 dignitate
1337 2206 1515 2290 sustinuit,
1532 2205 1731 2278 sanctiones

132 2355 144 2384 r
159 2326 377 2422 prohiberent
397 2351 405 2398 ι
426 2335 523 2399 utne
540 2332 746 2422 paterentur
776 2329 930 2426 episcopi
947 2331 984 2402 in
1001 2331 1147 2426 privatis
1161 2331 1336 2416 domibus,
1352 2337 1459 2424 atque
1475 2330 1617 2403 omnino
1631 2339 1731 2402 extra

130 2451 356 2536 «Ecclesiam,
389 2450 483 2524 etad
517 2449 673 2522 divinum
702 2459 838 2524 tantum
855 2453 987 2527 cultum
1013 2455 1181 2541 oratoria,
1214 2463 1374 2530 sanctum
1399 2455 1466 2528 hoc
1484 2453 1731 2528 sacrificiuma

130 2602 143 2633 ι
159 2575 410 2669 quibuscunque
422 2573 565 2648 tandem
582 2575 718 2669 peragi.
738 2576 810 2650 Sed
827 2578 947 2651 statim
966 2579 1139 2652 succurrit
1154 2580 1312 2675 piissimo
1328 2581 1404 2674 ejus
1423 2577 1597 2652 desiderio
1613 2577 1732 2649 divina

131 2698 389 2774 vmisericordia
410 2724 513 2774 :cum
531 2699 625 2771 enim
643 2699 686 2772 de
717 2700 919 2776 valetudine
935 2711 1006 2776 tam
1040 2702 1171 2777 laudati
1196 2703 1387 2776 cardinalis
1413 2703 1597 2799 episcopus
1614 2703 1730 2798 Nepo-

131 2823 246 2896 vsinus
264 2822 424 2896 nuntium
453 2824 660 2920 accepisset,
680 2831 719 2896 ut
745 2825 857 2898 virum
881 2827 947 2900 Dei
977 2827 1119 2914 viseret,
1141 2827 1373 2922 Capranicam
1403 2828 1567 2912 accurrit,
1588 2833 1623 2899 et
1640 2825 1730 2899 cele·

129 2944 271 3018 airaudi
298 2947 502 3020 facultatem
524 2948 562 3020 in
591 2949 727 3044 privato
757 2947 930 3035 cubiculo,
950 2950 987 3022 id
1016 2950 1132 3045 ipsum
1163 2952 1308 3048 abipso
1338 2953 1472 3047 petenti
1499 2972 1635 3023 summa
1653 2973 1731 3022 cum

128 3075 357 3163 vhumilitate,
385 3077 616 3152 libentissimo
642 3079 759 3151 animo
783 3079 979 3166 concessit;
1008 3101 1123 3174 neque
1141 3086 1259 3152 tamen
1287 3077 1416 3151 adduci
1446 3076 1504 3150 vel
1517 3076 1732 3150 medicorum

128 3202 294 3276 «consiliis
311 3203 369 3276 vel
386 3204 549 3298 precibus
566 3206 697 3276 nostris
723 3205 849 3299 potuit,
867 3213 906 3278 nt
922 3204 1098 3300 languens
1119 3203 1330 3276 exhaustum
1347 3195 1453 3296 atque
1473 3200 1639 3274 deficiens
1657 3221 1733 3272 cor-

129 3325 330 3418 vpusculum
363 3327 400 3398 in
418 3324 547 3400 lectulo
573 3327 796 3401 contineret:
818 3330 881 3401 sed
912 3329 949 3401 in
975 3328 1071 3402 aliud
1096 3326 1326 3400 nihilominus
1345 3323 1526 3398 offerendo
1557 3323 1732 3397 sacrificio

127 3476 139 3503 ι
156 3448 341 3522 cubiculum
358 3449 573 3523 destinatum
590 3452 652 3537 ita,
674 3458 712 3523 ut
729 3459 880 3545 poterat,
899 3453 1098 3536 secedebat,
1124 3451 1162 3522 in
1180 3474 1248 3545 quo
1265 3449 1416 3544 genibus
1432 3449 1546 3533 dexia,
1570 3448 1729 3520 manibus

126 3569 186 3642 «in
217 3571 342 3645 coelum
368 3571 530 3656 elevatis,
566 3574 638 3645 vim
666 3574 902 3671 lacrymarum
924 3576 1153 3670 profundenS,
1188 3573 1327 3647 Domini
1351 3571 1628 3645 misericordiam
1654 3579 1729 3646 tota

126 3698 270 3770 «mentm
299 3698 477 3794 animique
508 3697 730 3772 contentione
748 3699 973 3794 implorabat.
994 3700 1134 3775 Accidit
1163 3708 1294 3784 autem,
1315 3706 1354 3770 ut
1383 3697 1576 3792 aquodam
1594 3697 1729 3770 ansuis

126 3825 356 3902 moneretur,
385 3827 423 3892 ut
439 3820 475 3890 in
501 3819 591 3894 sella
614 3821 731 3915 potius
762 3824 901 3909 sedens,
918 3847 1024 3919 quam
1050 3826 1087 3896 in
1115 3846 1234 3919 genua
1252 3822 1469 3918 provolutus,
1492 3829 1528 3894 et
1552 3821 1589 3893 in
1607 3826 1729 3915 pectus

124 3939 362 4025 “incumbena
393 3940 600 4014 offerentem
618 3944 837 4018 sacerdotem
867 3950 1084 4021 observaret.
1106 3947 1199 4020 Huic
1215 3946 1335 4041 paulo,
1369 3955 1404 4018 et
1434 3951 1565 4039 praeter
1595 3967 1727 4017 morem

124 4089 137 4118 ι
155 4083 260 4149 suum,
280 4063 488 4138 concitatius
506 4067 687 4160 respondit
708 4092 715 4138 :
733 4091 777 4142 ne
785 4071 860 4165 jann
880 4095 936 4145 mo
952 4073 1062 4145 facias
1075 4070 1304 4144 delicatulum
1325 4094 1332 4141 :
1355 4069 1405 4142 sic
1418 4092 1483 4165 par
1500 4077 1567 4153 est,
1588 4075 1627 4140 nt
1644 4090 1725 4162 ogo,

123 4209 247 4280 «quem
264 4189 388 4276 debeo,
422 4189 554 4262 cultum
572 4198 607 4262 et
633 4195 869 4267 reverentiam
885 4197 961 4270 Deo
975 4217 1052 4268 meo
1072 4195 1273 4268 exhibeam.
1295 4194 1367 4267 Sed
1385 4215 1499 4287 neque
1516 4194 1583 4265 hoc
1600 4215 1727 4288 passus

121 4319 207 4397 rest,
223 4321 274 4397 ut,
295 4313 467 4387 sacrificio
486 4315 645 4402 durante,
662 4316 804 4391 flabello
822 4322 1008 4416 qnisquam
1023 4328 1168 4393 ventum
1186 4319 1369 4401 excitaret,
1401 4316 1636 4410 refrigerandi
1646 4340 1729 4412 gra·

121 4425 211 4510 etia(
223 4437 309 4512 Cum
335 4440 382 4512 ad
410 4441 527 4512 cibum
545 4441 754 4514 sumendum
771 4451 865 4516 esset
894 4443 945 4515 illi
977 4442 1233 4525 accedendum,
1253 4462 1325 4514 non
1343 4439 1389 4510 ad
1407 4437 1645 4525 refectionem,
1666 4439 1730 4512 scd

120 4571 309 4662 “anquam
334 4567 380 4640 ad
409 4592 548 4664 poenam
582 4593 619 4641 se
637 4570 755 4642 vocari
789 4570 947 4655 dicebat3
974 4590 1018 4638 ac
1046 4588 1141 4661 saepe
1171 4587 1291 4637 coram
1309 4562 1453 4635 medicis
1472 4563 1516 4634 de
1530 4585 1596 4634 suo
1611 4569 1729 4656 patre·

119 4717 132 4746 κ
149 4689 293 4766 familias
309 4692 539 4789 (stomachum
556 4693 607 4764 ita
624 4693 783 4788 vocabat)
801 4701 958 4788 quaestus
986 4698 1065 4764 est:
1087 4690 1184 4784 quod
1205 4710 1392 4785 perperam
1411 4709 1555 4760 munere
1570 4709 1633 4758 suo
1651 4687 1728 4758 sun·

121 4823 300 4908 vgeretur,
321 4823 357 4888 et
377 4815 568 4901 alimentis,
599 4839 679 4910 quae
697 4817 744 4889 ad
765 4817 877 4902 illum,
907 4816 1124 4910 reliquorum
1154 4814 1393 4887 membrorum
1422 4810 1731 4884 sustentandorum

119 4943 273 5034 agretia,
292 4942 588 5026 transmittuntur,
604 4942 821 5014 abuteretur.
844 4940 971 5014 Conati
987 4960 1108 5012 sumus
1137 4960 1203 5010 nos
1221 4956 1360 5030 qnoque
1382 4932 1434 5004 illi
1449 4931 1671 5027 persuadere,
1693 4939 1732 5003 ut

119 5065 318 5139 «heodem
347 5066 475 5139 lectulo
494 5067 652 5139 divinum
687 5067 805 5138 missae
831 5065 1039 5138 sacrificium
1057 5066 1216 5150 audiret;
1241 5065 1303 5136 sed
1321 5065 1352 5134 is
1369 5061 1471 5133 nobis
1486 5081 1565 5132 cum
1582 5059 1731 5154 quadam

118 5188 353 5282 *ignorantiae
370 5195 405 5260 et
422 5187 612 5284 praecipitis
641 5188 779 5261 consihi
796 5186 1078 5284 exprobratione,
1113 5187 1256 5260 minime
1274 5184 1461 5258 convenire
1479 5181 1672 5277 respondit,
1694 5189 1733 5255 ut
