4906 6642
43 1183 44 1186 ,
164 1115 297 1186 Petrum
322 1111 476 1206 Sharga,
498 1107 660 1207 aquibus
683 1119 766 1184 ante
779 1114 816 1185 in
834 1113 914 1185 aliis
932 1114 1104 1188 refutatus
1119 1122 1208 1200 erat,
1224 1113 1353 1185 librum
1369 1111 1601 1182 convitiorum
1616 1115 1652 1182 et
1668 1109 1777 1204 pestis
1804 1109 1899 1166 nonni

665 805 773 866 LIBER
797 801 984 868 SECUNDUS
1008 806 1218 884 (latrasse).
1288 817 1290 821 ’
1735 800 1776 866 59

43 1005 44 1008 ’
164 987 322 1073 volanae,
339 978 441 1060 'inter
458 988 639 1061 ministros
662 988 801 1061 calvini
821 992 1045 1088 coryphaeus,
1070 991 1241 1064 adversus
1263 989 1494 1062 Franciscum
1508 986 1721 1059 Turrianum
1741 995 1776 1060 ct
1805 1032 1869 1086 rats

43 1203 45 1258 Ι
185 1239 190 1253 .
616 1237 623 1251 .
897 1240 903 1254 .
1327 1239 1383 1253 ..
1512 1237 1518 1252 .
1802 1187 1920 1244 haretici

43 1269 44 1276 ¹
164 1238 239 1309 drrae
251 1237 394 1330 plenum
411 1261 418 1308 :
437 1243 734 1331 opportunitatem
752 1245 876 1311 nactus
894 1239 955 1311 6116
972 1239 1195 1334 figendorum
1208 1235 1405 1310 maledictis
1418 1237 1441 1309 J
1444 1243 1650 1319 esurtarum,
1663 1234 1776 1307 haere·
1804 1267 1953 1336 scriptaru-

43 1363 44 1420 ἓ
164 1364 270 1456 sisque
291 1383 368 1434 suae
389 1362 633 1447 celebrandae;
659 1361 696 1432 in
719 1363 873 1433 maxima
894 1363 1059 1436 videlicet
1080 1387 1278 1459 procorum,
1300 1362 1438 1456 consilii
1469 1360 1587 1433 bellici
1610 1359 1779 1433 adversus
1805 1349 1886 1404 11111·

164 1487 296 1560 Moscos
320 1506 428 1558 causa
453 1486 593 1558 Vilnam
617 1494 901 1570 convocatorum,
922 1486 1133 1582 frequentia.
1151 1487 1391 1559 Probantibus
1405 1485 1590 1558 consilium
1604 1485 1659 1557 sui
1677 1485 1780 1556 mini-

163 1611 218 1682 stri
245 1609 437 1695 haereticis,
464 1632 532 1706 quo
555 1610 663 1704 regis
687 1633 826 1705 quoque
856 1611 1012 1683 animum
1034 1611 1081 1683 ad
1104 1612 1387 1685 benevolentiam
1421 1611 1509 1705 erga
1539 1633 1578 1681 66
1604 1615 1783 1682 veterator

164 1733 324 1817 alliceret,
348 1733 478 1804 librum
500 1733 533 1805 61
557 1733 797 1829 inscripserat,
826 1734 964 1829 prolixa
997 1735 1032 1805 in
1070 1759 1112 1808 66
1143 1735 1187 1808 (16
1217 1735 1381 1807 laudibus
1410 1734 1519 1828 regiis
1550 1733 1711 1806 oratione
1745 1733 1783 1804 id
1825 1784 1828 1792 1

164 1857 328 1932 eblandiri
349 1863 510 1930 conatus.
532 1856 613 1930 Non
633 1855 815 1929 indormiit
831 1880 949 1931 causae
967 1882 1042 1931 suae
1067 1860 1298 1942 Possevinus‚
1319 1859 1555 1953 conscriptum
1581 1857 1677 1929 ocius
1699 1880 1721 1928 a
1744 1880 1783 1929 se

164 1981 310 2055 libellum
325 1982 369 2054 de
386 1981 569 2054 fraudibus
586 1981 717 2055 Volani
743 1983 820 2077 regi
845 1982 961 2056 offert.
982 1983 1142 2078 Longior
1160 1991 1214 2056 661
1231 2006 1275 2055 66
1293 1982 1454 2077 66161616,
1471 2005 1575 2054 66666
1591 1983 1627 2052 16
1640 1982 1784 2077 linguas

165 2107 285 2191 varias,
307 2104 404 2178 edita
429 2129 507 2179 curn
534 2128 599 2178 666
621 2107 755 2201 pariter
779 2107 935 2178 auctoris
951 2112 1142 2179 Mosccoia.
1165 2108 1275 2180 Lecta
1299 2129 1363 2178 rex
1386 2105 1549 2201 epistola,
1568 2106 1671 2201 jubet
1701 2129 1783 2179 con·
1811 2145 1947 2203 ΗΜ

163 2231 253 2302 11666
283 2230 321 2300 16
351 2228 529 2302 Volanum
559 2229 717 2325 inquiri:
739 2231 871 2326 scripta
904 2253 980 2317 sua,
1015 2254 1095 2326 quae
1116 2231 1356 2326 dispersisset,
1385 2231 1507 2325 colligi
1529 2253 1570 2302 66
1588 2228 1779 2324 supprimi;
1814 2220 1958 2334 1019111Πὲ.

164 2352 333 2448 pollicitus
356 2351 401 2424 de
422 2375 474 2438 se,
499 2353 530 2424 si
552 2351 642 2425 liber
664 2354 769 2450 hujus
787 2355 944 2428 auctoris
966 2327 1003 2425 ih
1028 2377 1110 2427 suas
1141 2355 1297 2427 venisset
1319 2377 1458 2440 manus,
1484 2355 1520 2424 16
1544 2377 1671 2448 rogum
1698 2375 1785 2447 opus
1811 2314 1946 2454 {pugnari

164 2474 340 2549 confestim
361 2499 400 2549 se
428 2477 680 2571 conjecturum.
711 2478 883 2550 Proceres
906 2477 1046 2550 interim
1074 2479 1239 2551 catholici
1268 2471 1516 2551 benevolentia
1547 2500 1633 2571 erga
1659 2477 1786 2549 Posse-

164 2600 275 2673 vinum
292 2601 565 2685 concertabant;
586 2601 623 2672 in
646 2601 768 2696 primis
791 2602 943 2696 Collegii
964 2602 1169 2676 Academici
1198 2625 1328 2698 parens
1358 2602 1549 2697 piissimus,
1571 2600 1787 2673 Valerianus
1871 2646 1914 2702 34.

165 2725 204 2798 da
224 2706 422 2800 Sauszhovo
441 2724 718 2798 Sauszkovshius
734 2727 983 2812 Protasevvicz,
1000 2729 1150 2802 antistes
1167 2727 1404 2800 Vilnensium.
1424 2725 1519 2798 Ante
1532 2724 1666 2797 abitum
1685 2748 1785 2797 suum
1813 2726 1951 2822 varenam

164 2853 375 2926 Possevinus
394 2851 658 2925 decumbentem
681 2875 724 2924 ex
747 2852 909 2948 podagra
937 2853 1147 2927 Pontificem
1168 2853 1390 2927 carissimum
1419 2852 1514 2924 visit.
1540 2850 1641 2937 Orat,
1664 2849 1786 2944 ingre·
1812 2810 1949 2948 {5¹:0⁰3}ss

163 2976 271 3050 dienti
295 2976 362 3048 sibi
375 2975 606 3071 longinquum
628 2983 665 3048 et
687 2975 828 3050 difficile
844 2985 942 3050 terra
954 2979 1113 3073 marique
1125 2980 1193 3052 iter
1210 2986 1249 3050 ut
1265 2977 1383 3051 fausta
1402 2982 1621 3072 precaretur;
1639 2975 1787 3048 caritate
1814 2970 1909 3042 pietas.

163 3081 268 3195 61666
283 3107 433 3196 6616666
455 3106 633 3196 acceptus,
655 3108 818 3174 monetur
835 3103 881 3174 ab
908 3125 962 3187 66,
988 3102 1036 3174 ad
1059 3126 1160 3175 suum
1177 3103 1306 3176 lectum
1331 3103 1462 3198 hospes
1480 3123 1519 3173 se
1537 3099 1709 3196 applicet3
1726 3098 1787 3170 illo

167 3226 199 3296 in
224 3247 346 3320 genua
367 3223 632 3320 procumbente,
653 3225 827 3319 depromit
849 3232 993 3298 sanctus
1021 3249 1130 3298 66666
1156 3227 1328 3311 chartam,
1353 3224 1440 3320 ipsis
1465 3223 1592 3296 faustis
1626 3223 1791 3318 precibus

167 3348 417 3443 conscriptam,
437 3355 543 3442 atque
566 3371 640 3420 eam
664 3355 762 3421 tanta
780 3350 924 3446 6161616,
941 3357 1072 3444 666616
1091 3372 1221 3445 666666
1239 3337 1511 3432 amantissimus,
1528 3347 1639 3419 evita
1660 3348 1793 3442 migra-

166 3477 278 3556 turus,
306 3470 379 3544 filio
403 3478 608 3567 precaretur
630 3472 771 3556 dilecto,
805 3451 916 3569 super
933 3473 1094 3547 inclinati
1122 3473 1291 3546 verticem
1310 3472 1449 3545 recitat.
1475 3470 1645 3565 Adjutum
1668 3493 1706 3542 66
1728 3472 1796 3544 1666

164 3596 372 3690 precatione
401 3597 438 3668 in
468 3595 634 3690 periculis
668 3605 704 3670 61
739 3597 1004 3671 difficultatibus
1029 3599 1259 3684 Possevinus‚
1281 3621 1361 3693 quae
1384 3597 1451 3670 sibi
1482 3604 1557 3668 tum
1574 3596 1704 3669 viatori
1720 3606 1795 3671 tum

164 3719 300 3817 hospiti
322 3722 359 3793 in
378 3743 491 3816 regno
518 3721 669 3794 Suetico.
679 3721 881 3816 superanda
899 3730 1001 3794 erant
1017 3724 1140 3812 multa,
1158 3723 1369 3796 affirmabat.
1388 3721 1497 3793 Paulo
1519 3729 1601 3816 post
1618 3722 1796 3817 piissimus

164 3845 321 3942 Collegii
345 3847 539 3920 academici
568 3867 712 3941 parens,
740 3846 863 3918 morbo
886 3848 1055 3942 senioque
1081 3847 1274 3931 confectus,
1303 3848 1388 3926 anni
1413 3847 1519 3942 hujus
1542 3854 1699 3922 extremo
1723 3848 1793 3933 die,

162 3993 302 4065 magno
335 3970 513 4042 universae
547 3968 722 4053 dinecesis‚
757 3971 909 4044 maximo
937 3972 1121 4045 Sociorum
1147 3973 1257 4054 luctu,
1287 3971 1414 4057 desiit;
1443 3970 1604 4066 Collegio
1634 3971 1798 4046 Vilnensi

164 4117 424 4191 usquequaque
453 4092 623 4190 perfecto,
656 4094 902 4190 praesidiisque
932 4094 1094 4167 omnibus
1121 4095 1346 4180 communito,
1380 4095 1416 4166 16
1448 4096 1572 4191 primis
1608 4093 1797 4168 Pontificio

161 4219 336 4316 Gregorii
358 4219 449 4295 XIII
473 4217 663 4314 diplomate
677 4219 732 4315 (1);
753 4242 821 4321 quo
847 4217 1039 4292 Academia
1062 4227 1097 4292 et
1119 4219 1343 4292 Universitas
1365 4220 1591 4292 scientiarum
1617 4227 1673 4293 est
1699 4220 1798 4292 insti·

158 4349 249 4429 tuta,
296 4341 428 4415 deinde
456 4342 662 4437 reipublicae
691 4350 727 4415 61
759 4365 885 4438 regum
916 4343 1086 4428 Poloniae‚
1115 4344 1152 4415 16
1183 4343 1306 4439 primis
1341 4344 1512 4438 Stephani
1547 4345 1563 4416 I
1598 4343 1796 4440 privilegiis

160 4467 393 4540 confirmata.
424 4466 559 4562 Corpus
589 4467 742 4562 pastoris
773 4467 870 4552 boni,
900 4467 1090 4562 magnifico
1122 4468 1254 4540 elatum
1283 4467 1419 4554 funere,
1447 4469 1484 4539 in
1515 4467 1695 4564 pontificio
1726 4468 1799 4542 divi
1828 4520 1928 4577 smus.

160 4589 345 4663 StanIsIai
363 4588 416 4661 M.
436 4590 567 4685 templo
585 4591 752 4684 quiescit;
773 4589 833 4662 nbi
850 4590 934 4663 vitae
951 4614 1089 4686 quoque
1106 4615 1181 4666 suae
1201 4592 1369 4686 elogium,
1386 4591 1536 4664 incisum
1554 4594 1590 4665 16
1608 4617 1797 4681 marmore,

158 4715 290 4789 subter
305 4737 414 4788 suum
431 4713 655 4788 simulacrum
671 4737 907 4787 marmoreum
923 4713 1054 4810 legitur
1068 4717 1118 4812 (a).

206 4839 449 4913 Pontificiam
471 4839 695 4912 Vilnensium
714 4839 920 4912 cathedram
936 4841 993 4912 his
1007 4840 1221 4914 Valerianus
1242 4842 1402 4916 ascendit
1424 4841 1595 4937 gradibus
1617 4867 1624 4914 :
1650 4843 1801 4938 primum

158 4965 193 5036 in
216 4968 296 5039 hac
323 4964 472 5038 dioecesi
494 4989 620 5038 munus
638 4964 762 5037 decani
781 4965 817 5037 in
838 4965 997 5060 Collegio
1017 4967 1266 5039 canonicorum
1288 4968 1483 5063 praestabat
1503 4993 1511 5038 :
1529 4967 1657 5042 deinde
1674 4967 1806 5041 notarii

197 5117 240 5192 (l)
267 5115 383 5176 Obitus
405 5116 543 5186 eiusdem.
561 5113 650 5172 vilra
672 5117 832 5173 academica
858 5115 1032 5175 Universitas
1056 5119 1194 5185 166111616,
1212 5124 1239 5174 61
1261 5119 1438 5176 confirmata.
1462 5117 1522 5177 Vid.
1541 5099 1646 5177 1161166.
1660 5118 1797 5186 Cherub,

161 5226 285 5282 constit.
311 5221 520 5294 abaciacus
538 5220 601 5279 lllll
617 5222 701 5294 16616.
719 5221 797 5280 Dum
810 5231 913 5280 6116616
928 5229 983 5282 616.
998 5255 1039 5266 -
1060 5225 1097 5300 (a)
1120 5223 1182 5282 Viri.
1198 5226 1290 5304 ologta
1302 5227 1329 5283 16
1345 5225 1500 5299 appendice
1512 5221 1593 5302 hujus
1606 5226 1681 5283 libri.
