4906 6642
644 765 685 832 26
1020 764 1296 829 LlTUANICARUM
1318 768 1532 832 SOCIETATIS
1552 773 1639 834 JESU
1660 765 1913 836 utsroalluum

644 949 818 1023 Stanislao
851 948 1060 1022 Emmanuel
1088 950 1134 1022 ad
1167 952 1280 1025 aedem
1309 951 1407 1024 illam
1437 953 1576 1040 visum;
1613 979 1724 1030 exre
1755 957 1893 1052 quaerit,
1932 963 2148 1053 quantopere
2187 959 2267 1055 ipse

643 1077 792 1150 Beatam
811 1074 973 1170 diligeret
993 1100 1002 1161 ;
1020 1075 1150 1148 dictum
1179 1077 1318 1151 ardenti
1347 1078 1464 1150 animo
1494 1079 1559 1152 fuit
1587 1103 1650 1176 pro
1681 1081 1835 1154 flabello.
1871 1110 1888 1141 a
1908 1081 1983 1154 Ah!
2008 1083 2104 1178 quid,
2138 1083 2265 1179 inquit,

643 1202 784 1282 dicaml
815 1201 932 1274 Mater
948 1200 1038 1285 haec,
1060 1201 1178 1300 Mater
1194 1203 1274 1297 ipsa
1292 1225 1371 1276 mea
1386 1213 1451 1276 est.
1476 1237 1492 1269 a
1514 1204 1601 1285 Quae
1630 1229 1694 1278 sua
1718 1231 1786 1281 vox
1807 1207 1857 1280 ita
1882 1207 2123 1282 Emmanuelis
2149 1209 2269 1283 affecit

643 1328 810 1412 animum,
833 1333 907 1398 uta
923 1331 1098 1421 praesente
1116 1327 1233 1399 nescio
1253 1349 1321 1421 quo
1339 1312 1473 1400 coelesti
1491 1329 1596 1422 genio
1615 1353 1685 1402 non
1700 1332 1742 1402 ab
1756 1330 1897 1404 homine
1918 1333 2048 1405 emissa
2072 1333 2265 1406 videretur.

642 1453 819 1533 Quantum
836 1474 941 1545 porro
959 1450 1052 1545 apud
1070 1450 1161 1522 hanc
1178 1451 1332 1523 Matrem
1349 1475 1449 1524 suam
1466 1452 1603 1527 valeret
1620 1455 1696 1549 ipse
1721 1457 1852 1550 gratia,
1883 1457 2019 1551 experti
2047 1457 2187 1532 sodales
2212 1458 2268 1531 sui

639 1575 775 1650 novitii.
794 1576 842 1650 Si'
862 1574 946 1670 quid
963 1574 1134 1647 orandum
1165 1581 1253 1660 erat,
1283 1576 1375 1670 quod
1404 1578 1556 1651 maxime
1583 1601 1653 1650 non
1675 1580 1747 1652 suis
1774 1587 1941 1676 putarent
1971 1581 2133 1677 precibus
2161 1580 2278 1676 impe.

642 1702 782 1787 trabile,
801 1703 967 1775 utendum
984 1700 1055 1782 hio,
1075 1701 1232 1795 ajebant,
1256 1729 1273 1762 e
1294 1708 1434 1775 oratore
1453 1702 1644 1790 Stanislao,
1668 1705 1762 1799 apud
1779 1705 1954 1800 Reginam
1965 1705 2046 1778 coeli
2060 1705 2228 1800 gratioso,
2249 1739 2267 1770 n

690 1825 991 1900 commendabiles
1032 1825 1176 1919 Superis
1208 1847 1329 1920 preces
1369 1849 1451 1898 suas
1488 1826 1646 1901 faciebat
1696 1851 1795 1902 amor
1828 1829 1895 1902 Dei
1937 1829 2162 1925 praecipuus3
2198 1852 2268 1924 quo

533 2003 539 2017 .
644 1952 839 2026 Stanislaus
856 1948 971 2044 magis
988 1971 1094 2044 quam
1112 1950 1228 2022 anima
1241 1949 1377 2045 spirare
1391 1951 1577 2024 videbatur
1592 1978 1600 2037 ;
1615 1958 1727 2046 ‚atque
1745 1953 1920 2025 interdum
1938 1952 1988 2025 sie
2000 1953 2266 2038 exardescebat,

641 2084 681 2149 ut
697 2076 804 2148 ardor
821 2075 972 2170 pectoris
988 2075 1129 2168 ingesta
1144 2075 1236 2146 foret
1253 2074 1372 2168 gelida
1401 2076 1666 2170 temperandus.
1696 2077 1859 2149 Meminit
1882 2077 2000 2173 hujus,
2034 2076 2192 2150 scribens
2221 2076 2268 2149 de

641 2187 760 2276 amore
778 2202 857 2284 Dei,
880 2201 1004 2274 beatus
1018 2199 1280 2273 Genevensium
1294 2199 1491 2294 episeopus,
1513 2199 1956 2296 FranciscusSalesius(1)
1977 2223 1986 2272 t
2014 2229 2031 2262 a
2054 2199 2266 2288 StanislauS,

639 2327 764 2421 inquit,
785 2325 990 2398 adolescens
1008 2331 1106 2397 tanto
1123 2324 1188 2396 Dei
1206 2323 1401 2396 salvatoris
1420 2325 1476 2396 sui
1494 2331 1676 2418 correptus
1694 2332 1771 2398 erat
1796 2347 1929 2407 amore,
1955 2333 1994 2398 ut
2016 2348 2112 2420 saepe
2130 2325 2167 2398 in
2185 2349 2269 2398 eum

639 2472 760 2524 casum
777 2448 947 2521 deductus
970 2454 1074 2531 esset,
1091 2453 1129 2518 ut
1164 2447 1283 2518 anima
1299 2469 1363 2542 per
1385 2420 1511 2520 aestum
1541 2446 1720 2534 deficeret,
1753 2450 1912 2545 foretque
1943 2472 2100 2534 necesse,
2120 2450 2269 2524 linteola

637 2571 748 2644 tincta
760 2570 798 2643 in
813 2571 957 2666 frigida,
977 2571 1110 2666 pectori
1126 2570 1310 2665 applicari,
1331 2594 1399 2666 quo
1414 2593 1498 2644 suus
1516 2579 1772 2666 temperaretur
1790 2582 1911 2646 aestus.
1940 2609 1956 2640 η

690 2697 759 2771 Sed
778 2697 954 2782 sistente,
973 2695 1120 2769 illabens
1134 2697 1277 2790 saepius,
1294 2703 1437 2791 totoque
1460 2705 1612 2770 mentem
1636 2698 1776 2792 agitans
1800 2705 1955 2793 pectore,
1984 2699 2144 2794 superior
2170 2699 2270 2771 omni

640 2823 746 2918 coepit
771 2822 914 2895 tandem
941 2843 1018 2894 esse
1045 2821 1222 2908 remedio;
1239 2810 1345 2916 quare
1359 2845 1497 2916 corpus,
1519 2823 1673 2895 ardentis
1689 2823 1739 2895 ita
1757 2813 1972 2895 domicilium
1983 2823 2100 2910 animi,
2122 2823 2269 2896 dissolvi

640 2947 806 3042 oportuit.
827 2946 945 3037 Sensit
971 2969 1072 3018 suum
1092 2946 1169 3040 ipse
1185 2944 1391 3040 periculum,
1410 2945 1513 3040 idque
1531 2947 1661 3020 diserte
1674 2946 1852 3042 praedixit,
1873 2947 2034 3042 diemque
2053 2947 2265 3041 assignavit,

641 3072 984 3146 decimumoctavum
996 3069 1139 3144 kalend.
1169 3071 1401 3165 septembres,
1414 3070 1593 3165 triumpho
1607 3080 1797 3166 assumptae
1811 3072 1936 3144 Beatae
1944 3071 2104 3166 Virginis
2113 3094 2267 3154 sacrum,

640 3197 707 3270 sibi
724 3194 882 3269 mortalis
899 3195 983 3267 vitae
1001 3217 1215 3290 supremum.
1228 3194 1336 3266 Festo
1351 3194 1446 3266 beati
1457 3194 1637 3269 Laurentii
1648 3197 1829 3292 martyris,
1852 3195 1958 3268 oblati
1971 3218 2036 3290 per
2049 3202 2180 3268 sortem
2197 3195 2265 3266 sibi

639 3321 677 3393 in
694 3343 849 3394 mensem
863 3318 1021 3392 sextilem
1034 3318 1189 3413 patroni,
1210 3319 1465 3391 ministrantem
1478 3319 1515 3390 in
1542 3319 1658 3391 culina
1674 3319 1806 3413 pietate
1824 3329 1860 3393 et
1876 3320 1984 3392 animi
2009 3320 2147 3393 fervore
2172 3330 2267 3414 pr'ae·

641 3445 757 3540 cipue,
774 3444 918 3518 incessit
935 3441 1124 3528 febricula;
1143 3465 1222 3537 quae
1242 3442 1382 3516 tametsi
1402 3442 1514 3515 levior
1531 3431 1900 3529 videretur'omnibus,
1917 3446 1992 3541 ipse
2008 3452 2125 3519 mmen
2141 3444 2207 3516 hae
2224 3467 2267 3517 se

639 3569 915 3642 consumendum
942 3567 1158 3653 affirmabat;
1179 3565 1269 3638 nihil
1287 3589 1373 3661 ergo
1391 3591 1413 3640 a
1429 3567 1542 3662 primo
1558 3567 1674 3640 statim
1692 3568 1838 3641 articulo
1856 3568 2085 3641 omittendum
2104 3567 2263 3664 putavit,

639 3716 707 3788 quo
725 3716 763 3766 se
780 3692 931 3765 maxime
945 3692 1058 3786 pietas
1080 3713 1145 3763 sua
1166 3691 1242 3763 Deo
1260 3691 1534 3763 commendaret.
1559 3693 1686 3764 Omnia
1705 3679 1775 3766 'rite
1796 3692 2052 3788 diligenterque
2074 3699 2264 3777 exacutae,

637 3819 726 3892 bene
745 3819 869 3902 Sociis,
890 3817 978 3889 bene
992 3815 1171 3902 Societati,
1193 3814 1383 3888 carissimae
1398 3815 1505 3887 Matri
1523 3839 1609 3900 suae,
1631 3823 1805 3912 precatus,
1818 3818 1908 3891 hora
1917 3818 1962 3890 ab
1973 3817 2137 3890 umbilico
2150 3816 2266 3890 noctis

638 3944 744 4017 tertia
763 3944 809 4016 ad
829 3942 1045 4038 triumphum
1060 3940 1182 4012 Beatae
1197 3939 1355 4034 Virginis
1381 3939 1524 4036 propius
1543 3941 1768 4034 spectandum
1783 3942 1946 4014 evolavit.
1968 3943 2069 4015 Mors
2087 3942 2267 4016 levissimo

636 4069 713 4141 visa
727 4090 848 4140 somno
865 4065 1100 4161 tranquillior,
1122 4064 1301 4159 integrum
1321 4064 1406 4150 oris,
1428 4065 1529 4159 quasi
1547 4065 1740 4139 renidentis
1758 4065 1893 4152 adhuc,
1912 4067 2071 4139 habitum
2090 4073 2265 4140 venusta-

636 4201 777 4289 temque
792 4192 943 4288 reliquit.
961 4190 994 4265 Α
1012 4198 1138 4277 morte,
1154 4189 1267 4286 primo
1290 4188 1363 4262 iere
1381 4189 1547 4275 diluculo,
1573 4197 1694 4266 tantus
1719 4189 1839 4286 populi
1860 4189 1975 4264 sactus
1998 4190 2152 4288 undique
2177 4213 2267 4262 con·

639 4341 773 4402 cursus,
794 4325 846 4401 ut,
868 4323 998 4413 praeter
1011 4316 1111 4398 alios,
1123 4313 1311 4386 miraretur
1324 4313 1536 4386 Franciscus
1554 4313 1703 4388 Toletus
1723 4313 1925 4400 cardinalis,
1942 4335 2200 4408 conversusque
2216 4313 2267 4384 ad

641 4440 761 4514 Socios
774 4441 905 4514 diceret
922 4465 929 4512 :
951 4464 995 4512 en
1013 4437 1315 4513 adolescentulum
1328 4438 1522 4510 advenam!
1549 4445 1588 4509 ut
1604 4437 1757 4510 adhunc
1774 4444 1850 4510 tota
1865 4437 2043 4510 concurrit
2058 4437 2203 4514 civitas!
2223 4441 2266 4508 ut

641 4564 787 4659 quisque
809 4564 942 4647 videre,
968 4569 1004 4638 et
1019 4563 1077 4636 vel
1098 4563 1273 4635 fimbriam
1287 4569 1368 4635 avet
1386 4561 1610 4656 contingerel
1628 4561 1817 4646 Flosculis,
1837 4560 1990 4647 corollis,
2007 4542 2175 4634 iconcnlis
2191 4567 2264 4631 ter-

639 4689 764 4784 gendis
781 4688 977 4782 obtegitur!
1006 4687 1159 4782 carpitur
1177 4688 1223 4759 ab
1245 4687 1301 4760 his
1325 4694 1359 4758 et
1381 4685 1464 4769 illis,
1485 4686 1540 4780 pie
1555 4686 1776 4759 amantibus!
1806 4687 1920 4760 Nobis
1946 4687 2089 4759 senibus
2115 4687 2264 4760 mortuis

639 4812 819 4908 quidfietl
841 4812 918 4891 Quo
937 4811 1028 4882 dicto
1047 4811 1194 4892 monuit,
1223 4810 1341 4882 futura
1370 4817 1449 4903 post
1475 4816 1623 4882 mortem
1648 4811 1791 4906 praemia
1811 4811 1945 4884 meritis
1961 4811 2086 4906 cuique
2100 4809 2172 4883 suis
2190 4833 2263 4882 non

640 4937 743 5008 annis
760 4936 949 5042 metienda.
968 4935 1092 5008 Obitus
1112 4934 1296 5021 Stanislai,
1317 4934 1406 5008 adeo
1419 4934 1488 5030 ipsi
1499 4933 1617 5020 laetus,
1640 4937 1839 5010 amantibus
1859 4936 1970 5009 Sociis
1979 4935 2093 5008 dolori
2106 4935 2172 5008 fuit
2186 4959 2260 5008 om·

640 5061 757 5147 nibus,
782 5062 819 5134 in
844 5059 966 5157 primis
983 5082 1065 5134 caro
1086 5059 1209 5154 gentili
1237 5083 1300 5132 suo
1326 5059 1503 5133 Stanislao
1525 5061 1786 5136 Varszevicki0.
1808 5061 1980 5158 Magnum
1997 5061 2036 5136 in
2051 5061 2262 5158 hocjuvene

684 5237 726 5318 (t)
744 5239 825 5297 Parte
840 5242 939 5315 prima,
957 5241 976 5297 l.
999 5243 1027 5312 o,
1045 5255 1106 5313 cap.
1125 5241 1175 5296 ott.
