4896 6650
855 407 874 492 a]

660 731 767 791 urana
792 732 947 792 runrrus
966 727 1182 810 (isso-1590).
1675 729 1734 794 143

145 973 152 985 .
175 917 407 1015 Epropinquo
430 915 579 1010 Collegii
595 937 688 1010 pago
705 913 846 997 Ablein,
865 933 1027 986 reversus
1040 910 1147 984 Vilna
1160 910 1197 982 in
1215 908 1410 994 Livoniam,
1426 931 1503 982 eam
1516 907 1727 1004 Rigensium
1758 938 1821 994 1535

121 1049 357 1140 tempestatem
371 1041 553 1136 spectabat
566 1037 785 1112 Leonardus.
807 1037 894 1110 Cum
909 1037 1104 1110 insanirent
1122 1033 1238 1105 adhuc
1256 1033 1389 1118 caeteri,
1415 1032 1599 1118 Hudenus,
1631 1031 1729 1106 insti·
1755 1028 1890 1161 mpla

122 1177 221 1264 ganto
239 1165 395 1240 criminis
425 1163 652 1249 couscientia,
687 1171 724 1236 ut
750 1163 808 1257 qui
836 1163 873 1235 in
894 1160 970 1234 foro
989 1161 1160 1233 adversus
1181 1158 1386 1231 innocentes
1413 1157 1641 1253 praevaricari
1659 1180 1732 1229 non
1758 1187 1875 1245 flauam.

123 1293 295 1377 dubitarit,
310 1291 429 1364 furtim
446 1290 586 1385 elapsus
609 1289 718 1382 Riga,
746 1287 793 1360 ad
818 1286 1039 1360 Leonardum
1061 1282 1233 1356 accurrit:
1258 1283 1407 1377 genibus
1430 1280 1727 1377 Patrisaccidit:

122 1419 254 1490 veniam
270 1415 432 1510 precibus
453 1421 531 1486 orat
548 1421 583 1486 et
599 1413 786 1508 lacrymis:
806 1439 822 1471 a
844 1411 983 1507 culpam
996 1431 1095 1481 suam
1114 1429 1252 1479 omnem
1270 1407 1309 1478 iu
1332 1428 1407 1491 eoa,
1438 1406 1498 1500 qui
1528 1427 1578 1488 se,
1608 1411 1733 1498 rogatu

126 1572 139 1602 κ
159 1542 266 1614 multo
286 1548 392 1636 atque
410 1539 513 1610 minis
526 1538 633 1614 etiarn
647 1536 849 1632 impulsum,
860 1543 1113 1617 accusatorem,
1130 1533 1308 1628 perjurum
1319 1531 1558 1614 subornarint,
1579 1530 1730 1604 confert:

127 1662 350 1758 «periculum
381 1659 519 1755 capitis,
547 1659 638 1755 quod
658 1657 744 1745 sibi,
777 1659 913 1752 objecto
944 1661 1049 1733 etiam
1078 1667 1226 1744 tortore,
1262 1660 1500 1744 minabantur,
1536 1660 1604 1731 nisi
1633 1659 1734 1732 testis

127 1819 140 1846 u
160 1787 328 1860 adversus
346 1785 369 1857 J
371 1784 503 1858 esuitas
521 1784 734 1878 prodiisset;
754 1786 983 1858 mobilitatem
999 1787 1143 1860 humani
1162 1789 1312 1883 denique
1329 1788 1463 1883 ingenii
1491 1787 1735 1883 fragilitatem-

127 1945 141 1974 «
159 1935 224 2006 que
238 1917 416 1984 causatur.
437 1909 639 1982 Christiana
657 1909 832 1983 hominem
850 1910 978 2006 pietate
994 1913 1198 2008 complexus
1212 1913 1331 1998 Pater,
1347 1914 1438 1986 bene
1452 1931 1595 2009 sperare
1608 1914 1708 2008 jubet
1725 1913 1743 1984 ε’

102 2027 292 2109 ‘arturum
322 2035 456 2108 scilicet
483 2057 561 2106 csse
585 2042 658 2105 tam
684 2033 897 2127 pertinacem
932 2034 1115 2120 malitiam,
1149 2059 1228 2130 quae
1257 2037 1390 2109 bomini
1410 2037 1592 2133 poenitenti
1618 2035 1737 2108 divina
1850 2063 1855 2072 ·

129 2161 385 2235 «miseratione
402 2182 472 2233 non
485 2159 597 2254 possit
626 2159 714 2231 bene
744 2166 903 2231 vertere:
935 2159 1049 2252 ipsam
1075 2159 1194 2231 delicti
1223 2159 1278 2230 sui
1301 2159 1555 2234 confessionem
1580 2162 1737 2255 istasque

129 2315 143 2344 u
163 2284 382 2380 deprecantis
394 2268 570 2380 lacrymas
598 2281 726 2354 divinae
738 2281 852 2356 veniae
869 2282 998 2377 pignus
1013 2305 1102 2355 esse.
1123 2282 1320 2356 Recreatus
1348 2306 1391 2356 ea
1422 2284 1539 2356 Patris
1569 2283 1737 2358 facilitate

130 2437 143 2468 e
163 2409 346 2492 Hudenus,
363 2415 441 2480 orat
453 2416 642 2502 praeterea,
662 2406 709 2478 ad
725 2413 855 2479 coetum
870 2406 1120 2479 catholicorum
1139 2415 1177 2480 ut
1194 2408 1262 2480 rite
1280 2417 1509 2504 aggregetur,
1537 2409 1655 2480 divina
1682 2431 1736 2481 re·

130 2561 144 2592 e
163 2541 263 2628 pente
283 2531 363 2605 luce
387 2531 638 2627 praestrictum,
662 2530 745 2624 quid
765 2531 857 2603 inter
883 2530 1066 2604 veritatem
1093 2531 1262 2604 doctrinae
1279 2531 1463 2604 catholicae
1487 2539 1523 2605 ct
1538 2531 1736 2606 lutheranae

131 2685 144 2716 a
163 2663 357 2730 commenta
371 2662 477 2728 sectae
493 2653 596 2739 foret,
613 2655 738 2748 sejam
751 2677 843 2725 nunc
855 2655 1075 2749 perspicere;
1092 2678 1137 2726 ne
1152 2656 1324 2728 abnueret
1340 2657 1459 2729 Patris
1485 2655 1645 2729 voluntas
1674 2679 1737 2729 suo
1788 2739 1792 2748 ,

131 2811 145 2840 κ
165 2781 304 2853 incenso
318 2780 494 2874 precantis
512 2777 641 2861 studio,
663 2800 730 2850 neu
744 2777 835 2850 mala
848 2780 1076 2873 promeritum
1089 2779 1264 2874 rejiceret.
1289 2816 1305 2847 η

176 2903 287 2977 Plena
311 2901 429 2976 solatii
447 2901 632 2975 Leonardo
651 2923 695 2974 ea
711 2900 776 2972 fuit
799 2902 1028 2996 supplicantis
1047 2903 1170 2974 oratio.
1192 2903 1346 2977 Tentata
1362 2902 1512 2997 denique
1529 2903 1635 2975 animi
1656 2927 1739 2976 conr

129 3030 265 3112 stantia,
286 3028 410 3122 paucis
423 3033 503 3122 post
521 3023 658 3110 diebus,
678 3025 876 3097 institutum
903 3025 1081 3099 hominem
1100 3026 1414 3120 confirmatumque
1439 3026 1514 3100 Deo
1534 3027 1601 3100 rite
1619 3035 1655 3100 et
1671 3027 1739 3100 Ec·

103 3247 107 3258 ·
129 3151 240 3224 clesiae
255 3150 432 3224 conciliat.
450 3150 506 3222 llli
520 3149 601 3221 inde
615 3149 703 3221 nihil
722 3149 820 3244 prius
847 3173 942 3222 curae
964 3151 1043 3234 fuit,
1068 3173 1174 3244 quam
1192 3157 1243 3235 ut,
1264 3150 1400 3222 dimisis
1418 3151 1525 3222 etiam
1539 3172 1602 3245 per
1619 3150 1740 3223 civita-

102 3327 104 3334 ,
130 3286 193 3346 tem
223 3275 365 3360 litteris,
403 3275 496 3348 dicta
522 3275 690 3347 adversus
715 3275 736 3346 J
741 3274 886 3359 esuitas,
912 3273 1095 3346 consilium
1124 3295 1166 3344 ac
1193 3272 1384 3368 perjurium
1415 3297 1529 3360 suum,
1562 3273 1742 3348 damnaret

130 3408 228 3493 atque
246 3407 487 3472 execraretur.
508 3398 658 3470 Tamdiu
677 3397 749 3470 lere
768 3398 802 3468 in
834 3420 926 3492 pago
953 3396 1082 3470 Ablein
1105 3406 1339 3469 commoratus
1357 3397 1543 3480 Rubenus,
1560 3421 1664 3492 quam
1683 3399 1742 3471 diu

130 3525 279 3598 salutare
298 3524 440 3598 Hudeni
458 3525 638 3618 negotium
665 3522 893 3617 postulasset,
916 3523 1037 3595 urbem
1066 3520 1207 3594 tandem
1225 3545 1515 3616 communemque
1532 3523 1643 3597 Sociis
1668 3527 1743 3598 suis

130 3647 357 3721 calamitatem
381 3656 487 3741 atque
507 3647 678 3742 pericula,
698 3647 869 3740 ipso'Deo
896 3653 931 3718 et
949 3645 1161 3718 innocentiae
1185 3645 1402 3718 conscientia
1423 3646 1548 3732 fretus
1577 3649 1682 3720 subit.
1713 3651 1742 3722 E

103 3865 106 3870 Ι
131 3773 276 3866 vestigio
290 3774 502 3848 secretarius
524 3794 741 3867 aregecum
764 3771 891 3842 litteris
925 3770 970 3841 ad
1003 3771 1182 3865 Rigenses
1212 3776 1247 3869 et
1269 3769 1410 3842 monitis
1436 3757 1604 3864 gravibus
1623 3773 1745 3846 eodem

132 3887 363 3991 consequitur.
386 3897 551 3970 Metuere
568 3897 626 3969 hic
641 3896 709 3966 sibi
727 3894 927 3988 perduelles
948 3919 955 3965 ε
977 3895 1117 3989 agitare
1140 3895 1233 3966 inter
1250 3916 1288 3966 se
1306 3894 1404 3988 pacis
1422 3895 1569 3968 consilia
1590 3922 1597 3968 ε
1619 3897 1746 3971 callide

133 4021 276 4114 vestigia
294 4020 506 4094 seditionum
535 4029 570 4093 et
586 4020 839 4092 maleficiorum
857 4042 1000 4091 suorum
1026 4019 1200 4090 obterere.
1222 4017 1268 4090 At
1294 4040 1363 4089 non
1388 4016 1553 4091 diuturna
1570 4021 1636 4093 luit
1651 4023 1744 4108 urbi,

134 4152 224 4216 metu
241 4144 406 4218 videlicet
419 4167 534 4239 poenae
557 4151 774 4239 comparata,
792 4142 1046 4237 tranquillitas.
1064 4143 1227 4216 Exeunte
1251 4143 1366 4238 junio,
1386 4142 1433 4213 ad
1446 4144 1628 4238 ingenium
1646 4169 1747 4220 suum

133 4274 166 4339 et
178 4268 339 4342 instituta
358 4269 577 4342 tumultuosa
598 4268 692 4342 redit
708 4267 820 4362 plebe.
837 4267 964 4340 Multis
986 4267 1080 4339 ultro
1104 4267 1260 4360 citroque
1277 4267 1404 4361 agitati
1425 4267 1664 4353 concionibus,
1685 4269 1749 4341 ali-

136 4400 218 4486 quot
234 4394 329 4466 riros
347 4393 560 4488 praecipuos,
581 4393 659 4488 regi
676 4389 812 4474 fideles,
828 4391 999 4464 intereos
1023 4391 1044 4464 J
1049 4415 1198 4464 oannem
1213 4391 1374 4464 Tastium
1393 4400 1428 4463 et
1446 4391 1654 4465 Gottardum
1667 4393 1757 4467 Vel-³

136 4513 282 4610 lingum,
309 4515 493 4602 medicum,
513 4541 533 4589 e
550 4524 675 4589 senatu
694 4539 758 4589 suo
784 4513 975 4610 conjiciunt
1002 4516 1036 4586 in
1056 4515 1199 4587 vincula
1227 4539 1234 4584 :
1265 4513 1417 4587 fidiculis
1434 4514 1587 4610 dirisque
1612 4517 1751 4590 carnifi-

137 4639 224 4713 cinae
251 4641 364 4714 modis
383 4642 586 4713 excruciant
614 4666 622 4713 :
651 4641 694 4715 de
712 4640 880 4735 primario
899 4640 1029 4734 templo
1053 4637 1194 4710 addicto
1212 4639 1303 4733 regi,
1329 4637 1372 4710 de
1391 4637 1550 4734 Collegio
1565 4640 1752 4715 Societatis

137 4763 303 4850 admisso,
324 4764 369 4838 de
399 4765 535 4839 aedibus
560 4765 674 4838 eidem
692 4764 822 4838 deditis
848 4765 884 4835 in
914 4766 1063 4838 miseros
1089 4770 1255 4836 exercent
1280 4765 1528 4858 quaestionem;
1562 4765 1751 4860 productos

138 4887 287 4985 denique
306 4890 489 4974 lusorum,
510 4913 574 4986 pro
592 4890 735 4964 revictis
757 4889 792 4961 in
818 4888 922 4983 culpa
942 4897 976 4960 et
993 4887 1180 4972 maleficio,
1207 4887 1325 4982 gladio
1345 4896 1509 4961 mactant.
1531 4889 1612 4961 Jam
1631 4891 1751 4965 eadem

137 5012 214 5108 ipsa
232 5015 424 5089 crudelitas
442 5015 607 5088 monebat
621 5014 755 5098 Socios,
775 5012 1005 5086 deserendum
1025 5035 1102 5086 esse
1116 5011 1348 5097 domicilium;
1369 5037 1481 5108 neque
1499 5015 1753 5109 expectandum
1872 5009 1874 5014 ’

137 5139 279 5224 tamdiu,
299 5123 382 5214 dum
399 5139 446 5211 ad
460 5164 581 5234 parem
599 5141 777 5214 lanienam
795 5139 860 5234 ipsi
886 5161 1024 5233 quoque
1051 5139 1290 5209 traherentur.
1317 5137 1557 5210 Temerarium
1574 5141 1753 5214 enimvero
