4936 6658
660 753 749 824 aar*
1041 756 1316 822 urruuuronauu
1339 718 1550 820 securlus
1570 752 1657 818 vasu
1682 747 1937 816 ursvoannuu

492 961 557 1018 1653
630 995 635 1006 ·
664 954 829 1052 pretiosis
851 952 1016 1050 imposita
1032 949 1186 1036 ferculis,
1207 947 1394 1022 incedente
1419 944 1581 1018 omnibus
1610 940 1745 1016 laetitiis
1771 945 1853 1037 post
1870 913 1971 1014 suum
1989 937 2184 1012 antistitem
2212 940 2296 1014 civi·

491 1045 634 1188 mg„
665 1087 751 1163 tate,
773 1079 996 1153 sacerdotum
1020 1075 1178 1150 humeris
1202 1074 1316 1148 illata.
1339 1071 1512 1167 Equidem
1536 1068 1633 1142 haud
1650 1067 1736 1152 scio,
1757 1088 1875 1140 secum
1900 1063 2071 1138 Nicolaus
2093 1087 2197 1138 sacra
2219 1065 2297 1139 haee

492 1195 597 1275 civitas.
665 1206 816 1301 pignora
833 1203 975 1276 Vilnam
1006 1200 1194 1275 contulerit
1221 1199 1369 1297 pariter,
1388 1195 1574 1269 reveniens
1592 1217 1636 1266 ex
1654 1190 1758 1264 Italia
1788 1188 1894 1286 (quod
1910 1190 1948 1262 in
1975 1190 2048 1262 vita
2066 1211 2132 1262 sua
2163 1191 2298 1286 scripta

540 1394 544 1402 .
665 1330 747 1425 lego
766 1327 970 1422 obscurius),
989 1351 1032 1398 an
1049 1333 1129 1422 post
1156 1349 1258 1398 suum
1278 1327 1355 1420 jam
1381 1323 1533 1398 reditum
1559 1319 1757 1416 acceperit:
1779 1341 1863 1391 nam
1889 1320 1931 1391 P.
1949 1319 2139 1392 Zacharias
2154 1318 2299 1394 Modze·

493 1499 641 1562 Pfflg
668 1453 841 1539 levslrius,
866 1451 1157 1546 exscriptoribus
1179 1450 1404 1523 Lancicianae
1417 1449 1514 1530 vitae,
1541 1445 1711 1520 Casimiro
1725 1443 1930 1522 Koialovicz
1964 1449 2000 1515 et
2016 1442 2199 1538 Boguslao
2213 1444 2298 1517 Bal·

494 1584 584 1654 ginon
669 1577 765 1662 bine,
786 1577 830 1650 de
859 1573 1142 1670 transportandis
1160 1574 1270 1646 sacris
1297 1573 1456 1668 reliquiis
1474 1571 1661 1646 Nicolaum
1680 1572 1756 1667 jam
1775 1571 1870 1644 domi
1894 1578 2060 1667 agentem
2086 1573 2123 1645 in
2142 1573 2302 1670 Collegio

494 1675 643 1814 ffisspffim
669 1701 846 1785 Vilnensi,
867 1699 976 1773 tradit
1001 1698 1189 1772 sollicitum
1216 1698 1350 1771 luisse:
1384 1698 1490 1793 quod,
1512 1697 1641 1769 coortis
1657 1698 1726 1771 hac
1751 1703 1959 1792 tempestate
1976 1696 2148 1770 adversus
2166 1698 2302 1771 Roma·

409 1841 427 1932 Ἰ
495 1823 581 1887 nodo.
671 1851 755 1902 num
785 1825 995 1900 Pontificem
1025 1823 1187 1912 Venetis,
1216 1823 1383 1896 infestum
1413 1831 1508 1897 esset
1532 1825 1600 1896 iter
1617 1845 1680 1918 per
1710 1821 1861 1895 Italiam.
1896 1822 2011 1902 Quam
2042 1823 2087 1894 ob
2114 1845 2189 1896 rem
2219 1847 2303 1898 suas

672 1977 756 2050 opes
768 1953 856 2026 istas
873 1951 995 2024 tutelae
1014 1948 1143 2022 divina
1167 1973 1231 2045 per
1249 1949 1398 2023 Beatam
1415 1951 1600 2044 Virginem
1625 1948 1746 2022 multis
1764 1948 1928 2046 precibus
1954 1950 2220 2023 commendasse
2238 1974 2247 2036 ;
2268 1949 2305 2022 id

672 2098 756 2148 vero
782 2075 897 2170 ipsum
918 2074 978 2144 via
1002 2071 1128 2145 fecisse
1155 2073 1328 2146 mirabili:
1350 2095 1413 2169 per
1430 2073 1617 2169 epistolam
1634 2075 1768 2149 seilicet
1785 2099 1808 2149 a
1825 2099 1864 2150 se
1885 2077 1932 2150 ad
1946 2077 2106 2162 Beatam,
2122 2078 2248 2152 Troois
2267 2079 2304 2151 in

674 2223 735 2273 sua
758 2199 914 2310 imagine
932 2195 1107 2274 celebrem
1125 2197 1263 2291 gratiis
1285 2198 1475 2293 scriptam:
1508 2197 1652 2272 missam
1670 2224 1732 2296 per
1749 2203 1794 2275 P.
1815 2200 1991 2275 Adamum
2010 2203 2171 2276 Olorium
2189 2203 2304 2302 (quem

675 2324 835 2419 equidem
852 2328 937 2418 puto
964 2320 1206 2395 Labenchium
1229 2323 1280 2395 sic
1305 2347 1369 2418 per
1383 2325 1711 2419 interpretationem
1728 2327 1880 2399 nominis
1897 2327 2125 2424 appellatum)
2143 2334 2179 2401 et
2196 2328 2304 2402 Nico-

675 2451 771 2524 laum
789 2446 1102 2535 Koloziemskium,
1124 2470 1144 2520 e
1163 2435 1324 2543 Collegio
1340 2448 1540 2522 academico
1567 2451 1817 2524 scholasticos:
1847 2451 1998 2524 monitos
2017 2450 2113 2538 illos,
2134 2475 2237 2526 suam
2256 2455 2305 2527 uti

677 2576 859 2675 epistolam
877 2598 940 2671 pro
960 2572 1109 2668 supplici
1126 2571 1246 2646 libello
1264 2573 1301 2644 in
1319 2595 1383 2644 ara
1395 2573 1519 2644 Beatae
1537 2573 1698 2668 Virginis
1718 2572 1948 2669 deponerent,
1964 2575 2196 2670 precibusque
2214 2599 2305 2649 com·

677 2703 896 2779 mandarent.
919 2699 978 2772 llli
995 2699 1095 2784 certi,
1115 2697 1206 2771 nihil
1222 2721 1327 2795 posse
1348 2697 1494 2792 indigne
1511 2697 1599 2783 fieri,
1617 2698 1710 2794 quod
1735 2699 1792 2773 hic
1809 2701 1864 2771 vir
1881 2699 2095 2776 venerabilis
2111 2699 2306 2778 iaciendum

680 2827 822 2924 putarit,
839 2824 1024 2899 consilium
1037 2823 1154 2896 animo
1173 2821 1323 2918 simplici
1336 2830 1568 2918 exequuntur.
2023 2839 2026 2846 ’

728 2952 861 3027 Mirum
886 2948 924 3020 id
949 2927 1051 3022 nobis
1079 2949 1231 3043 quidem,
1259 2947 1352 3042 quod
1377 2955 1604 3022 consecutum
1636 2949 1691 3036 sit,
1721 2929 1826 3047 atque
1854 2952 2086 3028 incredibile:
2118 2978 2244 3053 nempe
2277 2956 2308 3031 si

680 3076 809 3149 nostris
826 3074 896 3147 ista
913 3072 1064 3146 modulis
1082 3073 1291 3158 metiamur;
1313 3072 1405 3167 quod
1424 3072 1455 3144 si
1472 3074 1628 3147 animum
1657 3076 1849 3171 prudentes
1875 3077 1923 3150 ad
1940 3101 1995 3164 ea,
2024 3103 2104 3176 quae
2130 3081 2306 3155 interdum

681 3203 838 3299 indignis
856 3203 962 3275 etiam
977 3199 1079 3272 nohis
1098 3198 1217 3272 diviua
1233 3208 1381 3293 praestat
1405 3203 1620 3299 benignitas,
1650 3203 1972 3291 animadvertimus,
1993 3207 2075 3292 ista,
2097 3214 2131 3281 et
2156 3232 2237 3304 quae
2251 3208 2306 3282 his

681 3330 851 3426 majorem
867 3325 976 3400 multo
990 3324 1299 3400 admirabilitatem
1312 3326 1458 3411 habent,
1478 3327 1597 3402 nescio
1611 3352 1673 3401 cur
1690 3328 1796 3402 fidem
1812 3337 1968 3404 nostram
1985 3340 2165 3426 superent.
2188 3335 2309 3428 Itaque

681 3453 808 3528 obtulit
833 3451 983 3536 litterae,
1004 3459 1272 3547 acceptasquea
1290 3450 1400 3526 Beata
1417 3452 1568 3549 Virgine
1589 3453 1739 3528 credidit
1755 3478 1835 3527 eum
1861 3456 1957 3529 socio
1983 3457 2147 3530 Olorius:
2169 3465 2208 3532 ut
2225 3481 2310 3554 quas

681 3580 758 3673 ipse
772 3577 911 3674 quidem
930 3576 1029 3649 initio
1045 3576 1101 3649 sui
1118 3575 1283 3649 sacrificii
1300 3576 1337 3648 in
1367 3576 1472 3651 altari
1491 3580 1746 3675 composuisset
1767 3580 1900 3675 pariter
1918 3605 1996 3653 eum
2021 3582 2152 3668 hostia,
2169 3591 2312 3678 peracto

684 3703 812 3776 deinde
830 3700 1015 3784 sacrificio,
1031 3701 1164 3774 frustra
1178 3709 1325 3798 uterque
1342 3703 1573 3798 quaesivisset.
1595 3702 1644 3777 At
1664 3704 1851 3777 Lancicius
1876 3703 1979 3779 facile
1998 3707 2121 3780 eodem
2147 3707 2314 3803 temporis

684 3827 833 3938 articulo
852 3826 984 3921 reperit
1002 3825 1109 3913 domi,
1137 3827 1173 3899 in
1201 3849 1264 3899 suo
1291 3827 1459 3914 cubiculo,
1487 3829 1680 3925 explicatas
1710 3829 1748 3901 in
1778 3851 1915 3913 mensa,
1944 3853 2022 3904 curn
2039 3832 2108 3904 hoc
2138 3832 2312 3927 adscripto

684 3955 783 4028 brevi
801 3974 992 4047 responso:
1015 3951 1176 4036 Nicolae‚
1193 3952 1286 4048 quod
1301 3955 1424 4037 orasti,
1442 3954 1652 4050 impetrasti.
1674 3954 1798 4029 Oravit
1820 3961 1950 4038 autem,
1967 3963 2007 4028 ut
2046 3979 2146 4032 sacer
2163 3957 2314 4030 'thesau-

661 4071 664 4078 ’
685 4103 745 4153 rus
773 4101 871 4163 suus,
892 4083 1091 4150 sanctorum
1118 4099 1304 4171 corporum
1321 4079 1491 4174 reliquiae,
1510 4079 1648 4175 integer
1675 4079 1722 4152 ad
1751 4102 1789 4153 se
1806 4080 2043 4175 perferretur:
2075 4089 2115 4155 ut
2131 4105 2232 4156 servo
2248 4102 2315 4154 suo

656 4191 659 4198 ¹
686 4207 835 4286 Nicolao
856 4207 920 4280 Dei
928 4229 1058 4301 parens
1080 4205 1284 4308 impetraret
1295 4207 1472 4303 insignem
1488 4207 1571 4280 vitae
1589 4208 1826 4291 sanctitatem,
1845 4213 1879 4281 et
1896 4206 2020 4280 modos
2040 4215 2170 4294 certos,
2188 4207 2315 4304 quibus

686 4336 733 4408 ad
751 4332 960 4429 religionem
979 4332 1152 4406 sinceram
1170 4338 1205 4406 et
1221 4355 1377 4406 amorem
1399 4334 1466 4407 Dei
1487 4331 1710 4430 pertraheret
1731 4332 2041 4428 quamplurimos:
2059 4339 2098 4406 ut
2117 4333 2198 4418 sibi,
2217 4339 2317 4406 tran·

688 4463 797 4566 situro
811 4459 858 4533 ad
870 4459 1061 4530 Beatorum
1078 4458 1242 4554 patriam,
1260 4457 1520 4531 condonaretur
1532 4457 1685 4552 vectigal
1705 4456 1805 4543 illud,
1823 4458 1917 4554 quod
1931 4456 2201 4555 dependendum
2223 4465 2318 4532 esset

689 4613 752 4686 pro
772 4588 909 4661 delictis
928 4588 965 4660 in
982 4585 1221 4682 piacularibus
1238 4584 1422 4666 incendiis.
1439 4586 1589 4660 Factum
1601 4584 1669 4658 hoc
1682 4581 1836 4669 Nicolai‚
1853 4582 1899 4655 ad
1912 4590 2087 4657 rectorem
2114 4583 2261 4680 Collegii
2282 4589 2319 4656 et

689 4713 778 4786 alios
800 4735 868 4808 quo
889 4711 1009 4785 nescio
1027 4711 1141 4784 indice
1166 4711 1334 4796 delatum,
1351 4732 1460 4804 grave
1481 4708 1587 4782 subiit
1599 4709 1772 4804 judicium
1784 4732 1792 4780 :
1805 4707 1920 4780 visum
1933 4707 2023 4781 istoc
2034 4708 2192 4782 insoleus
2206 4731 2246 4784 ae
2262 4714 2319 4782 te·

689 4837 878 4912 meracium
891 4860 970 4910 curn
980 4836 1154 4910 coelitibus
1169 4835 1427 4910 commercium:
1448 4857 1573 4910 ausum
1587 4831 1623 4908 id
1633 4834 1821 4932 Nicolaum
1835 4833 1936 4907 nullo·
1946 4835 2119 4932 ejusmodi
2134 4835 2316 4931 exemplo:

690 4968 806 5039 virum
822 4964 1011 5060 caeteroqui
1030 4969 1170 5035 cautum
1193 4969 1228 5036 et
1245 4963 1452 5057 sapientem,
1477 4960 1535 5033 hio
1571 4960 1686 5056 specie
1705 4959 1869 5034 beneficii
1888 4959 2038 5033 divinia
2057 4961 2321 5058 praestigiatore

693 5094 853 5166 daemone
876 5089 1071 5184 deceptum.
1091 5090 1142 5160 Ita
1164 5075 1437 5184 reprehendenti
1454 5085 1585 5159 lactum
1598 5087 1727 5160 rectori
1745 5085 1850 5160 facile
1876 5088 2060 5160 consensit
2081 5088 2138 5162 vir
2162 5084 2320 5161 humilli-

623 5299 626 5306 .
692 5239 783 5290 mus.
811 5215 892 5312 Ipse
918 5239 1055 5310 quoque
1073 5215 1309 5288 temeritatem
1328 5213 1498 5286 damnare
1513 5235 1613 5286 suam
1629 5218 1665 5288 et
1676 5212 1811 5310 pariter
1825 5234 2031 5307 coarguere.
