4936 6658
515 736 518 742 '
642 725 704 808 384
1010 717 1286 784 LITUANICARUM
1308 717 1520 782 SOClETATIS
1542 717 1628 782 Jusu
1650 713 1905 779 nlsrounlnun

470 927 534 986 rota
645 908 807 1006 collegii,
824 907 1033 993 Duboviam,
1044 903 1127 978 hino
1140 905 1309 979 Pinscum
1324 901 1549 986 translatum,
1572 899 1837 1000 depositumque
1850 899 1887 971 in
1902 898 2078 973 communi
2092 897 2272 996 Sociorum

646 1032 847 1130 sepulchro.
932 1105 933 1110 ,
1876 1103 1880 1112 .

694 1161 811 1234 Natus
825 1159 867 1231 P.
885 1159 1046 1234 Andreas
1060 1159 1097 1232 in
1115 1157 1313 1254 perillustri
1326 1157 1473 1242 familia,
1494 1152 1771 1229 Sandomiriensi
1788 1154 1980 1249 provincia,
2001 1177 2095 1226 anno
2114 1152 2206 1228 1592
2225 1153 2269 1250 (1).

645 1284 875 1369 Adolescens,
899 1284 1094 1359 liberaliter
1119 1284 1300 1369 educatus,
1332 1282 1504 1377 bonisque
1522 1282 1670 1367 artibus
1690 1279 1729 1351 iu
1751 1287 1879 1352 coetum
1904 1279 2058 1352 tironum
2087 1277 2270 1350 Societatis

646 1409 823 1483 admissus
848 1410 933 1482 anni
954 1411 1044 1485 1611
1065 1410 1178 1506 pridie
1195 1407 1369 1481 kalendas
1387 1405 1545 1481 sextiles.
1566 1405 1775 1501 Magisterio
1794 1402 1877 1478 inde
1896 1402 2099 1477 scholarum
2129 1403 2272 1499 pulchro

647 1533 800 1618 functus,
814 1533 960 1629 jamque
976 1532 1229 1629 philosophicis
1245 1538 1281 1605 et
1294 1531 1505 1626 theologicis
1519 1531 1629 1628 probe
1646 1530 1837 1630 instructus
1855 1529 2061 1625 disciplinis,
2078 1528 2270 1602 sacerdotio

647 1657 987 1744 1111101010111622,
1001 1658 1052 1730 IV
1078 1658 1157 1730 idus
1183 1656 1449 1729 martias.Vcta
1475 1663 1626 1751 quatuor
1654 1655 1833 1752 professus
1857 1653 1962 1740 1630,
1979 1653 2031 1725 Vl
2046 1676 2159 1726 nonas
2175 1653 2265 1750 julii.

649 1779 799 1854 Vicenos
829 1780 960 1886 deinde
984 1787 1019 1854 et
1035 1804 1098 1854 sex
1131 1803 1244 1853 annos
1263 1780 1323 1853 vel
1340 1780 1599 1854 concionatoris
1612 1778 1672 1852 vel
1686 1778 1793 1852 etiam
1812 1777 2027 1851 missionarii
2045 1784 2146 1850 tauta
2161 1775 2269 1878 animi

648 1904 1045 1999 alacritatediligentia,
1057 1911 1093 1979 01
1105 1905 1238 2000 pietate
1252 1904 1362 1977 obivit
1378 1904 1511 1992 munia,
1529 1911 1568 1977 ut
1582 1904 1778 1977 animorum
1792 1907 1941 1976 venator
1960 1909 1995 1975 et
2008 1900 2265 1986 Pinscensium‚

648 2052 735 2126 quos
756 2028 885 2101 diutius
910 2033 1081 2115 curasset,
1101 2028 1282 2125 apostolus
1299 2028 1408 2124 vulgo
1426 2035 1623 2104 vocaretur.
1637 2027 1772 2103 Multos
1786 2027 1940 2101 correxit
1953 2027 1999 2100 ad
2013 2027 2164 2123 frugem:
2184 2027 2268 2100 mul-

649 2160 703 2228 tos
721 2177 744 2227 a
761 2153 1011 2238 sectisPhotii,
1040 2152 1202 2238 Lutheri,
1223 2153 1374 2239 calvini,
1395 2153 1442 2226 ad
1465 2153 1597 2227 Christi
1626 2154 1765 2228 reduxit
1795 2153 2006 2228 Ecclesiam.
2026 2153 2095 2234 Qui
2123 2151 2268 2225 famulos

648 2303 732 2354 suos
747 2280 785 2352 in
798 2279 972 2352 militante
984 2278 1091 2352 etiam
1104 2278 1266 2352 Ecclesia
1280 2301 1345 2352 sua
1362 2276 2059 2364 1010116110101101111110111,1111111000
2072 2279 2198 2352 merita
2210 2275 2267 2350 ad-

649 2403 816 2476 mirandis
841 2401 1032 2474 illustravit
1047 2402 1158 2496 signis
1175 2401 1350 2497 hodieque
1368 2402 1522 2475 illustrat
1543 2426 1551 2474 :
1572 2426 1616 2477 ex
1634 2426 1675 2477 eo
1693 2403 1844 2477 maxime
1860 2409 2031 2500 tempore,
2049 2420 2116 2497 quo
2148 2419 2269 2494 corpus

649 2550 751 2604 suum
770 2533 960 2622 repertum,
977 2517 1873 2621 100101οΡ111100111110610311Μο11110(1010111111.
1890 2527 1997 2612 Huic,
2015 2536 2112 2601 anno
2136 2524 2270 2598 circiter

653 2651 758 2737 1702,
779 2650 984 2724 calamitoso
997 2651 1121 2723 domus
1134 2656 1306 2746 tempore,
1327 2649 1476 2724 sollicite
1492 2652 1677 2747 cogitanti,
1692 2676 1760 2748 quo
1775 2652 1998 2749 potissimum
2007 2657 2165 2726 uteretur
2181 2647 2270 2744 apud

649 2777 762 2849 Deum
770 2779 1042 2872 patrono,noctu
1055 2796 1119 2871 per
1133 2776 1285 2870 quietem
1299 2774 1502 2872 semisopito
1518 2778 1681 2873 apparuit
1689 2777 1902 2852 venerabilis
1913 2799 2036 2850 servus
2046 2773 2268 2848 Dei.Solatus

650 2901 726 2997 ipso
740 2899 870 2974 illustri
882 2906 1072 2995 conspectu
1085 2921 1150 2973 suo
1177 2900 1386 2986 Martinum,
1408 2924 1447 2975 se
1463 2900 1644 2976 Andream
1658 2903 1795 2976 Bobola
1808 2924 1888 2977 esse
1901 2902 2003 2977 docet
2023 2927 2031 2974 :
2054 2901 2269 2976 interfectum

651 3026 734 3100 olim
752 3049 771 3098 a
796 3025 958 3098 barbaris
976 3048 1039 3122 per
1052 3026 1172 3100 odium
1189 3026 1372 3123 religionis
1390 3028 1575 3103 catholicae
1599 3055 1607 3102 :
1628 3053 1679 3116 10,
1701 3030 1830 3126 siquid
1846 3032 1936 3105 bene
1954 3052 2017 3103 suo
2035 3026 2144 3102 vellet
2160 3021 2267 3099 Colla·

651 3152 723 3248 gio,
744 3174 796 3238 10,
815 3150 907 3223 inter
925 3151 1067 3224 Coclites
1076 3151 1154 3247 jam
1170 3150 1301 3224 dudum
1322 3153 1510 3250 hospitem,
1531 3177 1606 3228 suaa
1623 3155 1743 3228 Pinsci
1758 3154 1882 3229 domus
1897 3161 2164 3252 procuratorem
2175 3151 2267 3224 iore:

651 3281 777 3372 corpus
795 3275 952 3348 suumin
970 3259 1155 3373 sepulchro
1173 3277 1319 3351 fratrum
1330 3279 1474 3374 juberet
1486 3280 1610 3376 quaeri,
1627 3286 1661 3352 et
1674 3277 1984 3353 honorificentiore
1998 3277 2160 3375 componi
2172 3274 2268 3347 loco:

652 3400 688 3473 id
702 3399 794 3473 enim
810 3399 926 3494 ipsum
944 3398 1034 3473 velle
1061 3401 1175 3474 Deum
1200 3427 1208 3475 :
1233 3401 1332 3476 brevi
1348 3403 1435 3490 fore,
1467 3411 1506 3476 ut
1528 3425 1579 3490 10,
1600 3403 1738 3500 qui'sit,
1762 3409 1980 3499 cognoscant
1995 3401 2176 3476 mortales.
2195 3397 2269 3473 Τ11-

652 3525 759 3598 duum
776 3523 908 3596 frustra
924 3523 1111 3618 quaesitum
1128 3525 1165 3597 in
1183 3524 1382 3621 sepulchro,
1404 3527 1616 3602 cadaverum
1637 3527 1781 3614 referta,
1796 3523 1799 3531 ¹
1813 3528 2000 3602 inventum
2017 3531 2169 3627 denique
2197 3550 2270 3601 cor·

652 3671 731 3744 pus,
747 3647 1046 3743 superpositorum
1059 3649 1215 3744 pondere
1228 3649 1430 3746 capulorum
1443 3653 1481 3724 in
1494 3653 1637 3732 humum
1653 3653 2059 3749 compactum,iulooulo
2069 3656 2146 3752 jam
2158 3663 2270 3754 putre·

650 3771 766 3857 sact03
786 3771 902 3865 ipsum
910 3777 1042 3858 tamen,
1061 3773 1164 3866 quasi
1177 3773 1208 3845 si
1220 3774 1326 3848 hodie
1344 3776 1535 3862 conditum,
1556 3778 1607 3850 ita
1623 3777 1814 3873 integrum,
1834 3771 1973 3866 recens,
1994 3780 2161 3854 flexibile.
2183 3779 2271 3854 Exin

651 3894 813 3970 Andreas
827 3891 1043 3966 admirandis
1058 3893 1125 3968 Dei
1140 3894 1374 3974 inclarescere
1391 3901 1497 3998 coepit
1509 3900 1699 3976 beneficiis.
1718 3904 1850 3990 Quare,
1868 3911 1970 3978 oratu
1983 3906 2124 4001 quidem
2140 3906 2268 4002 populi,

555 4083 560 4094 .
654 4043 824 4096 concessu
841 4026 960 4094 autem
990 4019 1145 4118 episcopi
1162 4021 1450 4099 Luceoriansium
1479 4027 1675 4102 Alexandri
1699 4023 1910 4125 Vyho'vslrii,
1940 4036 2063 4125 postea
2081 4053 2183 4126 quarn
2201 4037 2272 4104 tum

652 4148 699 4220 ab
724 4147 791 4220 hoc
808 4143 978 4230 antistite,
999 4149 1074 4218 tum
1092 4146 1137 4219 ab
1153 4146 1246 4232 aliis,
1267 4170 1290 4220 a
1308 4152 1451 4226 Summo
1472 4152 1645 4226 Pontifice
1665 4151 1851 4248 delegatis,
1885 4155 2068 4249 recognita
2086 4164 2166 4230 sunt
2182 4162 2274 4230 certa

653 4277 833 4362 miracula,
867 4297 994 4372 corpus
1022 4275 1177 4352 Andreae
1210 4277 1425 4352 translatum
1455 4279 1564 4352 estin
1590 4279 1807 4377 hypogaeum
1834 4285 2007 4352 secretum
2037 4302 2130 4356 anuo
2170 4280 2271 4363 1712,

650 4403 703 4501 Vl
720 4423 832 4477 nonas
845 4399 1019 4476 octobres.

479 4483 627 4628 ppaeiffi
653 4561 656 4569 ·
704 4529 772 4612 Qui
789 4525 972 4601 Drohicini
989 4525 1122 4624 primus
1139 4550 1257 4602 curam
1282 4551 1385 4604 novae
1415 4530 1540 4603 habuit
1557 4531 1717 4616 coloniae,
1738 4533 1871 4628 primus
1902 4532 2272 4616 Sociorumoccubuit,

480 4651 630 4792 {munro-
654 4659 697 4732 Ρ.
710 4655 869 4731 loannes
886 4651 1097 4739 Sawiclrius,
1116 4655 1430 4751 genteSamogita:
1448 4656 1623 4730 extinctus
1636 4657 1852 4753 pestilentia,
1870 4659 1923 4731 Ill
1936 4658 2110 4734 kalendas
2120 4660 2275 4732 octobres

500 4751 572 4791 rom.
654 4785 692 4858 in
704 4805 798 4880 pago
813 4779 1009 4864 Minozev0,
1029 4780 1187 4876 sepultus
1200 4779 1329 4855 ibidem
1346 4782 1383 4854 in
1396 4782 1556 4878 proximo
1568 4782 1718 4857 tumulo.
1740 4783 1945 4880 Insequenti
1960 4785 2088 4884 hyeme
2107 4784 2276 4859 refossum

654 4931 779 5006 corpus
801 4931 810 4981 ε
835 4904 1013 4980 conditum
1042 4906 1081 4980 in
1097 4905 1227 5004 templo
1242 4907 1549 4981 Drohicineusium
1562 4909 1703 4999 curiali;
1720 4885 1866 4996 curante
1881 4909 1987 4985 funus
2013 4911 2202 5006 superstite
2216 4933 2275 4984 suo

655 5042 759 5118 Socio
772 5040 816 5115 P.
833 5038 855 5114 J
858 5060 972 5113 oanue
984 5037 1174 5113 Zavlickio.
1195 5037 1375 5135 Exequias
1386 5037 1489 5132 grati
1505 5035 1600 5109 cives
1623 5035 1710 5124 suis,
1728 5035 1800 5110 suis
1818 5034 1856 5109 in
1873 5035 1996 5132 primia
2013 5036 2140 5110 Patres
2165 5035 2276 5107 Fran·

695 5181 908 5264 (1111011593,
933 5180 957 5242 si
969 5179 1082 5254 quidem
1095 5178 1328 5241 1011111111011101
1345 5179 1383 5239 61
1402 5165 1621 5240 aulatisvixissc.
1665 5267 1668 5279 ι
