4948 6654
655 795 716 866 154
1042 791 1320 856 LITUleCdRUM
1342 791 1556 854 soctutnuls
1576 792 1663 852 JESU
1687 790 1937 854 Hlsromaauu

656 992 782 1080 genter
799 983 998 1058 auscultare
1020 1009 1029 1056 :
1052 985 1160 1057 verba
1188 984 1486 1070 concionantium,
1515 992 1553 1055 ut
1576 984 1626 1056 ita
1653 983 1782 1068 dicam,
1812 983 1999 1069 devorare,
2026 1004 2068 1055 ac
2092 981 2285 1078 gemitibus

656 1110 775 1184 multis
801 1117 836 1182 et
864 1107 1030 1205 lacrymis
1048 1109 1210 1204 excipere
1228 1135 1236 1181 z
1258 1108 1418 1183 confiteri
1432 1108 1583 1203 denique
1604 1108 1671 1180 rite
1692 1116 1852 1204 peccata,
1870 1109 2022 1212 indeque
2040 1131 2078 1181 se
2095 1108 2142 1181 ad
2159 1109 2288 1180 bonam

658 1237 796 1330 frugem
814 1233 984 1328 recipere.
1006 1233 1132 1329 Itaque
1157 1233 1297 1307 facilius
1322 1256 1429 1328 passa
1452 1255 1540 1326 gens
1558 1240 1626 1316 est,
1647 1233 1804 1305 exscindi
1820 1255 1904 1305 suas
1923 1255 2073 1328 quercus
2091 1255 2226 1306 sacras.
2247 1234 2290 1305 In

603 1445 609 1459 ι
660 1359 814 1454 aliquam
828 1381 950 1431 earum
968 1381 1045 1430 cum
1060 1357 1226 1431 sacerdos
1242 1365 1376 1442 noster,
1397 1363 1561 1452 stupente
1573 1363 1608 1429 et
1626 1356 1695 1428 sibi
1713 1363 1890 1429 metuente
1908 1379 1973 1452 per
1985 1355 2206 1451 religionem,
2217 1379 2290 1429 non

659 1484 934 1579 penitusadhuc
964 1491 1177 1577 exemptam,
1196 1482 1342 1578 populo,
1372 1481 1522 1555 securim
1552 1482 1729 1577 adigeret,
1751 1483 1940 1555 obscoenus
1959 1481 2067 1568 bubo,
2089 1506 2193 1578 quem
2220 1505 2290 1554 non

661 1619 792 1685 temere
823 1609 976 1704 quidam=
995 1609 1275 1680 cacodaemonem
1307 1606 1416 1678 fuisse
1439 1607 1636 1691 crederent,
1662 1608 1756 1680 edito
1771 1608 1924 1680 stridore
1952 1607 2128 1693 horribili,
2165 1630 2291 1681 ccavc

573 1820 579 1834 ,
661 1735 790 1830 stipitis
807 1733 972 1806 evolavit.
991 1735 1077 1806 lnde
1091 1756 1180 1827 gens
1194 1755 1334 1805 errores
1350 1755 1433 1803 suos
1445 1755 1652 1830 agnoscere,
1669 1731 1826 1826 ritusque
1841 1732 2104 1826 superstitiosos
2118 1733 2287 1806 execrari.

491 2627 622 2683 Portenta

439 2753 441 2760 ,
491 2701 631 2756 calamita·

493 2785 561 2834 turn.

711 1858 866 1934 Octavus
883 1870 919 1933 et
936 1861 1121 1932 vicesimus
1138 1858 1245 1954 hujus
1263 1857 1384 1930 saeculi
1397 1880 1512 1929 annus
1525 1880 1589 1951 per
1598 1857 1764 1942 Galliam,
1778 1859 2000 1954 Hispaniam,
2017 1859 2195 1954 Belgium,
2207 1859 2292 1932 Sco·

662 1987 761 2071 tiam,
782 1983 962 2080 angliam,
983 1983 1160 2080 implicitis
1185 1982 1279 2054 bello
1293 1980 1471 2076 gentibus,
1499 1980 1737 2066 turbulentus,
1755 1981 1900 2054 Polonis
1927 1982 2073 2077 insuper
2090 1981 2294 2077 pestilentia

664 2110 817 2194 infamis,
839 2107 1084 2181 astronomicis
1101 2107 1123 2179 J
1127 2107 1253 2178 oannis
1279 2106 1557 2198 Regiomontani
1580 2106 1870 2199 praedictionibus
1896 2105 2053 2178 creditus
2073 2112 2126 2179 est
2148 2129 2293 2202 respon-

663 2234 770 2308 disse.
789 2234 909 2328 Hujus
927 2231 1123 2306 astronomi
1136 2232 1158 2304 J
1162 2253 1294 2304 oannes
1312 2229 1593 2311 Kwiatkiewicz,
1610 2237 1732 2301 noster
1757 2253 1777 2302 e
1795 2229 1960 2324 polonica
1986 2230 2169 2325 provincia
2187 2255 2298 2304 anna-

662 2361 749 2434 lium
767 2359 929 2455 scriptor,
950 2356 1129 2430 fatidicum
1148 2378 1290 2428 carmen
1309 2355 1436 2427 recitat
1454 2355 1639 2449 ejusmodi.
1669 2357 1757 2428 Post
1771 2354 1868 2428 mille
1882 2355 2039 2452 expletos
2057 2363 2197 2452 apartu
2217 2357 2295 2428 Vir·
2360 2391 2363 2398 -

664 2485 758 2581 ginis
771 2505 897 2566 annos,
918 2488 1048 2576 etpost
1073 2480 1286 2576 quingentos
1311 2502 1434 2552 rursus
1453 2479 1497 2550 ab
1522 2501 1585 2550 axe
1600 2478 1717 2563 datos,
1738 2479 1975 2573 octogesimus
1993 2479 2163 2553 mirabilis
2182 2502 2296 2552 annus

664 2611 818 2706 ingruet,
839 2613 874 2680 et
904 2629 1023 2678 secum
1052 2604 1165 2677 tristia
1194 2603 1269 2676 fata
1297 2602 1427 2675 trahet.
1457 2602 1555 2674 ldem
1582 2601 1765 2674 annalium
1791 2627 1935 2676 suorum
1961 2611 2085 2677 auctor
2103 2613 2237 2689 narrat,
2255 2606 2294 2676 in

666 2735 814 2830 regione
827 2731 978 2827 quadam
993 2729 1216 2801 Pomeraniae
1230 2729 1433 2801 obscoenum
1447 2749 1491 2798 ex
1501 2727 1648 2822 piscium
1663 2750 1795 2822 genere
1810 2751 1931 2823 pecus,
1944 2735 2060 2800 rostro
2074 2736 2294 2814 mucronato,

668 2859 773 2932 certis
797 2856 995 2928 litterarum
1019 2853 1278 2924 interstinctum
1305 2851 1411 2935 notis,
1434 2850 1586 2923 belluam
1603 2850 1735 2945 xiphiae
1753 2851 1916 2934 similem,
1932 2858 2006 2923 toto
2019 2858 2122 2946 tergo
2140 2851 2292 2936 ensium,

669 2983 875 3080 pugionum,
899 2973 1121 3061 vexillorum,
1142 2976 1351 3071 equinorum
1377 2975 1544 3070 capitum,
1575 2973 1709 3058 feretri,
1739 2974 1961 3069 aliorumque
1984 2975 2298 3049 formidolosorum

670 3107 782 3204 signis
801 3111 1037 3178 monstrorum
1056 3093 1286 3186 maculosam,
1303 3101 1439 3195 piscatu
1454 3124 1532 3174 esse
1546 3099 1846 3196 comprehensam.
1865 3101 2002 3172 Praeter
2016 3103 2094 3174 haec
2107 3100 2203 3173 haud
2215 3125 2300 3197 pro·

671 3234 729 3307 cul
750 3225 966 3323 Rhodopoli,
983 3227 1083 3309 urbe,
1101 3226 1234 3321 opinor,
1253 3223 1428 3309 Thraciae,
1450 3247 1557 3296 avaro
1576 3221 1764 3296 nesciocui
1782 3244 1892 3316 panes
1916 3243 1938 3292 a
1956 3245 1994 3294 se
2013 3222 2137 3318 pistos,
2157 3247 2299 3319 promp-

671 3339 797 3452 tosque
814 3379 834 3429 e
851 3353 968 3438 furno,
992 3333 1158 3424 manasse
1176 3349 1279 3443 quasi
1307 3347 1489 3445 lacrymis
1515 3372 1595 3421 mox
1622 3355 1733 3422 totum
1748 3349 1824 3444 ejus
1850 3358 1995 3422 mactrae
2013 3352 2142 3424 sactum
2156 3353 2192 3424 in
2206 3353 2304 3426 cine-

672 3503 747 3554 rem
763 3486 800 3551 et
815 3474 970 3549 favillam
992 3496 1071 3547 esse
1085 3471 1307 3546 dissolutum.
1331 3472 1480 3556 Quibus,
1502 3471 1532 3543 si
1551 3473 1602 3545 ita
1627 3476 1770 3560 fuerint,
1788 3477 1902 3572 signis
1929 3499 1975 3548 an
1998 3500 2124 3551 revera
2137 3481 2304 3575 portendi

673 3602 820 3700 aliquid,
849 3599 1080 3692 hominesque
1108 3597 1261 3670 monitos
1287 3596 1382 3668 Deus
1418 3595 1582 3682 voluerit,
1611 3599 1706 3672 haud
1732 3601 1894 3695 equidem
1921 3602 2076 3698 disputo.
2101 3605 2304 3700 Utrumque

672 3726 892 3812 mortalibus,
926 3725 1038 3818 ajunt,
1059 3723 1096 3794 in
1122 3720 1333 3816 religionem
1351 3721 1492 3794 venisse
1512 3731 1597 3797 ante
1614 3723 1830 3818 periculum;
1848 3748 2013 3798 successu
2026 3725 2176 3822 denique
2193 3729 2305 3825 pesti-

672 3856 793 3931 lentiae
811 3872 997 3946 rerumque
1017 3848 1150 3944 passim
1179 3846 1399 3920 turbidarum
1417 3844 1686 3940 praejudicatam
1714 3871 1757 3920 ex
1775 3831 1949 3922 ominibus
1976 3852 2176 3948 opinionem
2192 3854 2305 3928 fuisse

674 3979 928 4055 confirmatam.

726 4107 768 4178 In
794 4100 956 4184 Paionia,
977 4095 1226 4189 dissidentibus
1247 4093 1339 4166 inter
1362 4113 1399 4164 se
1425 4091 1643 4187 sigismundi
1664 4095 1760 4188 regis
1782 4103 1818 4168 et
1835 4098 2102 4190 competitorum
2127 4098 2304 4194 partibus,

677 4230 831 4306 adventu
857 4204 1034 4297 Pontificii
1061 4218 1108 4292 ad
1125 4217 1281 4291 Polonos
1299 4217 1438 4312 Legati,
1469 4214 1659 4289 cardinalis
1693 4218 1877 4314 Hippolyti
1901 4219 2159 4293 Aldobrandini
2189 4222 2307 4318 (quem

678 4354 783 4450 paulo
802 4357 881 4447 post
898 4350 1015 4422 Roma
1033 4342 1240 4417 Pontificem
1254 4340 1449 4412 Maximum
1468 4340 1659 4414 Clementis
1676 4344 1800 4415 Octavi
1815 4344 1955 4416 nomine
1973 4344 2164 4440 salutavit),
2186 4369 2304 4432 omne,

678 4481 772 4578 quod
790 4500 971 4575 procerum
987 4472 1163 4546 discordia
1188 4468 1376 4542 creabatur
1389 4490 1514 4562 regno,
1535 4468 1733 4540 discussum
1751 4468 1964 4562 periculum;
1984 4469 2061 4564 ejus
2078 4470 2129 4542 rei
2148 4493 2309 4544 summus

676 4629 794 4680 rerum
808 4603 962 4676 omnium
980 4598 1113 4671 arbiter
1124 4593 1282 4692 jucundo
1296 4592 1495 4685 polonicam
1514 4601 1654 4687 gentem
1669 4601 1812 4667 ostenso
1830 4597 2085 4687 praemonuisse
2098 4595 2207 4668 visus.
2225 4597 2306 4676 Quo

675 4739 833 4825 tempore
851 4724 1040 4822 prodibant
1066 4720 1205 4794 obviam
1232 4719 1328 4790 cives
1355 4716 1473 4789 feciali
1499 4740 1657 4804 rpmano,
1674 4719 1804 4791 moenia
1822 4719 2002 4792 Cracoviae
2025 4719 2201 4804 subeunti,
2222 4742 2307 4790 cou-

676 4865 868 4955 spectuma
886 4851 1018 4936 multis,
1039 4848 1275 4942 religioseque
1308 4844 1546 4916 existimatum
1568 4870 1575 4917 :
1596 4868 1704 4940 prope
1722 4866 1855 4916 cornua
1868 4843 2059 4916 crescentis
2084 4843 2192 4928 lunae,
2213 4841 2306 4914 invi-

676 5006 753 5056 sum
767 4978 920 5052 antehac
937 4973 1014 5058 ulli,
1036 4973 1135 5044 mirae
1161 4971 1335 5044 claritatis
1366 4969 1476 5052 sidus,
1507 4969 1742 5063 auguratione
1761 4966 1914 5039 omnium
1938 4965 2174 5061 praenuntium
2191 4965 2307 5039 felici·

673 5103 759 5181 tatis
776 5103 940 5200 publicae.
966 5099 1057 5172 Toto
1080 5097 1168 5169 illud
1186 5099 1261 5192 ejus
1283 5096 1499 5169 celebritatis
1515 5104 1687 5192 tempore,
1707 5117 1846 5189 unaque
1869 5117 1948 5189 spes
1971 5095 2088 5168 nescio
2102 5095 2201 5191 cujus
2220 5094 2308 5166 boui

674 5240 802 5313 erectae
819 5230 866 5303 ad
896 5224 1131 5324 spectaculum
1149 5223 1283 5296 civitati
1302 5209 1518 5317 effulgebat;
1544 5225 1728 5318 ingressus
1762 5225 1880 5318 itaque
1905 5223 2139 5318 pacificatoris
2166 5223 2295 5318 legati,
