4948 6654
674 735 782 796 LIBER
804 733 958 796 adultus
978 735 1189 809 n58o-lsaot
1713 723 1772 790 157

152 951 273 1046 populo
284 951 360 1048 jam
385 954 533 1047 quisque
558 951 723 1045 deinceps
749 950 873 1023 mehor
898 949 1029 1045 plagis
1049 947 1232 1042 atquead
1256 945 1399 1041 pietatis
1430 943 1544 1017 officia
1572 939 1769 1023 excitatior,
1802 923 1867 982 ¹⁵⁸⁹

152 1075 198 1147 vel
217 1076 312 1169 regis
339 1075 571 1170 Sigismundi,
592 1073 709 1146 Vilnae
725 1097 789 1170 per
804 1074 842 1145 id
860 1081 997 1168 tempus
1016 1071 1277 1156 commorantis
1299 1068 1507 1163 scholasque
1525 1075 1560 1141 et
1579 1066 1774 1160 Collegium

153 1202 343 1284 revisentis,
362 1209 437 1273 tum
462 1223 645 1296 procerum
663 1198 875 1293 benignitas
894 1206 930 1269 et
952 1195 1149 1268 studiorum
1171 1201 1372 1267 nostrorum
1389 1215 1453 1289 per
1477 1217 1538 1266 eos
1566 1191 1773 1288 approbatio

152 1328 349 1402 afferebant.
372 1327 548 1400 Sterilitas
573 1335 783 1422 temporum,
809 1321 1002 1416 superioris
1028 1319 1179 1392 maxime
1206 1319 1303 1403 anni,
1325 1319 1459 1391 civibus
1485 1320 1612 1392 samem
1641 1317 1771 1389 intulit.

153 1452 199 1523 Ex
215 1452 314 1546 agris
341 1458 377 1525 et
402 1451 539 1546 oppidis
557 1449 699 1522 Vilnam
730 1448 895 1542 undique,
920 1453 1051 1539 praeter
1080 1465 1210 1538 vagam
1237 1443 1368 1538 passim
1394 1443 1672 1516 mendiculorum
1702 1452 1775 1516 tur-

153 1577 237 1661 bam,
258 1576 432 1662 rusticuli,
452 1575 658 1661 tabernarii,
675 1573 819 1667 opifices
838 1571 1019 1657 sellularii,
1037 1581 1204 1669 tanquam
1219 1574 1263 1644 ad
1277 1571 1385 1644 fidum
1400 1595 1552 1644 annonae
1566 1572 1773 1655 subsidium,
1839 1657 1843 1662 Ι

154 1701 379 1774 confluebant.
402 1699 609 1774 Miserabile
627 1708 701 1771 tum
727 1697 907 1770 enimvero
934 1701 1010 1768 tota
1037 1696 1124 1767 urbe
1155 1696 1215 1769 diu
1241 1704 1417 1791 noctuque
1449 1696 1627 1767 turmatim
1657 1719 1775 1768 erran-

154 1825 243 1910 tium,
264 1847 435 1920 opemque
452 1823 738 1897 lamentabilibus
755 1820 1017 1915 implorantium
1035 1819 1179 1892 vocibus
1206 1829 1283 1893 erat
1297 1818 1547 1915 spectaculum.
1561 1819 1775 1893 Succurrere

154 1949 202 2021 hic
219 1949 314 2022 Socii
338 1950 479 2023 miseris
505 1972 569 2045 pro
588 1947 813 2020 facultatibus
840 1945 942 2018 suis:
964 1946 1090 2041 partiri
1118 1969 1246 2042 penum
1268 1969 1396 2018 suam:
1424 1945 1601 2018 famelicos
1629 1969 1773 2041 greges

153 2095 231 2167 quos
246 2081 403 2168 possent,
425 2075 607 2146 subtracta
625 2072 691 2144 sibi
718 2069 788 2145 offa
807 2071 853 2142 ad
870 2079 1008 2164 portam
1026 2071 1196 2143 domicilii
1213 2069 1357 2145 reficere
1375 2097 1382 2142 :
1405 2094 1539 2154 eorum,
1556 2094 1644 2165 quos
1661 2071 1775 2163 pudor

153 2199 211 2270 hoc
228 2199 326 2272 aditu
341 2199 557 2293 prohiberet,
578 2199 667 2293 stipe
695 2199 853 2293 precario
880 2200 987 2271 etiam
1013 2207 1149 2282 coacta,
1171 2197 1370 2270 clanculum
1396 2199 1526 2292 inopiae
1554 2199 1698 2272 mederi.
1723 2201 1775 2272 Ea

153 2329 285 2416 propter
311 2311 516 2396 sodalitium
542 2345 680 2417 quoque
696 2324 949 2395 misericordiae
974 2331 1009 2396 et
1034 2347 1147 2407 mons,
1169 2329 1207 2395 ut
1224 2330 1365 2406 vocant,
1385 2324 1539 2416 pietatis,
1560 2323 1607 2394 ad
1623 2324 1775 2418 effigiem
1803 2343 1908 2398 Miseria

155 2446 336 2520 Salvatoris
362 2448 504 2520 Domini
530 2448 679 2522 eCrucc
706 2451 904 2543 pendentis,
926 2452 1055 2524 divinis
1085 2452 1261 2546 hodieque
1281 2449 1459 2524 beneficiis
1489 2450 1654 2547 inclytam
1672 2451 1710 2548 (1)
1739 2451 1775 2522 in
1803 2423 1936 2562 ulmi}

155 2570 275 2644 sacello
305 2571 471 2666 Corporis
489 2572 621 2645 Christi
647 2572 755 2658 dicto,
776 2577 946 2661 excitata;
977 2577 1069 2647 unde
1094 2583 1189 2648 certa
1216 2575 1380 2668 deinceps
1405 2575 1591 2668 egentibus
1620 2576 1777 2648 remedia
1804 2581 1953 2650 collegium.

155 2701 359 2788 peterentur.
382 2693 599 2789 Colligeudis
618 2718 756 2790 quoque
783 2702 1017 2797 curandisque
1041 2701 1220 2786 convenis,
1241 2698 1406 2794 quoniam
1438 2701 1640 2774 nosocomia
1657 2710 1779 2776 vetera

151 2816 217 2908 jam
235 2817 416 2889 hominum
444 2818 653 2890 miserorum
671 2821 798 2894 referta
829 2833 948 2910 erant;
977 2833 1017 2898 ut
1045 2827 1195 2921 amplius
1226 2831 1401 2918 praeterea
1422 2824 1655 2898 diversorium
1683 2850 1776 2899 sum-

155 2940 295 3036 ptnsque
324 2941 412 3013 certi
438 2948 474 3013 et
499 2949 682 3015 curatores
708 2967 829 3017 eorum
860 2949 1004 3043 impigri
1031 2951 1313 3044 assignarentur,
1338 2948 1584 3041 amagistratu
1614 2951 1778 3043 impetra-

154 3071 232 3136 tum.
253 3065 390 3138 Urente
410 3065 527 3137 acrius
546 3065 642 3137 malo
669 3073 705 3138 et
730 3070 899 3164 majorem
920 3071 956 3142 in
975 3071 1049 3145 dies
1067 3073 1193 3146 edente
1210 3080 1377 3167 stragem,
1398 3072 1608 3147 subductum
1625 3075 1777 3169 denique
1808 3106 1943 3176 obsequis

156 3184 342 3282 Collegium
381 3188 417 3258 in
452 3211 578 3282 agrum
616 3190 878 3280 suburbanum;
925 3202 1077 3288 quatuor
1114 3197 1368 3285 sacerdotibus,
1400 3199 1459 3293 qui
1498 3223 1607 3294 aegrae
1645 3201 1779 3274 civitati
1807 3184 1955 3242 ⁸⁰⁰³⁰¹¹²¹¹¹·

155 3319 394 3403 procuratores
420 3311 544 3384 salutis
570 3319 606 3385 et
632 3313 870 3388 consolatores
896 3318 1074 3401 adessent,
1096 3321 1230 3416 aliquot
1254 3323 1339 3397 item
1364 3323 1584 3419 adjutoribus
1601 3325 1646 3397 ad
1664 3333 1780 3399 custo·

155 3436 241 3508 diam
261 3437 384 3511 domus
403 3438 548 3511 relictis.
574 3440 708 3512 Urbem
735 3441 787 3514 illi
807 3454 957 3538 quatuor
979 3449 1016 3519 in
1033 3451 1181 3522 totidem
1201 3451 1365 3544 regiones
1383 3452 1514 3546 partiti,
1539 3452 1597 3524 die
1624 3475 1776 3547 quoque,
1858 3431 1863 3444 ⁵

154 3562 300 3656 aprime
326 3561 484 3646 diluculo
510 3564 556 3635 ad
583 3573 776 3636 extremum
803 3591 912 3662 usque
943 3572 1198 3666 crepusculum,
1228 3597 1312 3646 suos
1331 3574 1478 3669 quisque
1502 3575 1600 3647 vicos
1621 3598 1781 3670 pererra-

156 3683 252 3769 bant;
280 3685 396 3757 devoti
422 3708 487 3757 sua
512 3695 636 3780 sponte
662 3687 766 3760 saluti
793 3667 1007 3779 mortalium,
1024 3695 1228 3771 fortitudine
1246 3705 1346 3771 tanta
1362 3722 1401 3770 ac
1427 3698 1612 3792 diligentia
1637 3699 1673 3770 in
1695 3699 1782 3796 ipsis

155 3807 380 3880 versabantur
405 3808 584 3903 periculis,
617 3811 716 3882 utin
743 3815 905 3886 omnibus
932 3823 967 3888 et
993 3819 1133 3892 virtutis
1163 3844 1237 3893 suae
1272 3829 1307 3895 et
1340 3822 1480 3917 pietatis
1513 3805 1808 3896 admirationem

60 4029 64 4040 Ι
155 3953 371 4028 amoremque
407 3934 615 4008 excitarent.
649 3935 705 4007 llli
740 3943 814 4008 tum
840 3939 907 4032 ipsi
934 3964 998 4035 per
1029 3943 1153 4016 urbem
1187 3968 1326 4017 omnem
1359 3945 1568 4040 languentes
1597 3945 1777 4019 reficere:

155 4055 374 4130 moribundos
400 4057 617 4130 salutaribus
643 4051 805 4153 adjutare
832 4064 1014 4137 consiliis:
1044 4067 1203 4140 subsidia
1229 4069 1377 4152 miseris,
1402 4070 1590 4143 undeunde
1620 4072 1782 4144 contrahi

155 4195 322 4279 poterant,
355 4187 506 4273 afferre3
537 4188 697 4262 desertas
724 4214 745 4261 a
773 4192 923 4264 dominis
950 4192 1058 4277 aedes,
1088 4192 1259 4275 collectis,
1289 4217 1368 4289 quae
1402 4194 1533 4287 passim
1568 4217 1631 4289 per
1663 4194 1800 4290 fugam

150 4308 309 4401 jacebant
334 4332 471 4405 sparsa,
487 4311 712 4396 utensilibus
729 4315 953 4398 concludere,
979 4326 1014 4390 et
1042 4325 1165 4389 contra
1191 4317 1300 4398 fures,
1330 4339 1372 4388 ea
1399 4317 1546 4391 maxime
1572 4327 1781 4414 tempestate

155 4442 368 4526 grassantes
397 4434 636 4507 communire:
656 4435 740 4530 quin
766 4437 811 4507 ad
839 4440 1129 4532 restinguendum
1155 4442 1261 4513 etiam
1287 4442 1592 4537 incendiumque
1619 4443 1703 4515 urbs
1729 4442 1781 4516 fa-

155 4559 217 4632 cile
242 4560 429 4636 interiisset
454 4568 538 4647 tota,
567 4562 705 4646 adesse,
725 4563 891 4656 ignavam
917 4547 1051 4636 hortari
1078 4553 1230 4660 plebem,
1252 4566 1408 4637 remedia
1430 4566 1504 4638 suis
1530 4567 1598 4661 ipsi
1620 4568 1781 4642 manibus

154 4685 287 4761 afferre.
311 4687 358 4760 ln'
382 4712 423 4763 eo
454 4687 690 4784 periculorum
717 4697 806 4762 aestu
831 4691 867 4762 id
893 4715 1001 4764 unum
1029 4693 1123 4765 Socii
1143 4691 1295 4763 vicissim
1322 4690 1389 4762 sibi
1415 4690 1662 4784 precabantur,
1684 4700 1722 4765 ut
1749 4693 1780 4765 si

155 4809 249 4881 utilis
272 4811 420 4898 civitati,
441 4811 473 4884 si
498 4821 602 4907 grata
626 4813 703 4885 Deo
730 4835 795 4885 sua
820 4814 912 4888 foret
937 4838 1058 4910 opera,
1087 4839 1157 4888 non
1180 4813 1278 4908 prius
1305 4815 1372 4908 ipsi
1403 4814 1580 4886 communi
1598 4815 1690 4886 malo
1721 4816 1782 4890 de-

155 4933 364 5020 cumberent,
397 4957 502 5030 quam
531 4935 667 5030 reliqua
697 4936 834 5018 civitas,
867 4939 987 5011 divina
1026 4939 1257 5033 benignitate,
1291 4961 1334 5010 ex
1359 4935 1490 5009 morbis
1523 4936 1784 5010 convalesceret

154 5061 238 5154 (jam
255 5064 345 5134 enim
364 5063 463 5135 abire
484 5063 669 5135 videbatur
691 5062 903 5158 pestilentia)
917 5062 993 5156 opis
1012 5083 1087 5134 suae
1109 5076 1202 5135 esset
1218 5086 1288 5133 non
1307 5060 1441 5154 indiga.
1460 5060 1500 5131 ld
1522 5061 1614 5154 quod
1630 5061 1778 5144 duobus,

175 5207 234 5280 ql)
258 5201 420 5264 Sodalitinrn
437 5205 652 5272 Misericordia,
671 5205 753 5262 ltons
769 5204 892 5278 pictatis,
910 5209 938 5260 el
953 5200 1163 5259 Nosocomiuvn.
