4936 6658
561 875 565 878 ·
661 841 722 906 378
1029 839 1304 905 LlTUdNICdRUM
1326 836 1538 904 SOClETdTIS
1557 840 1644 903 JESU
1666 838 1918 903 HISTOthRUM

492 1055 556 1114 reto
664 1055 730 1130 qua
748 1030 968 1105 revenientes
982 1028 1030 1102 ad
1046 1027 1199 1101 officium
1217 1027 1254 1099 in
1272 1027 1359 1100 mari
1380 1033 1551 1128 mensuret
1575 1026 1713 1100 Baltico
1735 1051 1742 1098 :
1764 1047 1833 1122 qua
1855 1034 2037 1123 correptos
2059 1049 2103 1101 ex
2131 1026 2292 1103 Livonia

663 1157 777 1231 modis
799 1162 941 1229 necaret
955 1154 1051 1227 diris.
1070 1154 1125 1226 Ita
1139 1151 1248 1226 Suedi
1265 1153 1473 1226 etiamtunc
1490 1152 1622 1238 affecti,
1643 1153 1714 1225 imo
1735 1175 1820 1225 vero
1832 1152 1997 1226 iratiores
2014 1153 2134 1239 etiam,
2150 1153 2289 1228 incitati

664 1282 709 1354 ab
724 1280 962 1354 adulatoribus
974 1277 1151 1351 haereticis
1168 1278 1398 1364 nostratibus
1419 1277 1455 1349 in
1478 1299 1543 1350 nos
1561 1276 1614 1348 illi
1628 1277 1772 1372 primos,
1795 1277 1933 1350 ubiubi
1951 1300 2107 1350 essemus
2129 1277 2287 1366 obnoxii,

661 1407 879 1480 involabant.
901 1407 1016 1478 Duces
1033 1403 1278 1500 populantium
1294 1403 1478 1475 Varmiam
1491 1403 1686 1498 copiarum,
1705 1401 1946 1475 Oxensternus
1974 1401 2113 1479 Sueciaa
2138 1405 2287 1478 cancel·

661 1532 786 1616 larius,
808 1529 987 1604 Fabianus
1001 1552 1118 1603 comes
1136 1551 1158 1600 a
1179 1528 1319 1611 Donna,
1343 1527 1523 1600 Robertus
1540 1526 1741 1622 Duglassus
1759 1552 1766 1598 :
1786 1527 1932 1599 nomina
1952 1549 2015 1623 per
2043 1527 2140 1622 ipsas
2164 1530 2293 1602 crude-

662 1655 744 1728 liter
765 1677 823 1729 res
846 1661 965 1750 gestas
991 1653 1220 1727 memoranda
1237 1679 1245 1738 ;
1266 1673 1415 1747 quorum
1443 1651 1555 1723 multa
1572 1651 1643 1723 sint
1660 1650 1866 1724 tristissima
1886 1652 1922 1723 in
1941 1652 2054 1726 ruinis
2074 1651 2292 1748 tumulisque

660 1780 828 1863 Varmiae,
849 1778 1067 1874 Samogitiae‚
1088 1784 1125 1851 et
1140 1776 1226 1849 alibi
1247 1776 1390 1871 passim,
1410 1782 1648 1849 monumenta.
1679 1773 1799 1849 Nullis
1816 1774 1911 1870 apud
1936 1774 2016 1847 illos
2041 1776 2203 1870 precibus
2227 1779 2295 1852 im·

660 1905 791 2002 perrari
815 1909 965 2001 poterat,
994 1901 1134 1997 templis
1161 1900 1292 1995 utique,
1320 1901 1426 1973 rebus
1445 1900 1520 1973 Deo
1540 1901 1664 1984 sacris,
1684 1901 1737 1972 uti
1750 1907 1972 1996 pomaretum
1992 1901 2123 1974 frustra
2141 1924 2292 1998 queren-

662 2031 756 2104 tibus
783 2028 911 2101 misere
929 2025 1055 2112 Sociis,
1076 2025 1285 2121 injuriarum
1307 2025 1383 2120 jam
1410 2047 1490 2098 esse
1515 2025 1651 2098 affatim
1681 2024 1719 2096 in
1753 2026 1918 2098 evastatis
1947 2025 2112 2120 pauperis
2146 2025 2295 2102 familiae

664 2155 866 2250 exustisque
883 2151 1007 2247 agellis
1027 2178 1034 2224 :
1056 2149 1286 2224 inexhaustis
1305 2150 1351 2222 ad
1366 2149 1532 2245 stipulam
1545 2147 1683 2223 cellulis
1700 2175 1708 2222 ε
1726 2150 1816 2223 nibil
1830 2174 1868 2224 se
1882 2150 2069 2245 spoliatius
2087 2174 2178 2240 esse,
2198 2132 2295 2228 nihil

664 2280 840 2377 egentius.
860 2276 979 2350 Nullis
993 2277 1132 2348 hostem
1150 2275 1256 2348 istum
1274 2296 1434 2347 moveres
1452 2274 1629 2370 precibus.
1657 2275 1834 2371 Quidquid
1851 2276 1889 2348 in
1911 2277 2017 2350 rebus
2035 2276 2173 2365 domus,
2193 2279 2296 2374 quid·

666 2406 749 2502 quid
767 2409 967 2500 superesset
984 2403 1022 2474 in
1038 2399 1193 2496 templis,
1209 2398 1267 2472 vel
1285 2398 1451 2471 contrivit
1468 2399 1526 2472 vel
1543 2398 1700 2472 abstulit.
1718 2379 1959 2474 Abstulissent
1976 2400 2083 2475 etiam
2114 2402 2293 2500 spiritum,

665 2531 736 2604 nisi
752 2527 1000 2600 intervenisset
1014 2525 1222 2620 deprecator
1248 2545 1270 2595 a
1296 2523 1357 2619 pia
1382 2523 1532 2618 conjuge
1549 2523 1715 2619 principis
1735 2524 1929 2608 Borussici,
1946 2525 1990 2598 de
2017 2525 2211 2601 Succorum
2224 2530 2292 2602 im·

668 2655 829 2727 manibus
858 2652 960 2726 factis
978 2674 1042 2747 per
1058 2648 1332 2723 mareschallum
1353 2648 1513 2758 Prussiae¹
1526 2647 1673 2721 monita.
1693 2647 1750 2721 Ad
1771 2648 1983 2744 languorem
2003 2649 2133 2724 suroris
2148 2653 2296 2749 aliquod

670 2784 883 2852 momentum
907 2776 1032 2850 habuit
1051 2795 1147 2846 mors
1173 2772 1359 2868 repentina
1387 2772 1629 2859 Oxenslerni;
1657 2773 1716 2867 qui
1746 2772 1825 2868 plus
1857 2775 2017 2848 saevisset
2046 2775 2140 2850 aliis.
2175 2779 2295 2875 Hujus

671 2905 802 2988 meteri,
822 2902 879 2976 vel
896 2924 1015 2999 poena,
1033 2898 1127 2995 quod
1144 2898 1247 2971 facile
1266 2897 1493 2993 interpretari
1511 2904 1601 2983 erat,
1622 2899 1817 2982 conterriti,
1837 2898 1894 2974 vel
1913 2923 1998 2974 cura
2010 2902 2144 2976 funeris
2163 2907 2295 2992 aversi,

497 3020 633 3156 gfflm
671 3033 847 3127 quievere.
865 3027 1022 3102 Subinde
1040 3025 1215 3102 Borussos
1234 3023 1327 3096 inter
1352 3029 1388 3095 et
1406 3021 1551 3108 Succos,
1572 3023 1727 3097 consiliis
1743 3025 1860 3098 adhuc
1877 3025 2090 3101 dissidentes
2107 3035 2143 3101 et
2168 3031 2292 3118 armis,

497 3178 637 3234 donacsso-
672 3177 744 3251 pax
764 3162 800 3228 et
820 3151 1008 3226 concordia
1027 3149 1232 3223 constituta.
1266 3146 1441 3220 Invitatus
1466 3146 1571 3219 adid
1596 3169 1618 3218 a
1648 3147 1761 3222 Sueco
1788 3150 1965 3224 Borussus
1998 3152 2084 3224 illici
2107 3161 2299 3250 optatoque

497 3273 579 3316 Μεθ’
673 3280 778 3362 dono,
798 3275 956 3360 Vatinia,
979 3273 1136 3347 Prussiae
1159 3295 1234 3345 suae
1252 3271 1484 3356 contermina,
1507 3271 1585 3365 jam
1612 3271 1757 3346 Polonis
1785 3267 1963 3370 adempta.
1985 3275 2111 3350 Sextili
2128 3285 2295 3366 exeunte,

672 3405 800 3478 missus
825 3401 1018 3475 aBorusso
1031 3399 1066 3470 in
1084 3397 1346 3493 possessionem
1365 3395 1494 3468 ablatae
1511 3397 1716 3490 provinciae,
1738 3407 1967 3495 recuperator
1984 3401 2107 3474 Socios
2120 3402 2300 3498 emigrare

663 3530 767 3627 jubet
793 3527 977 3601 confestim
1006 3523 1169 3596 exomni
1199 3520 1361 3604 Varmia,
1393 3519 1569 3593 liburnica
1592 3522 1671 3616 jam
1699 3546 1792 3596 nuuc
1810 3525 1927 3598 nescio
1951 3547 2020 3620 quo
2041 3527 2294 3620 exportandos.

497 3621 644 3693 mim
671 3652 893 3730 Exulandum
907 3652 1016 3747 igitur
1034 3656 1112 3722 erat
1129 3649 1243 3721 edicto
1262 3653 1299 3720 et
1311 3645 1366 3718 ira
1384 3643 1607 3718 inexorabili.
1629 3647 1787 3721 Perculit
1804 3649 1840 3722 id
1865 3650 1993 3722 civium
2011 3653 2162 3736 animos,
2182 3656 2298 3728 nostri

498 3703 545 3760 dos
558 3701 645 3756 Socios

498 3779 645 3835 inexilium
671 3779 821 3852 maxime
835 3775 1041 3849 amantium.
1062 3775 1157 3853 Quos
1185 3771 1284 3844 sama
1305 3770 1438 3843 decreti
1461 3769 1558 3843 exilii
1576 3769 1722 3848 incessit
1745 3774 1892 3871 primos,
1917 3779 2023 3874 primi
2040 3802 2226 3854 accurrere
2245 3780 2300 3854 illi

497 3859 601 4004 ‘effigi
671 3904 718 3978 ad
735 3903 887 3976 Socios:
916 3899 1134 3974 exulantium
1148 3917 1319 3992 suamque
1344 3895 1408 3966 sub
1436 3894 1558 3966 hostili
1585 3895 1762 3967 fortunam
1782 3897 1873 3991 jugo
1898 3898 2032 3993 pariter
2058 3900 2294 3995 complorare;

494 4014 633 4108 principis.
671 4029 832 4102 misereri
849 4032 933 4099 ante
955 4025 1045 4098 alios
1063 4024 1250 4119 episcopus
1268 4019 1531 4114 Kijoviensium
1550 4020 1707 4093 Thomas
1735 4019 1777 4091 de
1800 4020 1988 4116 Rupnievo
2014 4022 2209 4118 UjejskiuS,
2229 4047 2296 4096 an-

497 4095 644 4152 B⁰m⁸⁵¹⁰¹'
670 4155 772 4229 listes
795 4152 982 4228 Societatis
1000 4133 1125 4224 ainans
1145 4171 1250 4244 quam
1267 4148 1326 4243 qui
1345 4149 1513 4232 maxime,
1530 4145 1687 4221 Resselii
1708 4153 1782 4219 tum
1799 4147 1929 4242 hospes
1954 4147 2047 4222 inter
2064 4147 2199 4222 Socios.
2221 4150 2294 4224 Sed

672 4303 729 4353 res
742 4303 823 4351 mox
836 4301 940 4351 versa
957 4275 1074 4348 aliter.
1096 4275 1245 4347 Postero
1264 4272 1335 4358 die,
1358 4295 1463 4368 quam
1490 4271 1533 4344 de
1561 4272 1629 4345 isto
1661 4270 1899 4345 renuntiatum
1928 4270 2056 4356 edicto,
2090 4275 2243 4346 accurrit
2271 4297 2296 4348 a

673 4405 824 4500 conjuge
842 4402 1010 4500 principis
1029 4398 1212 4474 Borussici
1225 4397 1438 4472 caduceator
1460 4421 1468 4470 :
1491 4399 1673 4493 quiescere
1691 4396 1729 4470 in
1741 4395 1901 4483 Varmia,
1916 4396 1993 4492 jam
2013 4419 2109 4470 nunc
2125 4398 2295 4494 principis

673 4533 728 4604 sui
753 4532 947 4628 provincia,
978 4529 1107 4603 milites
1134 4527 1319 4613 Suetioos;
1341 4526 1448 4611 cives,
1474 4524 1673 4620 religiosos,
1702 4521 1886 4617 inprimis
1912 4520 2099 4596 Societatis
2116 4523 2291 4608 homines,

672 4655 859 4729 inviolatos
879 4677 957 4728 esse
973 4653 1089 4750 jubet.
1118 4653 1197 4725 Hoc
1227 4650 1341 4724 edicto
1364 4650 1504 4746 depulsi
1529 4650 1673 4725 demum
1701 4649 1820 4722 Sueci.
1851 4647 1922 4722 Sed
1941 4671 1986 4724 ne
2006 4650 2125 4723 abitus
2150 4650 2293 4747 quidem

671 4778 825 4851 hostium
843 4778 976 4850 civibus
992 4778 1059 4850 fuit
1072 4775 1213 4849 omnino
1227 4772 1405 4847 laetabilis.
1423 4765 1685 4848 Maleficiorum
1698 4772 1750 4846 illi
1769 4796 1915 4846 suorum
1928 4776 2127 4848 auctarium
2139 4775 2294 4872 relique-

670 4909 753 4974 runt
770 4900 955 4996 oppidanis
971 4899 1232 4996 pestilentiam
1252 4921 1321 4993 qua
1338 4898 1466 4973 deinde
1482 4897 1585 4971 multi
1603 4899 1711 4984 cives,
1728 4899 1891 4994 interque
1905 4921 1966 4972 eos
1979 4899 2057 4995 ipso
2069 4900 2294 4976 Resseliensi

668 5025 705 5097 in
720 5025 848 5121 oppido
864 5025 984 5100 decem
1001 5047 1021 5097 e
1039 5022 1197 5120 Collegio
1211 5023 1306 5098 Socii
1319 5023 1486 5118 prostrati
1505 5031 1599 5097 sunt.
1716 5107 1718 5112 .

717 5147 799 5220 Non
821 5147 910 5222 levis
934 5150 1063 5244 injecta
1087 5149 1132 5220 ab
1159 5148 1320 5223 hostibus
1343 5151 1454 5246 plaga
1480 5151 1587 5224 etiam
1608 5149 1757 5225 Plotiae.
1779 5141 1914 5224 ¹Vexati
1938 5151 2069 5224 foedum
2086 5152 2124 5224 in
2144 5151 2289 5227 modum

592 5356 596 5364 ‚
669 5293 804 5345 omnes.
822 5272 947 5347 Enecti
959 5273 996 5347 in
1013 5271 1190 5346 domicilio
1204 5274 1345 5382 Patres,
1365 5268 1387 5346 J
1391 5295 1523 5346 oannes
1539 5273 1831 5372 Kop'ystynsliius
1845 5281 1881 5348 et
1903 5274 2096 5350 Matthaeus
2121 5275 2283 5356 Zielens·
