<?xml version="1.0" encoding="UTF-8"?>
<!DOCTYPE html PUBLIC "-//W3C//DTD XHTML 1.0 Transitional//EN"
    "http://www.w3.org/TR/xhtml1/DTD/xhtml1-transitional.dtd">
<html xmlns="http://www.w3.org/1999/xhtml" xml:lang="en" lang="en">
 <head>
  <title>
</title>
<meta http-equiv="Content-Type" content="text/html;charset=utf-8" />
  <meta name='ocr-system' content='tesseract 3.04.00' />
  <meta name='ocr-capabilities' content='ocr_page ocr_carea ocr_par ocr_line ocrx_word'/>
</head>
<body>
  <div class='ocr_page' id='page_1' title='image "./lituanicarumsoc00rostgoog_0277.png"; bbox 0 0 4930 6634; ppageno 0'>
   <div class='ocr_carea' id='block_1_1' title="bbox 665 754 1940 822">
    <p class='ocr_par' dir='ltr' id='par_1_1' title="bbox 665 754 1940 822">
     <span class='ocr_line' id='line_1_1' title="bbox 665 754 1940 822; baseline -0.004 -1"><span class='ocrx_word' id='word_1_1' title='bbox 665 756 726 822; x_wconf 81' lang='grc'>250</span> <span class='ocrx_word' id='word_1_2' title='bbox 977 809 979 814; x_wconf 73' lang='grc'>,</span> <span class='ocrx_word' id='word_1_3' title='bbox 1052 755 1326 817; x_wconf 79' lang='lat' dir='ltr'>LITUANlCARUM</span> <span class='ocrx_word' id='word_1_4' title='bbox 1349 754 1561 816; x_wconf 72' lang='lat' dir='ltr'>somniaris</span> <span class='ocrx_word' id='word_1_5' title='bbox 1582 755 1666 817; x_wconf 82' lang='lat' dir='ltr'>JESU</span> <span class='ocrx_word' id='word_1_6' title='bbox 1689 756 1940 817; x_wconf 80' lang='lat' dir='ltr'>lllSTOlllARUll</span> 
     </span>
    </p>
   </div>
   <div class='ocr_carea' id='block_1_2' title="bbox 493 936 2393 3138">
    <p class='ocr_par' dir='ltr' id='par_1_2' title="bbox 664 936 2285 1035">
     <span class='ocr_line' id='line_1_2' title="bbox 664 936 2285 1035; baseline 0.002 -25"><span class='ocrx_word' id='word_1_7' title='bbox 664 939 845 1020; x_wconf 89' lang='lat' dir='ltr'>historico,</span> <span class='ocrx_word' id='word_1_8' title='bbox 883 961 952 1010; x_wconf 90' lang='lat' dir='ltr'>non</span> <span class='ocrx_word' id='word_1_9' title='bbox 984 939 1143 1010; x_wconf 86' lang='lat' dir='ltr'>omnibus</span> <span class='ocrx_word' id='word_1_10' title='bbox 1172 936 1384 1032; x_wconf 88' lang='lat' dir='ltr'>aequissimo,</span> <span class='ocrx_word' id='word_1_11' title='bbox 1415 959 1494 1031; x_wconf 89' lang='lat' dir='ltr'>quae</span> <span class='ocrx_word' id='word_1_12' title='bbox 1528 959 1571 1008; x_wconf 88' lang='lat' dir='ltr'>ex</span> <span class='ocrx_word' id='word_1_13' title='bbox 1602 937 1715 1010; x_wconf 91' lang='lat' dir='ltr'>animo</span> <span class='ocrx_word' id='word_1_14' title='bbox 1743 961 1806 1011; x_wconf 92' lang='lat' dir='ltr'>suo</span> <span class='ocrx_word' id='word_1_15' title='bbox 1840 937 1877 1010; x_wconf 91' lang='lat' dir='ltr'>in</span> <span class='ocrx_word' id='word_1_16' title='bbox 1912 939 1969 1012; x_wconf 91' lang='lat' dir='ltr'>his</span> <span class='ocrx_word' id='word_1_17' title='bbox 2004 940 2078 1012; x_wconf 89' lang='lat' dir='ltr'>suis</span> <span class='ocrx_word' id='word_1_18' title='bbox 2104 940 2285 1035; x_wconf 86' lang='lat' dir='ltr'>praeolaris</span> 
     </span>
    </p>

    <p class='ocr_par' dir='ltr' id='par_1_3' title="bbox 663 1059 2288 1157">
     <span class='ocr_line' id='line_1_3' title="bbox 663 1059 2288 1157; baseline 0.002 -24"><span class='ocrx_word' id='word_1_19' title='bbox 663 1061 942 1157; x_wconf 85' lang='lat' dir='ltr'>hypomnematis</span> <span class='ocrx_word' id='word_1_20' title='bbox 972 1061 1139 1136; x_wconf 88' lang='lat' dir='ltr'>Societati</span> <span class='ocrx_word' id='word_1_21' title='bbox 1169 1069 1300 1134; x_wconf 89' lang='lat' dir='ltr'>nostrae</span> <span class='ocrx_word' id='word_1_22' title='bbox 1328 1059 1478 1154; x_wconf 80' lang='lat' dir='ltr'>aspersit</span> <span class='ocrx_word' id='word_1_23' title='bbox 1509 1059 1603 1156; x_wconf 84' lang='lat' dir='ltr'>(pag.</span> <span class='ocrx_word' id='word_1_24' title='bbox 1632 1063 1735 1157; x_wconf 66' lang='lat'>358),</span> <span class='ocrx_word' id='word_1_25' title='bbox 1760 1062 1911 1135; x_wconf 84' lang='lat' dir='ltr'>libenter</span> <span class='ocrx_word' id='word_1_26' title='bbox 1937 1063 2204 1136; x_wconf 87' lang='lat' dir='ltr'>condonamus:</span> <span class='ocrx_word' id='word_1_27' title='bbox 2226 1066 2288 1136; x_wconf 90' lang='lat' dir='ltr'>sed</span> 
     </span>
    </p>

    <p class='ocr_par' dir='ltr' id='par_1_4' title="bbox 663 1184 2284 1282">
     <span class='ocr_line' id='line_1_4' title="bbox 663 1184 2284 1282; baseline 0.002 -24"><span class='ocrx_word' id='word_1_28' title='bbox 663 1195 784 1258; x_wconf 90' lang='lat' dir='ltr'>nostra</span> <span class='ocrx_word' id='word_1_29' title='bbox 817 1209 926 1260; x_wconf 89' lang='lat' dir='ltr'>causa</span> <span class='ocrx_word' id='word_1_30' title='bbox 959 1187 1055 1282; x_wconf 91' lang='lat' dir='ltr'>carpi</span> <span class='ocrx_word' id='word_1_31' title='bbox 1088 1185 1189 1268; x_wconf 74' lang='lat' dir='ltr'>alios</span> <span class='ocrx_word' id='word_1_32' title='bbox 1222 1207 1349 1279; x_wconf 88' lang='lat' dir='ltr'>eosque</span> <span class='ocrx_word' id='word_1_33' title='bbox 1381 1184 1476 1256; x_wconf 84' lang='lat' dir='ltr'>viros</span> <span class='ocrx_word' id='word_1_34' title='bbox 1514 1185 1763 1271; x_wconf 71' lang='lat' dir='ltr'>sanctissime,</span> <span class='ocrx_word' id='word_1_35' title='bbox 1805 1187 1897 1281; x_wconf 90' lang='lat' dir='ltr'>quis,</span> <span class='ocrx_word' id='word_1_36' title='bbox 1926 1188 2045 1282; x_wconf 86' lang='lat' dir='ltr'>justus</span> <span class='ocrx_word' id='word_1_37' title='bbox 2076 1189 2284 1273; x_wconf 88' lang='lat' dir='ltr'>aestimator,</span> 
     </span>
    </p>

    <p class='ocr_par' dir='ltr' id='par_1_5' title="bbox 663 1307 2288 1407">
     <span class='ocr_line' id='line_1_5' title="bbox 663 1307 2288 1407; baseline -0.002 -24"><span class='ocrx_word' id='word_1_38' title='bbox 663 1311 836 1383; x_wconf 89' lang='lat' dir='ltr'>sustineat</span> <span class='ocrx_word' id='word_1_39' title='bbox 853 1311 867 1381; x_wconf 79' lang='lat' dir='ltr'>i</span> <span class='ocrx_word' id='word_1_40' title='bbox 885 1309 1050 1382; x_wconf 91' lang='lat' dir='ltr'>Morosus</span> <span class='ocrx_word' id='word_1_41' title='bbox 1075 1310 1157 1380; x_wconf 91' lang='lat' dir='ltr'>huic</span> <span class='ocrx_word' id='word_1_42' title='bbox 1174 1310 1266 1380; x_wconf 92' lang='lat' dir='ltr'>bono</span> <span class='ocrx_word' id='word_1_43' title='bbox 1284 1308 1445 1403; x_wconf 84' lang='lat' dir='ltr'>scriptori</span> <span class='ocrx_word' id='word_1_44' title='bbox 1463 1307 1612 1394; x_wconf 92' lang='lat' dir='ltr'>Bobola,</span> <span class='ocrx_word' id='word_1_45' title='bbox 1635 1315 1815 1405; x_wconf 92' lang='lat' dir='ltr'>promotus</span> <span class='ocrx_word' id='word_1_46' title='bbox 1845 1310 1891 1382; x_wconf 93' lang='lat' dir='ltr'>ad</span> <span class='ocrx_word' id='word_1_47' title='bbox 1908 1310 1995 1383; x_wconf 92' lang='lat' dir='ltr'>illud</span> <span class='ocrx_word' id='word_1_48' title='bbox 2014 1310 2165 1383; x_wconf 90' lang='lat' dir='ltr'>officium</span> <span class='ocrx_word' id='word_1_49' title='bbox 2183 1309 2288 1407; x_wconf 88' lang='lat' dir='ltr'>(regii</span> 
     </span>
    </p>

    <p class='ocr_par' dir='ltr' id='par_1_6' title="bbox 569 1431 2276 1531">
     <span class='ocr_line' id='line_1_6' title="bbox 569 1431 2276 1531; baseline 0 -25"><span class='ocrx_word' id='word_1_50' title='bbox 569 1461 573 1468; x_wconf 92' lang='lat'>·</span> <span class='ocrx_word' id='word_1_51' title='bbox 664 1435 908 1531; x_wconf 71' lang='lat' dir='ltr'>praefecturam</span> <span class='ocrx_word' id='word_1_52' title='bbox 936 1431 1096 1526; x_wconf 71' lang='lat' dir='ltr'>cubiculi)</span> <span class='ocrx_word' id='word_1_53' title='bbox 1114 1433 1308 1526; x_wconf 90' lang='lat' dir='ltr'>patrocinio</span> <span class='ocrx_word' id='word_1_54' title='bbox 1327 1431 1548 1504; x_wconf 87' lang='lat' dir='ltr'>sacerdotum</span> <span class='ocrx_word' id='word_1_55' title='bbox 1579 1432 1765 1505; x_wconf 90' lang='lat' dir='ltr'>Societatis</span> <span class='ocrx_word' id='word_1_56' title='bbox 1796 1434 1818 1505; x_wconf 90' lang='lat' dir='ltr'>J</span> <span class='ocrx_word' id='word_1_57' title='bbox 1822 1456 1884 1506; x_wconf 92' lang='lat' dir='ltr'>esu</span> <span class='ocrx_word' id='word_1_58' title='bbox 1906 1459 1913 1504; x_wconf 92' lang='lat'>:</span> <span class='ocrx_word' id='word_1_59' title='bbox 1935 1435 2027 1528; x_wconf 91' lang='lat' dir='ltr'>quod</span> <span class='ocrx_word' id='word_1_60' title='bbox 2052 1433 2125 1507; x_wconf 92' lang='lat' dir='ltr'>illis</span> <span class='ocrx_word' id='word_1_61' title='bbox 2149 1435 2187 1507; x_wconf 93' lang='lat' dir='ltr'>in</span> <span class='ocrx_word' id='word_1_62' title='bbox 2204 1457 2276 1508; x_wconf 91' lang='lat' dir='ltr'>om·</span> 
     </span>
    </p>

    <p class='ocr_par' dir='ltr' id='par_1_7' title="bbox 665 1555 2286 1652">
     <span class='ocr_line' id='line_1_7' title="bbox 665 1555 2286 1652; baseline 0 -22"><span class='ocrx_word' id='word_1_63' title='bbox 665 1559 768 1631; x_wconf 92' lang='lat' dir='ltr'>nibus</span> <span class='ocrx_word' id='word_1_64' title='bbox 795 1558 1034 1641; x_wconf 89' lang='lat' dir='ltr'>consentiret;</span> <span class='ocrx_word' id='word_1_65' title='bbox 1056 1557 1148 1629; x_wconf 90' lang='lat' dir='ltr'>unde</span> <span class='ocrx_word' id='word_1_66' title='bbox 1166 1557 1303 1650; x_wconf 87' lang='lat' dir='ltr'>utrique</span> <span class='ocrx_word' id='word_1_67' title='bbox 1321 1556 1508 1651; x_wconf 84' lang='lat' dir='ltr'>conjuncta</span> <span class='ocrx_word' id='word_1_68' title='bbox 1526 1577 1634 1651; x_wconf 91' lang='lat' dir='ltr'>opera</span> <span class='ocrx_word' id='word_1_69' title='bbox 1655 1555 1855 1650; x_wconf 83' lang='lat' dir='ltr'>inprivatis</span> <span class='ocrx_word' id='word_1_70' title='bbox 1883 1556 2081 1652; x_wconf 93' lang='lat' dir='ltr'>colloquiis,</span> <span class='ocrx_word' id='word_1_71' title='bbox 2102 1580 2182 1652; x_wconf 86' lang='lat' dir='ltr'>quae</span> <span class='ocrx_word' id='word_1_72' title='bbox 2197 1557 2286 1652; x_wconf 75' lang='lat' dir='ltr'>ipsis</span> 
     </span>
    </p>

    <p class='ocr_par' dir='ltr' id='par_1_8' title="bbox 493 1679 2393 1934">
     <span class='ocr_line' id='line_1_8' title="bbox 493 1679 2285 1776; baseline -0.001 -23"><span class='ocrx_word' id='word_1_73' title='bbox 493 1717 619 1775; x_wconf 58' lang='lat' dir='ltr'>qug</span> <span class='ocrx_word' id='word_1_74' title='bbox 666 1704 804 1776; x_wconf 89' lang='lat' dir='ltr'>semper</span> <span class='ocrx_word' id='word_1_75' title='bbox 833 1682 1029 1776; x_wconf 90' lang='lat' dir='ltr'>patebant:</span> <span class='ocrx_word' id='word_1_76' title='bbox 1058 1680 1287 1752; x_wconf 87' lang='lat' dir='ltr'>sollicitantes</span> <span class='ocrx_word' id='word_1_77' title='bbox 1321 1702 1442 1774; x_wconf 87' lang='lat' dir='ltr'>regem</span> <span class='ocrx_word' id='word_1_78' title='bbox 1469 1679 1557 1751; x_wconf 91' lang='lat' dir='ltr'>adeo</span> <span class='ocrx_word' id='word_1_79' title='bbox 1586 1681 1880 1763; x_wconf 85' lang='lat' dir='ltr'>constrinxerant,</span> <span class='ocrx_word' id='word_1_80' title='bbox 1918 1689 1956 1752; x_wconf 92' lang='lat' dir='ltr'>ut</span> <span class='ocrx_word' id='word_1_81' title='bbox 1986 1681 2105 1753; x_wconf 92' lang='lat' dir='ltr'>omnia</span> <span class='ocrx_word' id='word_1_82' title='bbox 2130 1681 2285 1774; x_wconf 90' lang='lat' dir='ltr'>ipsorum</span> 
     </span>
     <span class='ocr_line' id='line_1_9' title="bbox 493 1800 2393 1934; baseline -0.001 -56"><span class='ocrx_word' id='word_1_83' title='bbox 493 1800 629 1934; x_wconf 50' lang='lat' dir='ltr'>{iffi}</span> <span class='ocrx_word' id='word_1_84' title='bbox 665 1806 819 1878; x_wconf 88' lang='lat' dir='ltr'>consiliis</span> <span class='ocrx_word' id='word_1_85' title='bbox 838 1812 973 1900; x_wconf 88' lang='lat' dir='ltr'>ageret,</span> <span class='ocrx_word' id='word_1_86' title='bbox 993 1813 1028 1877; x_wconf 94' lang='lat' dir='ltr'>et</span> <span class='ocrx_word' id='word_1_87' title='bbox 1044 1803 1236 1877; x_wconf 89' lang='lat' dir='ltr'>aulicorum</span> <span class='ocrx_word' id='word_1_88' title='bbox 1254 1826 1335 1899; x_wconf 90' lang='lat' dir='ltr'>spes</span> <span class='ocrx_word' id='word_1_89' title='bbox 1362 1811 1398 1877; x_wconf 89' lang='lat' dir='ltr'>et</span> <span class='ocrx_word' id='word_1_90' title='bbox 1414 1826 1510 1874; x_wconf 89' lang='lat' dir='ltr'>curae</span> <span class='ocrx_word' id='word_1_91' title='bbox 1527 1824 1598 1874; x_wconf 92' lang='lat' dir='ltr'>non</span> <span class='ocrx_word' id='word_1_92' title='bbox 1616 1801 1682 1875; x_wconf 89' lang='lat' dir='ltr'>nisi</span> <span class='ocrx_word' id='word_1_93' title='bbox 1713 1802 1757 1874; x_wconf 90' lang='lat' dir='ltr'>ab</span> <span class='ocrx_word' id='word_1_94' title='bbox 1774 1826 1897 1876; x_wconf 91' lang='lat' dir='ltr'>eorum</span> <span class='ocrx_word' id='word_1_95' title='bbox 1922 1803 2043 1877; x_wconf 83' lang='lat' dir='ltr'>lavore</span> <span class='ocrx_word' id='word_1_96' title='bbox 2066 1804 2283 1900; x_wconf 87' lang='lat' dir='ltr'>penderent;</span> <span class='ocrx_word' id='word_1_97' title='bbox 2383 1847 2393 1864; x_wconf 86' lang='lat'><strong>·</strong></span> 
     </span>
    </p>

    <p class='ocr_par' dir='ltr' id='par_1_9' title="bbox 632 1919 2287 2026">
     <span class='ocr_line' id='line_1_10' title="bbox 632 1919 2287 2026; baseline -0.001 -24"><span class='ocrx_word' id='word_1_98' title='bbox 632 1919 638 1932; x_wconf 85' lang='grc'><strong>’</strong></span> <span class='ocrx_word' id='word_1_99' title='bbox 665 1931 746 2024; x_wconf 89' lang='lat' dir='ltr'>quin</span> <span class='ocrx_word' id='word_1_100' title='bbox 774 1939 809 2004; x_wconf 88' lang='lat' dir='ltr'>et</span> <span class='ocrx_word' id='word_1_101' title='bbox 836 1931 871 2002; x_wconf 92' lang='lat' dir='ltr'>in</span> <span class='ocrx_word' id='word_1_102' title='bbox 892 1929 1042 2026; x_wconf 91' lang='lat' dir='ltr'>publicis</span> <span class='ocrx_word' id='word_1_103' title='bbox 1058 1929 1210 2024; x_wconf 89' lang='lat' dir='ltr'>negotiis</span> <span class='ocrx_word' id='word_1_104' title='bbox 1227 1927 1286 1999; x_wconf 90' lang='lat' dir='ltr'>isti</span> <span class='ocrx_word' id='word_1_105' title='bbox 1312 1926 1563 2020; x_wconf 85' lang='lat' dir='ltr'>suggerebant,</span> <span class='ocrx_word' id='word_1_106' title='bbox 1584 1925 1669 2020; x_wconf 94' lang='lat' dir='ltr'>quid</span> <span class='ocrx_word' id='word_1_107' title='bbox 1698 1950 1762 2000; x_wconf 81' lang='lat' dir='ltr'>rex</span> <span class='ocrx_word' id='word_1_108' title='bbox 1787 1928 2003 2014; x_wconf 87' lang='lat' dir='ltr'>decerneret,</span> <span class='ocrx_word' id='word_1_109' title='bbox 2031 1937 2129 2001; x_wconf 89' lang='lat' dir='ltr'>tauto</span> <span class='ocrx_word' id='word_1_110' title='bbox 2162 1929 2287 2026; x_wconf 91' lang='lat' dir='ltr'>majori</span> 
     </span>
    </p>

    <p class='ocr_par' dir='ltr' id='par_1_10' title="bbox 664 2049 2277 2148">
     <span class='ocr_line' id='line_1_11' title="bbox 664 2049 2277 2148; baseline -0.001 -23"><span class='ocrx_word' id='word_1_111' title='bbox 664 2054 868 2148; x_wconf 82' lang='lat' dir='ltr'>reipublicae</span> <span class='ocrx_word' id='word_1_112' title='bbox 914 2051 1082 2148; x_wconf 91' lang='lat' dir='ltr'>periculo,</span> <span class='ocrx_word' id='word_1_113' title='bbox 1121 2051 1213 2146; x_wconf 92' lang='lat' dir='ltr'>quod</span> <span class='ocrx_word' id='word_1_114' title='bbox 1251 2050 1298 2122; x_wconf 93' lang='lat' dir='ltr'>ad</span> <span class='ocrx_word' id='word_1_115' title='bbox 1330 2049 1531 2144; x_wconf 87' lang='lat' dir='ltr'>hujusmodi</span> <span class='ocrx_word' id='word_1_116' title='bbox 1569 2049 1844 2124; x_wconf 84' lang='lat' dir='ltr'>familiaritatem</span> <span class='ocrx_word' id='word_1_117' title='bbox 1878 2053 1973 2147; x_wconf 89' lang='lat' dir='ltr'>regis</span> <span class='ocrx_word' id='word_1_118' title='bbox 2006 2053 2277 2126; x_wconf 82' lang='lat' dir='ltr'>assumebantur</span> 
     </span>
    </p>

    <p class='ocr_par' dir='ltr' id='par_1_11' title="bbox 664 2172 2281 2274">
     <span class='ocr_line' id='line_1_12' title="bbox 664 2172 2281 2274; baseline 0 -24"><span class='ocrx_word' id='word_1_119' title='bbox 664 2173 870 2274; x_wconf 87' lang='lat' dir='ltr'>(praesertim</span> <span class='ocrx_word' id='word_1_120' title='bbox 908 2177 1087 2250; x_wconf 83' lang='lat' dir='ltr'>confessor</span> <span class='ocrx_word' id='word_1_121' title='bbox 1121 2185 1156 2249; x_wconf 92' lang='lat' dir='ltr'>et</span> <span class='ocrx_word' id='word_1_122' title='bbox 1190 2173 1426 2268; x_wconf 83' lang='lat' dir='ltr'>concionator)</span> <span class='ocrx_word' id='word_1_123' title='bbox 1456 2195 1477 2244; x_wconf 93' lang='lat' dir='ltr'>a</span> <span class='ocrx_word' id='word_1_124' title='bbox 1512 2172 1643 2245; x_wconf 90' lang='lat' dir='ltr'>scholis</span> <span class='ocrx_word' id='word_1_125' title='bbox 1671 2174 1727 2246; x_wconf 89' lang='lat' dir='ltr'>vel</span> <span class='ocrx_word' id='word_1_126' title='bbox 1761 2197 1783 2246; x_wconf 87' lang='lat' dir='ltr'>a</span> <span class='ocrx_word' id='word_1_127' title='bbox 1816 2175 2030 2269; x_wconf 87' lang='lat' dir='ltr'>magisteriis</span> <span class='ocrx_word' id='word_1_128' title='bbox 2071 2177 2281 2250; x_wconf 89' lang='lat' dir='ltr'>novitiorum</span> 
     </span>
    </p>

    <p class='ocr_par' dir='ltr' id='par_1_12' title="bbox 662 2297 2281 2397">
     <span class='ocr_line' id='line_1_13' title="bbox 662 2297 2281 2397; baseline -0.001 -23"><span class='ocrx_word' id='word_1_129' title='bbox 662 2303 906 2397; x_wconf 90' lang='lat' dir='ltr'>religiosorum</span> <span class='ocrx_word' id='word_1_130' title='bbox 920 2301 1052 2397; x_wconf 87' lang='lat' dir='ltr'>(quales</span> <span class='ocrx_word' id='word_1_131' title='bbox 1066 2300 1198 2372; x_wconf 91' lang='lat' dir='ltr'>scilicet</span> <span class='ocrx_word' id='word_1_132' title='bbox 1212 2305 1314 2371; x_wconf 90' lang='lat' dir='ltr'>erant</span> <span class='ocrx_word' id='word_1_133' title='bbox 1333 2298 1473 2392; x_wconf 85' lang='lat' dir='ltr'>Sharga</span> <span class='ocrx_word' id='word_1_134' title='bbox 1496 2303 1531 2370; x_wconf 94' lang='lat' dir='ltr'>et</span> <span class='ocrx_word' id='word_1_135' title='bbox 1555 2297 1858 2393; x_wconf 83' lang='lat' dir='ltr'>Varszeviehiusl)</span> <span class='ocrx_word' id='word_1_136' title='bbox 1871 2321 1988 2373; x_wconf 91' lang='lat' dir='ltr'>rerum</span> <span class='ocrx_word' id='word_1_137' title='bbox 2009 2311 2045 2374; x_wconf 91' lang='lat' dir='ltr'>et</span> <span class='ocrx_word' id='word_1_138' title='bbox 2062 2308 2175 2373; x_wconf 90' lang='lat' dir='ltr'>status</span> <span class='ocrx_word' id='word_1_139' title='bbox 2192 2300 2281 2396; x_wconf 92' lang='lat' dir='ltr'>poli·</span> 
     </span>
    </p>

    <p class='ocr_par' dir='ltr' id='par_1_13' title="bbox 662 2419 2287 2520">
     <span class='ocr_line' id='line_1_14' title="bbox 662 2419 2287 2520; baseline -0.001 -23"><span class='ocrx_word' id='word_1_140' title='bbox 662 2428 722 2499; x_wconf 88' lang='lat' dir='ltr'>tiae</span> <span class='ocrx_word' id='word_1_141' title='bbox 739 2443 883 2520; x_wconf 91' lang='lat' dir='ltr'>prorsus</span> <span class='ocrx_word' id='word_1_142' title='bbox 901 2431 1062 2518; x_wconf 81' lang='lat' dir='ltr'>expertes</span> <span class='ocrx_word' id='word_1_143' title='bbox 1076 2449 1083 2494; x_wconf 93' lang='lat'>:</span> <span class='ocrx_word' id='word_1_144' title='bbox 1099 2423 1246 2516; x_wconf 91' lang='lat' dir='ltr'>haecque</span> <span class='ocrx_word' id='word_1_145' title='bbox 1258 2444 1365 2495; x_wconf 90' lang='lat' dir='ltr'>causa</span> <span class='ocrx_word' id='word_1_146' title='bbox 1383 2419 1487 2491; x_wconf 91' lang='lat' dir='ltr'>unica</span> <span class='ocrx_word' id='word_1_147' title='bbox 1504 2419 1568 2492; x_wconf 83' lang='lat' dir='ltr'>fuit</span> <span class='ocrx_word' id='word_1_148' title='bbox 1596 2443 1769 2504; x_wconf 90' lang='lat' dir='ltr'>errorum,</span> <span class='ocrx_word' id='word_1_149' title='bbox 1799 2444 1870 2494; x_wconf 92' lang='lat' dir='ltr'>non</span> <span class='ocrx_word' id='word_1_150' title='bbox 1887 2423 1922 2493; x_wconf 90' lang='lat' dir='ltr'>in</span> <span class='ocrx_word' id='word_1_151' title='bbox 1942 2421 2143 2496; x_wconf 88' lang='lat' dir='ltr'>domesticis</span> <span class='ocrx_word' id='word_1_152' title='bbox 2173 2423 2287 2496; x_wconf 91' lang='lat' dir='ltr'>solum</span> 
     </span>
    </p>

    <p class='ocr_par' dir='ltr' id='par_1_14' title="bbox 662 2543 2285 2650">
     <span class='ocr_line' id='line_1_15' title="bbox 662 2543 2285 2650; baseline -0.002 -28"><span class='ocrx_word' id='word_1_153' title='bbox 662 2549 725 2623; x_wconf 92' lang='lat' dir='ltr'>sed</span> <span class='ocrx_word' id='word_1_154' title='bbox 742 2557 777 2621; x_wconf 93' lang='lat' dir='ltr'>et</span> <span class='ocrx_word' id='word_1_155' title='bbox 802 2548 837 2620; x_wconf 90' lang='lat' dir='ltr'>in</span> <span class='ocrx_word' id='word_1_156' title='bbox 855 2547 1024 2650; x_wconf 89' lang='lat' dir='ltr'>publicis:</span> <span class='ocrx_word' id='word_1_157' title='bbox 1042 2555 1080 2619; x_wconf 91' lang='lat' dir='ltr'>ut</span> <span class='ocrx_word' id='word_1_158' title='bbox 1094 2546 1292 2630; x_wconf 76' lang='lat' dir='ltr'>moschiciS,</span> <span class='ocrx_word' id='word_1_159' title='bbox 1309 2544 1454 2617; x_wconf 90' lang='lat' dir='ltr'>sueticis</span> <span class='ocrx_word' id='word_1_160' title='bbox 1471 2543 1702 2636; x_wconf 91' lang='lat' dir='ltr'>livonicisque</span> <span class='ocrx_word' id='word_1_161' title='bbox 1720 2545 1815 2638; x_wconf 87' lang='lat' dir='ltr'>regis</span> <span class='ocrx_word' id='word_1_162' title='bbox 1832 2545 1907 2641; x_wconf 89' lang='lat' dir='ltr'>(cur</span> <span class='ocrx_word' id='word_1_163' title='bbox 1924 2569 1992 2618; x_wconf 94' lang='lat' dir='ltr'>non</span> <span class='ocrx_word' id='word_1_164' title='bbox 2010 2547 2118 2630; x_wconf 86' lang='lat' dir='ltr'>etiam</span> <span class='ocrx_word' id='word_1_165' title='bbox 2132 2548 2234 2642; x_wconf 90' lang='lat' dir='ltr'>regni</span> <span class='ocrx_word' id='word_1_166' title='bbox 2248 2554 2285 2621; x_wconf 90' lang='lat' dir='ltr'>et</span> 
     </span>
    </p>

    <p class='ocr_par' dir='ltr' id='par_1_15' title="bbox 662 2666 2287 2767">
     <span class='ocr_line' id='line_1_16' title="bbox 662 2666 2287 2767; baseline -0.002 -22"><span class='ocrx_word' id='word_1_167' title='bbox 662 2672 844 2767; x_wconf 89' lang='lat' dir='ltr'>religionis</span> <span class='ocrx_word' id='word_1_168' title='bbox 864 2681 898 2744; x_wconf 92' lang='lat' dir='ltr'>et</span> <span class='ocrx_word' id='word_1_169' title='bbox 915 2671 1038 2743; x_wconf 91' lang='lat' dir='ltr'>salutis</span> <span class='ocrx_word' id='word_1_170' title='bbox 1056 2670 1195 2754; x_wconf 89' lang='lat' dir='ltr'>civium,</span> <span class='ocrx_word' id='word_1_171' title='bbox 1217 2669 1347 2740; x_wconf 89' lang='lat' dir='ltr'>addere</span> <span class='ocrx_word' id='word_1_172' title='bbox 1363 2667 1445 2739; x_wconf 91' lang='lat' dir='ltr'>huie</span> <span class='ocrx_word' id='word_1_173' title='bbox 1462 2666 1589 2762; x_wconf 89' lang='lat' dir='ltr'>placuit</span> <span class='ocrx_word' id='word_1_174' title='bbox 1598 2669 1624 2762; x_wconf 80' lang='lat' dir='ltr'>l)</span> <span class='ocrx_word' id='word_1_175' title='bbox 1635 2667 1852 2754; x_wconf 89' lang='lat' dir='ltr'>rationibus;</span> <span class='ocrx_word' id='word_1_176' title='bbox 1873 2677 1909 2742; x_wconf 95' lang='lat' dir='ltr'>et</span> <span class='ocrx_word' id='word_1_177' title='bbox 1928 2677 2045 2742; x_wconf 90' lang='lat' dir='ltr'>tamen</span> <span class='ocrx_word' id='word_1_178' title='bbox 2071 2693 2161 2766; x_wconf 87' lang='lat' dir='ltr'>pens</span> <span class='ocrx_word' id='word_1_179' title='bbox 2178 2671 2287 2742; x_wconf 91' lang='lat' dir='ltr'>sacri·</span> 
     </span>
    </p>

    <p class='ocr_par' dir='ltr' id='par_1_16' title="bbox 661 2791 2286 2893">
     <span class='ocr_line' id='line_1_17' title="bbox 661 2791 2286 2893; baseline -0.003 -23"><span class='ocrx_word' id='word_1_180' title='bbox 661 2799 746 2893; x_wconf 90' lang='lat' dir='ltr'>legii</span> <span class='ocrx_word' id='word_1_181' title='bbox 764 2797 894 2868; x_wconf 88' lang='lat' dir='ltr'>crimen</span> <span class='ocrx_word' id='word_1_182' title='bbox 912 2794 1112 2890; x_wconf 91' lang='lat' dir='ltr'>putabatur,</span> <span class='ocrx_word' id='word_1_183' title='bbox 1133 2795 1163 2865; x_wconf 88' lang='lat' dir='ltr'>si</span> <span class='ocrx_word' id='word_1_184' title='bbox 1181 2794 1258 2888; x_wconf 91' lang='lat' dir='ltr'>quis</span> <span class='ocrx_word' id='word_1_185' title='bbox 1276 2815 1396 2864; x_wconf 89' lang='lat' dir='ltr'>eorum</span> <span class='ocrx_word' id='word_1_186' title='bbox 1414 2791 1507 2863; x_wconf 92' lang='lat' dir='ltr'>dicta</span> <span class='ocrx_word' id='word_1_187' title='bbox 1524 2792 1684 2885; x_wconf 89' lang='lat' dir='ltr'>factaque</span> <span class='ocrx_word' id='word_1_188' title='bbox 1704 2793 2001 2886; x_wconf 86' lang='lat' dir='ltr'>reprehendisset,</span> <span class='ocrx_word' id='word_1_189' title='bbox 2022 2803 2058 2866; x_wconf 89' lang='lat' dir='ltr'>et</span> <span class='ocrx_word' id='word_1_190' title='bbox 2071 2794 2213 2878; x_wconf 91' lang='lat' dir='ltr'>nemini,</span> <span class='ocrx_word' id='word_1_191' title='bbox 2225 2794 2286 2890; x_wconf 93' lang='lat' dir='ltr'>qui</span> 
     </span>
    </p>

    <p class='ocr_par' dir='ltr' id='par_1_17' title="bbox 663 2913 2283 3017">
     <span class='ocr_line' id='line_1_18' title="bbox 663 2913 2283 3017; baseline -0.004 -23"><span class='ocrx_word' id='word_1_192' title='bbox 663 2945 734 2995; x_wconf 89' lang='lat' dir='ltr'>non</span> <span class='ocrx_word' id='word_1_193' title='bbox 747 2921 832 3017; x_wconf 92' lang='lat' dir='ltr'>ipsis</span> <span class='ocrx_word' id='word_1_194' title='bbox 846 2918 1088 3015; x_wconf 88' lang='lat' dir='ltr'>applauderet,</span> <span class='ocrx_word' id='word_1_195' title='bbox 1106 2917 1217 2990; x_wconf 85' lang='lat' dir='ltr'>facilis</span> <span class='ocrx_word' id='word_1_196' title='bbox 1226 2915 1273 2986; x_wconf 95' lang='lat' dir='ltr'>ad</span> <span class='ocrx_word' id='word_1_197' title='bbox 1289 2915 1497 3010; x_wconf 89' lang='lat' dir='ltr'>dignitatem</span> <span class='ocrx_word' id='word_1_198' title='bbox 1512 2913 1629 2984; x_wconf 90' lang='lat' dir='ltr'>aditus</span> <span class='ocrx_word' id='word_1_199' title='bbox 1642 2916 1798 3010; x_wconf 90' lang='lat' dir='ltr'>patebat.</span> <span class='ocrx_word' id='word_1_200' title='bbox 1820 2917 1891 2989; x_wconf 91' lang='lat' dir='ltr'>Sed</span> <span class='ocrx_word' id='word_1_201' title='bbox 1901 2918 2110 2990; x_wconf 90' lang='lat' dir='ltr'>remiserant</span> <span class='ocrx_word' id='word_1_202' title='bbox 2122 2918 2283 3011; x_wconf 93' lang='lat' dir='ltr'>aliquan-</span> 
     </span>
    </p>

    <p class='ocr_par' dir='ltr' id='par_1_18' title="bbox 661 3039 2196 3138">
     <span class='ocr_line' id='line_1_19' title="bbox 661 3039 2196 3138; baseline -0.004 -19"><span class='ocrx_word' id='word_1_203' title='bbox 661 3055 736 3119; x_wconf 91' lang='lat' dir='ltr'>tum</span> <span class='ocrx_word' id='word_1_204' title='bbox 754 3045 840 3116; x_wconf 93' lang='lat' dir='ltr'>illud</span> <span class='ocrx_word' id='word_1_205' title='bbox 869 3043 1105 3138; x_wconf 88' lang='lat' dir='ltr'>supercilium,</span> <span class='ocrx_word' id='word_1_206' title='bbox 1127 3042 1257 3114; x_wconf 90' lang='lat' dir='ltr'>amisso</span> <span class='ocrx_word' id='word_1_207' title='bbox 1275 3041 1343 3112; x_wconf 92' lang='lat' dir='ltr'>isto</span> <span class='ocrx_word' id='word_1_208' title='bbox 1361 3039 1511 3120; x_wconf 89' lang='lat' dir='ltr'>Bobola,</span> <span class='ocrx_word' id='word_1_209' title='bbox 1532 3039 1623 3111; x_wconf 80' lang='lat' dir='ltr'>tanti</span> <span class='ocrx_word' id='word_1_210' title='bbox 1641 3039 1781 3111; x_wconf 86' lang='lat' dir='ltr'>artificii</span> <span class='ocrx_word' id='word_1_211' title='bbox 1799 3041 1927 3134; x_wconf 91' lang='lat' dir='ltr'>aptiori</span> <span class='ocrx_word' id='word_1_212' title='bbox 1951 3041 2196 3114; x_wconf 90' lang='lat' dir='ltr'>instrumento.</span> 
     </span>
    </p>
   </div>
   <div class='ocr_carea' id='block_1_3' title="bbox 712 3161 2278 3261">
    <p class='ocr_par' dir='ltr' id='par_1_19' title="bbox 712 3161 2278 3261">
     <span class='ocr_line' id='line_1_20' title="bbox 712 3161 2278 3261; baseline -0.004 -21"><span class='ocrx_word' id='word_1_213' title='bbox 712 3170 766 3240; x_wconf 89' lang='lat' dir='ltr'>lta</span> <span class='ocrx_word' id='word_1_214' title='bbox 784 3168 916 3240; x_wconf 88' lang='lat' dir='ltr'>scilicet</span> <span class='ocrx_word' id='word_1_215' title='bbox 932 3167 990 3261; x_wconf 91' lang='lat' dir='ltr'>pio</span> <span class='ocrx_word' id='word_1_216' title='bbox 1008 3167 1095 3239; x_wconf 76' lang='lat' dir='ltr'>huic‘</span> <span class='ocrx_word' id='word_1_217' title='bbox 1107 3165 1279 3239; x_wconf 89' lang='lat' dir='ltr'>sacerdoti</span> <span class='ocrx_word' id='word_1_218' title='bbox 1297 3174 1332 3236; x_wconf 88' lang='lat' dir='ltr'>et</span> <span class='ocrx_word' id='word_1_219' title='bbox 1354 3165 1513 3237; x_wconf 89' lang='lat' dir='ltr'>studioso</span> <span class='ocrx_word' id='word_1_220' title='bbox 1531 3162 1690 3235; x_wconf 87' lang='lat' dir='ltr'>veritatis</span> <span class='ocrx_word' id='word_1_221' title='bbox 1702 3161 1883 3244; x_wconf 91' lang='lat' dir='ltr'>historico,</span> <span class='ocrx_word' id='word_1_222' title='bbox 1903 3169 1938 3234; x_wconf 94' lang='lat' dir='ltr'>et</span> <span class='ocrx_word' id='word_1_223' title='bbox 1955 3186 2018 3235; x_wconf 86' lang='lat' dir='ltr'>rex</span> <span class='ocrx_word' id='word_1_224' title='bbox 2032 3162 2278 3257; x_wconf 76' lang='lat' dir='ltr'>sigismundus</span> 
     </span>
    </p>
   </div>
   <div class='ocr_carea' id='block_1_4' title="bbox 543 3285 2281 3630">
    <p class='ocr_par' dir='ltr' id='par_1_20' title="bbox 543 3285 2281 3630">
     <span class='ocr_line' id='line_1_21' title="bbox 662 3285 2280 3388; baseline -0.002 -24"><span class='ocrx_word' id='word_1_225' title='bbox 662 3293 878 3388; x_wconf 87' lang='lat' dir='ltr'>imprudens,</span> <span class='ocrx_word' id='word_1_226' title='bbox 909 3293 1008 3386; x_wconf 87' lang='lat' dir='ltr'>cujus</span> <span class='ocrx_word' id='word_1_227' title='bbox 1029 3298 1145 3362; x_wconf 89' lang='lat' dir='ltr'>tamen</span> <span class='ocrx_word' id='word_1_228' title='bbox 1169 3291 1376 3384; x_wconf 89' lang='lat' dir='ltr'>sapientiam</span> <span class='ocrx_word' id='word_1_229' title='bbox 1404 3289 1516 3361; x_wconf 90' lang='lat' dir='ltr'>omnis</span> <span class='ocrx_word' id='word_1_230' title='bbox 1544 3287 1665 3376; x_wconf 83' lang='lat' dir='ltr'>laudat</span> <span class='ocrx_word' id='word_1_231' title='bbox 1695 3285 1917 3381; x_wconf 88' lang='lat' dir='ltr'>laudabitque</span> <span class='ocrx_word' id='word_1_232' title='bbox 1935 3287 2139 3382; x_wconf 90' lang='lat' dir='ltr'>posteritas;</span> <span class='ocrx_word' id='word_1_233' title='bbox 2164 3295 2200 3360; x_wconf 91' lang='lat' dir='ltr'>et</span> <span class='ocrx_word' id='word_1_234' title='bbox 2212 3287 2280 3360; x_wconf 90' lang='lat' dir='ltr'>iste</span> 
     </span>
     <span class='ocr_line' id='line_1_22' title="bbox 662 3409 2281 3518; baseline -0.003 -30"><span class='ocrx_word' id='word_1_235' title='bbox 662 3416 811 3502; x_wconf 91' lang='lat' dir='ltr'>Bobola,</span> <span class='ocrx_word' id='word_1_236' title='bbox 836 3416 940 3487; x_wconf 95' lang='lat' dir='ltr'>homo</span> <span class='ocrx_word' id='word_1_237' title='bbox 958 3415 1066 3490; x_wconf 79' lang='lat' dir='ltr'>rudis,</span> <span class='ocrx_word' id='word_1_238' title='bbox 1081 3414 1481 3518; x_wconf 69' lang='lat' dir='ltr'>morosusdesuitarum</span> <span class='ocrx_word' id='word_1_239' title='bbox 1498 3412 1633 3508; x_wconf 88' lang='lat' dir='ltr'>(nempe</span> <span class='ocrx_word' id='word_1_240' title='bbox 1653 3409 1878 3493; x_wconf 75' lang='lat' dir='ltr'>confessoris</span> <span class='ocrx_word' id='word_1_241' title='bbox 1894 3411 2010 3482; x_wconf 91' lang='lat' dir='ltr'>nescio</span> <span class='ocrx_word' id='word_1_242' title='bbox 2029 3412 2141 3506; x_wconf 73' lang='lat' dir='ltr'>cujus</span> <span class='ocrx_word' id='word_1_243' title='bbox 2153 3418 2281 3484; x_wconf 87' lang='lat' dir='ltr'>etoon·</span> 
     </span>
     <span class='ocr_line' id='line_1_23' title="bbox 543 3519 2280 3630; baseline 0.002 -24"><span class='ocrx_word' id='word_1_244' title='bbox 543 3550 574 3606; x_wconf 84' lang='lat'>33</span> <span class='ocrx_word' id='word_1_245' title='bbox 663 3539 851 3611; x_wconf 86' lang='lat' dir='ltr'>ciouatoris</span> <span class='ocrx_word' id='word_1_246' title='bbox 871 3539 968 3610; x_wconf 91' lang='lat' dir='ltr'>Petri</span> <span class='ocrx_word' id='word_1_247' title='bbox 987 3537 1119 3608; x_wconf 87' lang='lat' dir='ltr'>scilicet</span> <span class='ocrx_word' id='word_1_248' title='bbox 1137 3537 1289 3628; x_wconf 87' lang='lat' dir='ltr'>Skarga‚</span> <span class='ocrx_word' id='word_1_249' title='bbox 1309 3535 1462 3608; x_wconf 91' lang='lat' dir='ltr'>hominis</span> <span class='ocrx_word' id='word_1_250' title='bbox 1475 3544 1513 3606; x_wconf 89' lang='lat' dir='ltr'>ut</span> <span class='ocrx_word' id='word_1_251' title='bbox 1531 3537 1706 3611; x_wconf 86' lang='lat' dir='ltr'>haereticis</span> <span class='ocrx_word' id='word_1_252' title='bbox 1724 3519 1976 3611; x_wconf 76' lang='lat' dir='ltr'>sic⁰Piascckio</span> <span class='ocrx_word' id='word_1_253' title='bbox 1990 3539 2102 3630; x_wconf 85' lang='lat' dir='ltr'>invisi)</span> <span class='ocrx_word' id='word_1_254' title='bbox 2129 3563 2190 3612; x_wconf 92' lang='lat' dir='ltr'>seu</span> <span class='ocrx_word' id='word_1_255' title='bbox 2216 3562 2280 3610; x_wconf 91' lang='lat' dir='ltr'>au·</span> 
     </span>
    </p>
   </div>
   <div class='ocr_carea' id='block_1_5' title="bbox 493 3629 600 3685">
    <p class='ocr_par' dir='ltr' id='par_1_21' title="bbox 493 3629 600 3685">
     <span class='ocr_line' id='line_1_24' title="bbox 493 3629 600 3685; baseline -0.028 0"><span class='ocrx_word' id='word_1_256' title='bbox 493 3629 600 3685; x_wconf 84' lang='lat' dir='ltr'>Sincera</span> 
     </span>
    </p>
   </div>
   <div class='ocr_carea' id='block_1_6' title="bbox 493 3658 2281 3763">
    <p class='ocr_par' dir='ltr' id='par_1_22' title="bbox 493 3658 2281 3763">
     <span class='ocr_line' id='line_1_25' title="bbox 493 3658 2281 3763; baseline -0.003 -24"><span class='ocrx_word' id='word_1_257' title='bbox 493 3707 622 3763; x_wconf 73' lang='lat' dir='ltr'>lausvirr.</span> <span class='ocrx_word' id='word_1_258' title='bbox 666 3664 828 3736; x_wconf 90' lang='lat' dir='ltr'>ctoritate</span> <span class='ocrx_word' id='word_1_259' title='bbox 845 3661 919 3734; x_wconf 92' lang='lat' dir='ltr'>sive</span> <span class='ocrx_word' id='word_1_260' title='bbox 936 3660 1066 3732; x_wconf 90' lang='lat' dir='ltr'>astutia</span> <span class='ocrx_word' id='word_1_261' title='bbox 1083 3659 1237 3753; x_wconf 88' lang='lat' dir='ltr'>adjutus,</span> <span class='ocrx_word' id='word_1_262' title='bbox 1259 3658 1397 3730; x_wconf 89' lang='lat' dir='ltr'>efficere</span> <span class='ocrx_word' id='word_1_263' title='bbox 1413 3665 1547 3729; x_wconf 92' lang='lat' dir='ltr'>tantum</span> <span class='ocrx_word' id='word_1_264' title='bbox 1566 3661 1692 3754; x_wconf 90' lang='lat' dir='ltr'>potuit,</span> <span class='ocrx_word' id='word_1_265' title='bbox 1718 3671 1887 3756; x_wconf 90' lang='lat' dir='ltr'>quantum</span> <span class='ocrx_word' id='word_1_266' title='bbox 1906 3660 2037 3746; x_wconf 89' lang='lat' dir='ltr'>damni,</span> <span class='ocrx_word' id='word_1_267' title='bbox 2058 3685 2143 3757; x_wconf 91' lang='lat' dir='ltr'>rege</span> <span class='ocrx_word' id='word_1_268' title='bbox 2169 3663 2281 3758; x_wconf 91' lang='lat' dir='ltr'>Sigis-</span> 
     </span>
    </p>
   </div>
   <div class='ocr_carea' id='block_1_7' title="bbox 489 3771 2281 5122">
    <p class='ocr_par' dir='ltr' id='par_1_23' title="bbox 489 3771 2281 5122">
     <span class='ocr_line' id='line_1_26' title="bbox 653 3771 2279 3868; baseline 0.001 -10"><span class='ocrx_word' id='word_1_269' title='bbox 653 3771 809 3868; x_wconf 35' lang='lat' dir='ltr'>*mundo,</span> <span class='ocrx_word' id='word_1_270' title='bbox 828 3785 864 3856; x_wconf 91' lang='lat' dir='ltr'>in</span> <span class='ocrx_word' id='word_1_271' title='bbox 895 3783 1000 3855; x_wconf 90' lang='lat' dir='ltr'>rebus</span> <span class='ocrx_word' id='word_1_272' title='bbox 1030 3783 1184 3865; x_wconf 88' lang='lat' dir='ltr'>sueticis,</span> <span class='ocrx_word' id='word_1_273' title='bbox 1214 3781 1409 3865; x_wconf 87' lang='lat' dir='ltr'>moschieis‚</span> <span class='ocrx_word' id='word_1_274' title='bbox 1435 3782 1595 3855; x_wconf 88' lang='lat' dir='ltr'>livonicis</span> <span class='ocrx_word' id='word_1_275' title='bbox 1619 3782 1742 3858; x_wconf 84' lang='lat' dir='ltr'>iecerit</span> <span class='ocrx_word' id='word_1_276' title='bbox 1760 3783 1922 3858; x_wconf 91' lang='lat' dir='ltr'>Polonia.</span> <span class='ocrx_word' id='word_1_277' title='bbox 1955 3785 2027 3859; x_wconf 92' lang='lat' dir='ltr'>Sed</span> <span class='ocrx_word' id='word_1_278' title='bbox 2052 3787 2279 3860; x_wconf 88' lang='lat' dir='ltr'>Piaseckium</span> 
     </span>
     <span class='ocr_line' id='line_1_27' title="bbox 661 3906 2277 4006; baseline 0.001 -24"><span class='ocrx_word' id='word_1_279' title='bbox 661 3910 782 3982; x_wconf 91' lang='lat' dir='ltr'>malim</span> <span class='ocrx_word' id='word_1_280' title='bbox 807 3931 850 3982; x_wconf 85' lang='lat' dir='ltr'>ex</span> <span class='ocrx_word' id='word_1_281' title='bbox 879 3909 973 3992; x_wconf 91' lang='lat' dir='ltr'>aliis,</span> <span class='ocrx_word' id='word_1_282' title='bbox 1002 3929 1106 4000; x_wconf 89' lang='lat' dir='ltr'>quam</span> <span class='ocrx_word' id='word_1_283' title='bbox 1136 3906 1281 3979; x_wconf 83' lang='lat' dir='ltr'>existis</span> <span class='ocrx_word' id='word_1_284' title='bbox 1307 3906 1445 4001; x_wconf 89' lang='lat' dir='ltr'>scriptis</span> <span class='ocrx_word' id='word_1_285' title='bbox 1477 3907 1550 3979; x_wconf 90' lang='lat' dir='ltr'>suis</span> <span class='ocrx_word' id='word_1_286' title='bbox 1575 3915 1670 3979; x_wconf 92' lang='lat' dir='ltr'>amet</span> <span class='ocrx_word' id='word_1_287' title='bbox 1687 3909 1830 3994; x_wconf 70' lang='lat' dir='ltr'>veritas</span> <span class='ocrx_word' id='word_1_288' title='bbox 1855 3909 2046 4005; x_wconf 88' lang='lat' dir='ltr'>laudetque</span> <span class='ocrx_word' id='word_1_289' title='bbox 2073 3911 2277 4006; x_wconf 86' lang='lat' dir='ltr'>posteritas.</span> 
     </span>
     <span class='ocr_line' id='line_1_28' title="bbox 661 4030 2279 4128; baseline 0.001 -22"><span class='ocrx_word' id='word_1_290' title='bbox 661 4033 820 4108; x_wconf 85' lang='lat' dir='ltr'>Certiora</span> <span class='ocrx_word' id='word_1_291' title='bbox 838 4039 920 4104; x_wconf 91' lang='lat' dir='ltr'>sunt</span> <span class='ocrx_word' id='word_1_292' title='bbox 944 4030 1067 4116; x_wconf 89' lang='lat' dir='ltr'>multo,</span> <span class='ocrx_word' id='word_1_293' title='bbox 1096 4053 1175 4124; x_wconf 88' lang='lat' dir='ltr'>quae</span> <span class='ocrx_word' id='word_1_294' title='bbox 1204 4030 1281 4102; x_wconf 92' lang='lat' dir='ltr'>sine</span> <span class='ocrx_word' id='word_1_295' title='bbox 1310 4030 1384 4102; x_wconf 90' lang='lat' dir='ltr'>ulla</span> <span class='ocrx_word' id='word_1_296' title='bbox 1413 4053 1522 4126; x_wconf 90' lang='lat' dir='ltr'>prava</span> <span class='ocrx_word' id='word_1_297' title='bbox 1548 4031 1657 4103; x_wconf 92' lang='lat' dir='ltr'>animi</span> <span class='ocrx_word' id='word_1_298' title='bbox 1688 4032 1886 4118; x_wconf 87' lang='lat' dir='ltr'>affectione,</span> <span class='ocrx_word' id='word_1_299' title='bbox 1908 4043 2038 4128; x_wconf 87' lang='lat' dir='ltr'>praeter</span> <span class='ocrx_word' id='word_1_300' title='bbox 2068 4035 2158 4107; x_wconf 91' lang='lat' dir='ltr'>alios</span> <span class='ocrx_word' id='word_1_301' title='bbox 2187 4035 2279 4109; x_wconf 91' lang='lat' dir='ltr'>bene</span> 
     </span>
     <span class='ocr_line' id='line_1_29' title="bbox 659 4153 2280 4250; baseline 0.001 -21"><span class='ocrx_word' id='word_1_302' title='bbox 659 4159 800 4243; x_wconf 90' lang='lat' dir='ltr'>multos,</span> <span class='ocrx_word' id='word_1_303' title='bbox 823 4156 867 4228; x_wconf 94' lang='lat' dir='ltr'>de</span> <span class='ocrx_word' id='word_1_304' title='bbox 883 4156 950 4228; x_wconf 90' lang='lat' dir='ltr'>hoc</span> <span class='ocrx_word' id='word_1_305' title='bbox 965 4156 1041 4227; x_wconf 87' lang='lat' dir='ltr'>viro</span> <span class='ocrx_word' id='word_1_306' title='bbox 1059 4153 1211 4250; x_wconf 87' lang='lat' dir='ltr'>inclytus</span> <span class='ocrx_word' id='word_1_307' title='bbox 1228 4153 1288 4225; x_wconf 92' lang='lat' dir='ltr'>ille</span> <span class='ocrx_word' id='word_1_308' title='bbox 1306 4153 1464 4226; x_wconf 85' lang='lat' dir='ltr'>veritatis</span> <span class='ocrx_word' id='word_1_309' title='bbox 1482 4154 1607 4240; x_wconf 90' lang='lat' dir='ltr'>cultor,</span> <span class='ocrx_word' id='word_1_310' title='bbox 1634 4179 1654 4228; x_wconf 92' lang='lat' dir='ltr'>e</span> <span class='ocrx_word' id='word_1_311' title='bbox 1697 4156 1873 4230; x_wconf 88' lang='lat' dir='ltr'>Societate</span> <span class='ocrx_word' id='word_1_312' title='bbox 1905 4165 2026 4229; x_wconf 89' lang='lat' dir='ltr'>nostra</span> <span class='ocrx_word' id='word_1_313' title='bbox 2053 4158 2280 4232; x_wconf 90' lang='lat' dir='ltr'>concionator</span> 
     </span>
     <span class='ocr_line' id='line_1_30' title="bbox 660 4276 2280 4374; baseline 0.002 -23"><span class='ocrx_word' id='word_1_314' title='bbox 660 4281 854 4353; x_wconf 88' lang='lat' dir='ltr'>Matthaeus</span> <span class='ocrx_word' id='word_1_315' title='bbox 872 4278 1027 4351; x_wconf 91' lang='lat' dir='ltr'>Bembus</span> <span class='ocrx_word' id='word_1_316' title='bbox 1044 4278 1092 4374; x_wconf 85' lang='lat'>(1),</span> <span class='ocrx_word' id='word_1_317' title='bbox 1112 4285 1147 4351; x_wconf 92' lang='lat' dir='ltr'>et</span> <span class='ocrx_word' id='word_1_318' title='bbox 1164 4276 1277 4348; x_wconf 89' lang='lat' dir='ltr'>civilis</span> <span class='ocrx_word' id='word_1_319' title='bbox 1295 4288 1413 4350; x_wconf 89' lang='lat' dir='ltr'>orator</span> <span class='ocrx_word' id='word_1_320' title='bbox 1430 4277 1582 4371; x_wconf 90' lang='lat' dir='ltr'>politicae</span> <span class='ocrx_word' id='word_1_321' title='bbox 1601 4279 1853 4352; x_wconf 90' lang='lat' dir='ltr'>scientissimus</span> <span class='ocrx_word' id='word_1_322' title='bbox 1872 4279 1970 4364; x_wconf 84' lang='lat' dir='ltr'>civis,</span> <span class='ocrx_word' id='word_1_323' title='bbox 1982 4279 2139 4353; x_wconf 79' lang='lat' dir='ltr'>lacobus</span> <span class='ocrx_word' id='word_1_324' title='bbox 2157 4281 2280 4354; x_wconf 87' lang='lat' dir='ltr'>Szcza-</span> 
     </span>
     <span class='ocr_line' id='line_1_31' title="bbox 661 4402 2281 4500; baseline 0 -25"><span class='ocrx_word' id='word_1_325' title='bbox 661 4403 833 4488; x_wconf 88' lang='lat' dir='ltr'>vinskius,</span> <span class='ocrx_word' id='word_1_326' title='bbox 855 4425 944 4475; x_wconf 92' lang='lat' dir='ltr'>anno</span> <span class='ocrx_word' id='word_1_327' title='bbox 971 4404 1064 4477; x_wconf 89' lang='lat'>1616</span> <span class='ocrx_word' id='word_1_328' title='bbox 1093 4425 1226 4496; x_wconf 85' lang='lat' dir='ltr'>praeses</span> <span class='ocrx_word' id='word_1_329' title='bbox 1257 4402 1476 4472; x_wconf 91' lang='lat' dir='ltr'>comitiorum</span> <span class='ocrx_word' id='word_1_330' title='bbox 1508 4402 1610 4496; x_wconf 87' lang='lat' dir='ltr'>regni</span> <span class='ocrx_word' id='word_1_331' title='bbox 1643 4402 1874 4497; x_wconf 85' lang='lat' dir='ltr'>generalium,</span> <span class='ocrx_word' id='word_1_332' title='bbox 1903 4426 1985 4474; x_wconf 86' lang='lat' dir='ltr'>mox</span> <span class='ocrx_word' id='word_1_333' title='bbox 2016 4404 2281 4500; x_wconf 75' lang='lat' dir='ltr'>CuJaviensium</span> 
     </span>
     <span class='ocr_line' id='line_1_32' title="bbox 661 4525 2281 4625; baseline 0 -23"><span class='ocrx_word' id='word_1_334' title='bbox 661 4530 851 4625; x_wconf 88' lang='lat' dir='ltr'>palatinus,</span> <span class='ocrx_word' id='word_1_335' title='bbox 871 4530 909 4601; x_wconf 91' lang='lat' dir='ltr'>in</span> <span class='ocrx_word' id='word_1_336' title='bbox 934 4531 1056 4602; x_wconf 84' lang='lat' dir='ltr'>funere</span> <span class='ocrx_word' id='word_1_337' title='bbox 1083 4529 1158 4622; x_wconf 88' lang='lat' dir='ltr'>ejus</span> <span class='ocrx_word' id='word_1_338' title='bbox 1184 4526 1410 4599; x_wconf 89' lang='lat' dir='ltr'>celeberrimo</span> <span class='ocrx_word' id='word_1_339' title='bbox 1440 4525 1687 4620; x_wconf 88' lang='lat' dir='ltr'>praedicarunt.</span> <span class='ocrx_word' id='word_1_340' title='bbox 1718 4529 1760 4599; x_wconf 92' lang='lat' dir='ltr'>ln</span> <span class='ocrx_word' id='word_1_341' title='bbox 1789 4527 1872 4600; x_wconf 93' lang='lat' dir='ltr'>aula</span> <span class='ocrx_word' id='word_1_342' title='bbox 1896 4528 1918 4599; x_wconf 77' lang='lat' dir='ltr'>,J</span> <span class='ocrx_word' id='word_1_343' title='bbox 1923 4528 2048 4600; x_wconf 89' lang='lat' dir='ltr'>oannis</span> <span class='ocrx_word' id='word_1_344' title='bbox 2078 4528 2281 4602; x_wconf 86' lang='lat' dir='ltr'>Tarnovski</span> 
     </span>
     <span class='ocr_line' id='line_1_33' title="bbox 662 4648 2280 4747; baseline 0.002 -24"><span class='ocrx_word' id='word_1_345' title='bbox 662 4651 945 4724; x_wconf 80' lang='lat' dir='ltr'>Oracoriensium</span> <span class='ocrx_word' id='word_1_346' title='bbox 963 4649 1120 4746; x_wconf 85' lang='lat' dir='ltr'>praefecti</span> <span class='ocrx_word' id='word_1_347' title='bbox 1138 4648 1334 4734; x_wconf 89' lang='lat' dir='ltr'>castellani,</span> <span class='ocrx_word' id='word_1_348' title='bbox 1356 4651 1570 4723; x_wconf 83' lang='lat' dir='ltr'>exercituum</span> <span class='ocrx_word' id='word_1_349' title='bbox 1594 4651 1753 4723; x_wconf 88' lang='lat' dir='ltr'>Poloniae</span> <span class='ocrx_word' id='word_1_350' title='bbox 1779 4651 1890 4736; x_wconf 87' lang='lat' dir='ltr'>ducis,</span> <span class='ocrx_word' id='word_1_351' title='bbox 1911 4651 2073 4724; x_wconf 82' lang='lat' dir='ltr'>Andreas</span> <span class='ocrx_word' id='word_1_352' title='bbox 2091 4654 2280 4747; x_wconf 90' lang='lat' dir='ltr'>pueritiam</span> 
     </span>
     <span class='ocr_line' id='line_1_34' title="bbox 656 4773 2281 4871; baseline 0 -22"><span class='ocrx_word' id='word_1_353' title='bbox 656 4778 877 4871; x_wconf 87' lang='lat' dir='ltr'>juventutem</span> <span class='ocrx_word' id='word_1_354' title='bbox 891 4779 928 4850; x_wconf 94' lang='lat' dir='ltr'>in</span> <span class='ocrx_word' id='word_1_355' title='bbox 941 4777 1033 4850; x_wconf 92' lang='lat' dir='ltr'>aulae</span> <span class='ocrx_word' id='word_1_356' title='bbox 1046 4776 1156 4870; x_wconf 87' lang='lat' dir='ltr'>regiae</span> <span class='ocrx_word' id='word_1_357' title='bbox 1170 4773 1292 4847; x_wconf 89' lang='lat' dir='ltr'>officiis</span> <span class='ocrx_word' id='word_1_358' title='bbox 1305 4775 1399 4870; x_wconf 87' lang='lat' dir='ltr'>apud</span> <span class='ocrx_word' id='word_1_359' title='bbox 1413 4775 1678 4870; x_wconf 86' lang='lat' dir='ltr'>Sigismundum</span> <span class='ocrx_word' id='word_1_360' title='bbox 1694 4775 1895 4870; x_wconf 83' lang='lat' dir='ltr'>Augustum</span> <span class='ocrx_word' id='word_1_361' title='bbox 1909 4775 2078 4849; x_wconf 86' lang='lat' dir='ltr'>exercuit.</span> <span class='ocrx_word' id='word_1_362' title='bbox 2098 4775 2281 4871; x_wconf 87' lang='lat' dir='ltr'>Stephano</span> 
     </span>
     <span class='ocr_line' id='line_1_35' title="bbox 492 4898 2281 5030; baseline 0.001 -57"><span class='ocrx_word' id='word_1_363' title='bbox 492 4975 572 5030; x_wconf 75' lang='lat' dir='ltr'>Pueri</span> <span class='ocrx_word' id='word_1_364' title='bbox 584 4975 611 5030; x_wconf 77' lang='lat' dir='ltr'>st</span> <span class='ocrx_word' id='word_1_365' title='bbox 661 4902 833 4974; x_wconf 90' lang='lat' dir='ltr'>Bathorio</span> <span class='ocrx_word' id='word_1_366' title='bbox 851 4903 1019 4974; x_wconf 85' lang='lat' dir='ltr'>adversus</span> <span class='ocrx_word' id='word_1_367' title='bbox 1036 4908 1110 4971; x_wconf 87' lang='lat' dir='ltr'>tum</span> <span class='ocrx_word' id='word_1_368' title='bbox 1128 4899 1344 4971; x_wconf 83' lang='lat' dir='ltr'>Moscovitas</span> <span class='ocrx_word' id='word_1_369' title='bbox 1361 4906 1435 4971; x_wconf 92' lang='lat' dir='ltr'>tum</span> <span class='ocrx_word' id='word_1_370' title='bbox 1452 4898 1650 4994; x_wconf 91' lang='lat' dir='ltr'>perduelles</span> <span class='ocrx_word' id='word_1_371' title='bbox 1668 4899 1805 4972; x_wconf 73' lang='lat' dir='ltr'>(ledani</span> <span class='ocrx_word' id='word_1_372' title='bbox 1822 4898 2009 4971; x_wconf 89' lang='lat' dir='ltr'>haereticos</span> <span class='ocrx_word' id='word_1_373' title='bbox 2041 4899 2208 4973; x_wconf 87' lang='lat' dir='ltr'>ductabat</span> <span class='ocrx_word' id='word_1_374' title='bbox 2222 4924 2281 4974; x_wconf 92' lang='lat' dir='ltr'>co·</span> 
     </span>
     <span class='ocr_line' id='line_1_36' title="bbox 489 5023 2275 5122; baseline -0.004 -15"><span class='ocrx_word' id='word_1_375' title='bbox 489 5051 636 5107; x_wconf 74' lang='lat' dir='ltr'>adolescen-</span> <span class='ocrx_word' id='word_1_376' title='bbox 661 5026 738 5122; x_wconf 89' lang='lat' dir='ltr'>pias</span> <span class='ocrx_word' id='word_1_377' title='bbox 756 5023 911 5120; x_wconf 86' lang='lat' dir='ltr'>signifer.</span> <span class='ocrx_word' id='word_1_378' title='bbox 943 5024 1167 5118; x_wconf 90' lang='lat' dir='ltr'>Sigismundo</span> <span class='ocrx_word' id='word_1_379' title='bbox 1182 5025 1234 5095; x_wconf 94' lang='lat' dir='ltr'>lll</span> <span class='ocrx_word' id='word_1_380' title='bbox 1252 5024 1365 5094; x_wconf 84' lang='lat' dir='ltr'>virum</span> <span class='ocrx_word' id='word_1_381' title='bbox 1390 5023 1516 5118; x_wconf 91' lang='lat' dir='ltr'>pietas,</span> <span class='ocrx_word' id='word_1_382' title='bbox 1548 5024 1701 5096; x_wconf 84' lang='lat' dir='ltr'>charitas</span> <span class='ocrx_word' id='word_1_383' title='bbox 1730 5023 1868 5118; x_wconf 87' lang='lat' dir='ltr'>patriae,</span> <span class='ocrx_word' id='word_1_384' title='bbox 1894 5023 2094 5117; x_wconf 86' lang='lat' dir='ltr'>prudentia,</span> <span class='ocrx_word' id='word_1_385' title='bbox 2123 5025 2275 5119; x_wconf 81' lang='lat' dir='ltr'>aequitas</span> 
     </span>
    </p>
   </div>
   <div class='ocr_carea' id='block_1_8' title="bbox 489 5133 1884 5240">
    <p class='ocr_par' dir='ltr' id='par_1_24' title="bbox 489 5133 1884 5240">
     <span class='ocr_line' id='line_1_37' title="bbox 489 5133 1884 5240; baseline -0.008 -14"><span class='ocrx_word' id='word_1_386' title='bbox 489 5133 536 5185; x_wconf 48' lang='grc' dir='ltr'>ὼ·</span> <span class='ocrx_word' id='word_1_387' title='bbox 702 5165 740 5240; x_wconf 78' lang='grc'>(1)</span> <span class='ocrx_word' id='word_1_388' title='bbox 763 5163 795 5221; x_wconf 90' lang='lat' dir='ltr'>V.</span> <span class='ocrx_word' id='word_1_389' title='bbox 814 5166 980 5222; x_wconf 87' lang='lat' dir='ltr'>concionem</span> <span class='ocrx_word' id='word_1_390' title='bbox 996 5163 1089 5234; x_wconf 76' lang='lat' dir='ltr'>huius,</span> <span class='ocrx_word' id='word_1_391' title='bbox 1106 5179 1166 5236; x_wconf 81' lang='lat' dir='ltr'>qum</span> <span class='ocrx_word' id='word_1_392' title='bbox 1178 5163 1342 5221; x_wconf 87' lang='lat' dir='ltr'>inscribitur</span> <span class='ocrx_word' id='word_1_393' title='bbox 1361 5181 1366 5216; x_wconf 92' lang='lat'>:</span> <span class='ocrx_word' id='word_1_394' title='bbox 1391 5159 1541 5217; x_wconf 79' lang='lat' dir='ltr'>i&#39;izcruoet</span> <span class='ocrx_word' id='word_1_395' title='bbox 1554 5154 1711 5220; x_wconf 81' lang='lat' dir='ltr'>Sziucbctcu</span> <span class='ocrx_word' id='word_1_396' title='bbox 1726 5159 1884 5232; x_wconf 77' lang='lat' dir='ltr'>Pohticpo.</span> 
     </span>
    </p>
   </div>
   <div class='ocr_carea' id='block_1_9' title="bbox 0 0 2470 6630">
    <p class='ocr_par' dir='ltr' id='par_1_25' title="bbox 0 0 2470 6630">
     <span class='ocr_line' id='line_1_38' title="bbox 0 0 2470 6630; baseline 0 0"><span class='ocrx_word' id='word_1_397' title='bbox 0 0 2470 6630; x_wconf 95' lang='lat' dir='ltr'> </span> 
     </span>
    </p>
   </div>
  </div>
 </body>
</html>
