4896 6650
622 736 663 802 os
988 715 1266 802 ntrunmclnou
1288 739 1502 802 sociamus
1523 741 1610 805 insu
1633 736 1887 806 ursronnntu
1900 717 1916 780 ἓ

455 941 520 1000 157⁹
624 919 840 1015 groviclrius,
855 919 1057 1015 postulante
1075 947 1161 1021 rege
1178 925 1358 1022 Stephano
1372 926 1419 998 ad
1437 926 1632 1022 Collegium
1651 953 1775 1002 recens
1799 927 2020 1023 Claudiopoli
2036 929 2248 1014 institutum,
2314 963 2318 970 ·

454 1022 577 1158 {⁷ssssOEsp
625 1045 819 1142 regendum
842 1055 987 1121 vocatur
1009 1050 1126 1123 Vilna.
1148 1050 1213 1122 Vir
1243 1053 1393 1147 seriptis,
1424 1053 1662 1140 concionibus,
1689 1055 1878 1150 prudentia
1904 1054 1949 1127 ad
1981 1055 2254 1150 gubernandum

453 1178 534 1248 polim
557 1193 602 1232 vo·
626 1177 723 1255 nata,
749 1180 785 1245 et
805 1173 936 1267 pietate
954 1175 1116 1270 insignis.
1136 1175 1355 1250 Adolescens
1378 1167 1423 1248 ab
1441 1179 1617 1251 haereticis
1643 1178 1824 1265 seductus,
1850 1189 1987 1252 mature
2010 1203 2049 1252 se
2067 1180 2114 1253 ad
2130 1179 2254 1254 Eccle-

454 1259 600 1402 ffiim
626 1295 714 1368 siam
739 1299 938 1386 revocavit;
972 1299 1016 1371 de
1038 1324 1102 1372 suo
1133 1325 1253 1373 errore
1279 1302 1480 1376 admonitus
1506 1303 1658 1375 lectione
1684 1304 1834 1376 maxime
1864 1304 1959 1391 libri,
1991 1329 2093 1400 quern
2122 1305 2255 1377 Hosius

626 1421 816 1496 cardinalis
848 1424 891 1496 de
926 1425 1145 1501 confessione
1180 1427 1467 1520 catholicae'fidei
1490 1428 1697 1512 christiana,
1725 1429 1998 1502 Petricoviensis
2024 1431 2169 1502 nomine
2189 1430 2255 1524 Sy-

626 1545 722 1632 nodi,
742 1547 778 1618 in
807 1547 921 1620 lucem
952 1549 1129 1621 emiserat.
1156 1550 1292 1623 Exacto
1325 1551 1452 1623 Romae
1473 1551 1649 1636 tirocinio,
1684 1551 1812 1624 litteris
1837 1553 1967 1625 ibidem
1991 1554 2121 1647 graecis
2146 1554 2254 1624 etiam

626 1670 869 1766 hebraicisque
902 1674 1129 1767 perpolitus,
1168 1674 1276 1746 rediit
1318 1674 1353 1744 in
1390 1674 1564 1769 patriam;
1606 1675 1666 1746 ubi
1693 1683 1728 1746 et
1753 1676 1972 1770 theologiam
2000 1701 2131 1772 magna
2171 1702 2252 1750 cum

627 1793 797 1867 doctrines
818 1795 923 1869 laude
949 1797 1106 1882 tradidit,
1129 1807 1165 1871 et
1183 1799 1272 1870 alias
1293 1798 1520 1871 concionatus
1544 1805 1621 1871 erat
1638 1798 1832 1883 utilissime,
1857 1808 1893 1873 et
1913 1800 2023 1874 libros
2053 1801 2253 1896 complures

628 1917 824 1992 eruditione
845 1922 1051 2018 conscripsit
1076 1922 1204 1996 eximia
1226 1922 1464 2018 vulgavitque.
1487 1921 1550 1994 Pie
1569 1921 1733 2018 denique,
1753 1932 1792 1996 ut
1816 1923 1916 2010 vixit,
1936 1923 2056 1998 docuit
2079 1932 2114 1996 et
2145 1924 2252 2020 serip-

538 2043 540 2050 ’
630 2042 688 2126 sit,
715 2043 800 2114 obiit
821 2043 914 2116 diem
944 2068 1044 2118 sunm
1063 2045 1243 2120 cracoviae
1265 2070 1360 2120 anno
1386 2046 1511 2119 salutis
1534 2047 1640 2131 1597,
1660 2046 1766 2118 trium
1788 2054 1871 2120 ante
1889 2047 1926 2118 in
1944 2049 2060 2142 patria
2078 2046 2254 2143 Collegio-

630 2189 720 2251 rum,
740 2167 776 2236 in
799 2167 1059 2265 Transylvania
1085 2170 1396 2266 Claudiopolitani,
1424 2170 1555 2244 deinde
1573 2170 1751 2244 universae
1768 2171 1897 2245 ibidem
1914 2173 2107 2267 provinciae
2123 2181 2252 2246 rector.

515 2293 555 2384 {⁷-
674 2289 790 2362 Roma
806 2289 1034 2366 Varmienses
1053 2295 1148 2368 Socii
1166 2295 1210 2367 de
1228 2319 1291 2367 suo
1306 2296 1464 2368 antistite
1495 2303 1530 2367 et
1556 2294 1740 2367 conditore
1765 2294 1945 2369 Stanislao
1962 2297 2088 2382 Hosio,
2106 2297 2256 2391 primum

421 2394 425 2406 ¹
459 2370 604 2504 gpppscar-
629 2413 836 2510 presbytero
867 2415 1039 2490 cardinali
1069 2419 1106 2492 S.
1133 2419 1290 2502 Sabinae,
1316 2419 1443 2491 deinde
1467 2419 1506 2492 S.
1527 2392 1712 2492 Laurentii
1746 2419 1782 2491 in
1803 2419 1911 2491 'Pane
1938 2401 1973 2491 cl
1999 2421 2131 2506 Perna,
2158 2399 2257 2492 deni-

460 2528 550 2661 ffilflffl
578 2527 607 2580 et
631 2559 699 2630 quc
732 2537 770 2611 S.
796 2539 977 2614 Pancratii
1012 2550 1047 2615 et
1081 2542 1116 2616 S.
1143 2543 1271 2616 Mariae
1301 2551 1400 2616 trans
1432 2543 1602 2630 Tiberim,
1623 2551 1746 2617 octavo
1760 2566 1873 2616 nonas
1888 2545 2032 2618 sextiles
2049 2552 2202 2629 mortuo,
2223 2552 2259 2617 et

524 2646 530 2659 ’
637 2663 816 2750 acerbum,
837 2665 931 2759 quod
952 2674 1134 2761 parentem
1156 2669 1374 2740 carissimum
1400 2668 1605 2751 amiserant,
1626 2677 1660 2741 et
1677 2668 1810 2755 laetum,
1832 2669 1926 2764 quod
1956 2670 2103 2766 optabili
2133 2671 2259 2764 cuique

637 2794 750 2860 morte
768 2812 812 2860 ex
832 2791 900 2862 hac
925 2814 1162 2864 aerumnarum
1192 2792 1388 2864 colluvione
1406 2793 1443 2863 in
1460 2793 1611 2886 patriam
1642 2800 1811 2865 aeternam
1836 2796 2031 2869 translatus
2058 2804 2148 2880 erat,
2169 2819 2259 2867 nun·

637 2910 725 2981 tium
742 2921 954 3008 acceperunt
969 2914 1014 3011 (t).
1037 2917 1091 2987 De
1110 2915 1206 2987 obitu
1224 2915 1300 3010 ejus
1319 2922 1354 2988 et
1370 2916 1452 2987 vitae
1474 2914 1638 2988 laudibus
1656 2916 1853 2990 Stanislaus
1871 2918 2023 2991 Rescius
2042 2919 2081 2992 S.
2098 2920 2141 2991 P.
2160 2917 2197 2990 S.
2214 2915 2262 2988 ad

636 3034 658 3105 J
663 3055 812 3108 oannem
841 3037 993 3109 Hosium
1022 3038 1066 3110 de
1096 3039 1252 3126 Bendan,
1278 3039 1449 3113 Stanislai
1477 3040 1634 3126 fratrem,
1657 3040 1708 3112 sic
1738 3039 1867 3126 Roma,
1888 3041 1993 3137 idque
2023 3041 2260 3124 familiariter,

637 3158 755 3230 verbis
772 3159 908 3235 scilicet
933 3185 1004 3234 non
1030 3162 1302 3258 diligentissime
1323 3164 1492 3258 quaesitis,
1514 3163 1749 3258 perscripsit.¹

690 3285 864 3358 «Facere
892 3309 964 3360 non
1005 3289 1104 3383 potui
1139 3289 1188 3384 (a),
1218 3311 1261 3361 ac
1285 3310 1331 3359 ne
1364 3287 1469 3360 debui
1495 3286 1648 3386 quidem,
1677 3287 1731 3358 vir
1756 3289 1997 3384 integerrime,
2030 3289 2113 3382 quin
2148 3289 2194 3360 ad
2227 3295 2265 3360 te

640 3437 656 3468 α
678 3409 805 3482 litteris
830 3412 918 3483 meis
947 3413 1202 3507 perscriberem
1228 3412 1272 3485 de
1296 3412 1448 3485 transitu
1490 3420 1526 3486 et
1561 3411 1771 3485 dormitione
1796 3391 1865 3485 viri
1895 3414 2194 3508 incomparabilis,
2228 3423 2264 3484 et

642 3563 658 3594 κ
680 3533 754 3606 Deo
779 3534 1036 3622 amabilissimi,
1061 3536 1231 3610 Stanislai
1249 3535 1352 3609 Hosii
1364 3534 1568 3622 cardinalis,
1589 3535 1739 3631 Majoris
1758 3525 2033 3625 Poenitentiarii,
2055 3545 2090 3610 et
2108 3536 2265 3633 episcopi

642 3689 658 3718 α
680 3658 913 3745 Varmiensis,
941 3661 1072 3732 domini
1099 3669 1134 3734 et
1163 3660 1395 3734 benefactoris
1421 3662 1489 3733 mei
1514 3661 1835 3747 observandissimi,
1856 3663 1977 3736 fratris
2000 3664 2050 3736 tui
2068 3647 2262 3749 carissimi;

641 3811 658 3842 a
680 3790 753 3854 tum
787 3793 826 3858 ut
852 3785 1008 3859 dolorem
1043 3787 1135 3859 hunc
1169 3803 1298 3872 meum,
1320 3787 1380 3880 qui
1404 3809 1460 3859 me
1483 3785 1707 3860 acerbissime
1746 3789 1892 3872 cruciat,
1913 3789 2265 3884 praeclarissimorum

643 3937 658 3968 u
680 3931 799 3981 rerum
828 3911 1159 3984 commemoratione
1184 3909 1315 3984 leniam
1342 3938 1350 3984 :
1376 3919 1452 3985 tum
1479 3920 1577 3986 utta
1606 3912 1827 4010 animumque
1861 3924 1971 4002 tuum,
1996 3917 2086 4012 jam,
2107 3925 2145 3990 ut
2163 3925 2262 4013 puto,
2380 4013 2385 4018 ¹

643 4031 872 4105 «demissum
897 4041 933 4106 et
963 4057 1180 4129 oppressum,
1215 4036 1261 4107 ad
1285 4035 1523 4110 calamitatem
1545 4039 1638 4110 hanc
1658 4038 1796 4111 fortiter
1823 4047 1858 4110 et
1880 4040 2060 4112 moderate
2085 4040 2266 4113 ferendam

645 4185 660 4215 u
682 4155 750 4226 isto
775 4155 880 4227 officii
909 4179 1040 4249 genere
1071 4157 1231 4242 excitem,
1252 4166 1362 4258 atque
1383 4160 1548 4233 extollam
1569 4185 1576 4231 :
1597 4161 1749 4234 maxime
1777 4185 1863 4234 vero
1890 4165 2057 4251 omnium,
2079 4171 2118 4236 ut
2146 4165 2264 4261 Scrip-

645 4308 661 4338 ιι
681 4287 772 4351 turae
806 4279 943 4364 dicendi
985 4281 1147 4352 obediam
1178 4306 1186 4354 τ
1219 4263 1487 4356 Sacramentum
1514 4285 1608 4379 regis
1644 4286 1862 4360 abscondere
1896 4289 2025 4361 bonum
2064 4296 2129 4373 est,
2158 4313 2268 4385 opera

647 4433 663 4462 a
684 4409 801 4474 autem
815 4404 882 4476 Dei
906 4403 1064 4477 revelare
1089 4412 1125 4477 et
1150 4405 1323 4492 confiteri,
1345 4408 1586 4481 honorificum.
1615 4409 1727 4504 Spero
1752 4412 1788 4484 in
1807 4412 1871 4486 Dei
1897 4415 2152 4499 misericordia,
2174 4413 2268 4510 quod

648 4554 664 4584 ιι
683 4509 775 4596 hanc
793 4527 901 4597 animi
935 4528 1003 4598 mei
1039 4507 1304 4601 contentionem
1329 4531 1509 4626 adjuvabit
1546 4534 1589 4620 is,
1611 4539 1670 4631 qui
1703 4539 1811 4612 talem
1840 4565 1918 4614 eum
1948 4543 2065 4614 faeere
2099 4541 2267 4636 dignatus

647 4676 664 4707 α
685 4661 751 4731 est,
785 4647 829 4719 de
858 4670 927 4742 quo
955 4650 1150 4724 scribimus.
1184 4653 1306 4732 Qualis
1332 4656 1404 4728 vita
1436 4665 1584 4730 mortem
1615 4661 1704 4736 hanc
1737 4665 1972 4760 praecesserit,
2006 4687 2077 4737 non
2106 4665 2265 4758 ignoras

684 4821 731 4904 (t)
754 4825 793 4884 De
808 4825 954 4884 nobilitate
967 4830 1061 4905 gentis
1074 4829 1177 4904 Hosiae,
1195 4833 1253 4890 sive
1269 4831 1370 4902 Hosa,
1385 4833 1452 4892 tto.
1467 4835 1499 4893 P.
1516 4833 1614 4896 Adam.
1633 4835 1841 4911 bleranensis,
1858 4844 1887 4896 ta
1909 4839 1992 4896 Facie
2006 4839 2113 4898 Raram
2125 4837 2266 4897 Sarmati-

645 4951 739 4991 carum
753 4937 772 4995 l.
798 4937 826 4993 ⁶l.
844 4953 872 5009 p.
892 4937 960 4996 tto.
979 4970 1012 4979 -
1031 4931 1078 5015 (p)
1094 4936 1223 5010 Elogiorn
1236 4941 1318 5013 hujus
1341 4940 1403 5002 Vid.
1418 4945 1448 5000 ia
1462 4941 1589 5002 Historia
1603 4945 1730 5003 Prassiae
1743 4946 1860 5005 loannis
1882 4947 1986 5006 Leonis
2001 4964 2016 5006 a
2031 4963 2097 5028 pag.
2116 4947 2184 5008 353.
2199 4949 2219 5004 l.
2237 4949 2268 5014 8,

645 5047 674 5100 ot
687 5042 716 5100 Ρ.
734 5041 832 5102 Adam.
850 5043 1044 5104 Narsmowski
1060 5051 1089 5102 ta
1101 5045 1187 5104 Facie
1199 5047 1305 5106 Raram
1319 5049 1541 5108 Socraticorum
1557 5053 1605 5112 lib.
1619 5055 1647 5111 t.
1665 5069 1691 5111 c.
1708 5053 1745 5122 ll,
1762 5069 1778 5110 a
1794 5071 1821 5127 p.
1841 5055 1911 5113 tto.
1923 5054 2050 5115 Andreas
2065 5057 2101 5115 du
2117 5054 2220 5128 ssutry
2232 5055 2270 5114 de

646 5151 746 5211 eodem
758 5151 907 5212 Cardinalc
921 5155 969 5214 lib.
983 5155 1012 5225 5,
1028 5154 1077 5232 qui
1088 5154 1270 5217 inscribitur:
1286 5157 1408 5232 Instpnis
1424 5145 1486 5217 libri
1500 5161 1532 5218 dc
1548 5159 1730 5235 Scriptoribur
1742 5161 1952 5238 Ecclesiasticis,
1970 5182 2034 5238 pag.
2055 5167 2103 5224 at.
