4930 6634
1286 597 1301 636 Ι

694 765 755 830 270
1071 769 1344 832 LITUANICAIIUM
1367 770 1577 834 sceleratis
1598 773 1682 833 IIISU
1708 773 1959 835 HISTORIARUII

522 937 603 1074 1⁶²2
693 951 759 1038 illi,
779 957 881 1044 Spar,
902 952 1113 1036 dedicatum,
1141 959 1176 1026 et
1194 953 1279 1026 villa
1309 955 1525 1040 suburbana,
1553 957 1651 1030 Iocus
1678 978 1701 1028 a
1735 956 1851 1029 studio
1884 957 2082 1032 litterarum
2109 960 2315 1040 recreandis

521 1098 639 1154 amotae·
691 1075 826 1148 viribus
845 1075 1054 1149 destinatus.
1075 1075 1229 1151 Orsense
1246 1078 1460 1151 domicilium
1482 1079 1677 1154 redditibus
1702 1081 1808 1156 certis
1831 1102 1854 1152 a
1880 1103 1978 1176 rege,
2002 1080 2145 1162 nomine
2163 1081 2314 1178 Collegit

521 1194 634 1331 ἷῗῖζέἱ
691 1220 713 1271 a
732 1200 898 1273 Generali
917 1201 1102 1274 Societatis
1120 1202 1279 1276 Praeside
1292 1211 1444 1277 auctum.
1466 1203 1646 1276 Sancitum
1663 1226 1801 1300 quoque
1819 1205 2010 1300 diplomate
2028 1207 2192 1304 regione
2220 1209 2308 1303 pho·

521 1358 561 1398 ras
578 1346 665 1398 aucta.
692 1325 799 1398 tiaris
822 1325 935 1412 Orsae,
952 1349 1067 1422 neque
1086 1327 1122 1399 in
1136 1328 1295 1422 proximo
1308 1337 1437 1410 tractu,
1458 1327 1581 1400 liceret
1599 1328 1662 1400 ulli
1684 1326 1824 1400 scholas
1841 1329 2167 1404 instituere.Crosis
2179 1329 2312 1424 templo

521 1434 668 1570 {2¹3}less
693 1447 875 1522 condendo
892 1450 984 1545 lapis
1009 1451 1193 1546 angularis
1204 1452 1323 1546 jactus
1340 1452 1373 1522 V
1392 1449 1503 1523 nonas
1521 1452 1618 1536 maii,
1640 1451 1685 1523 ab
1714 1451 1874 1524 antistite
1895 1451 2102 1550 Samogitiae
2134 1451 2314 1524 Stanislao

521 1531 667 1652 wghzrffifif.
693 1571 828 1644 Kiszka
844 1579 1090 1645 consecratus:
1112 1573 1177 1645 sub
1197 1573 1440 1668 idemtempus
1457 1573 1503 1644 ab
1521 1573 1604 1659 alic,
1629 1573 1747 1645 nescio
1765 1596 1847 1668 quc,
1869 1574 2008 1650 Lomsae
2033 1574 2119 1645 VIII
2135 1572 2310 1647 kalendas

521 1675 635 1812 ἓξὲξ·
694 1697 867 1791 ponendae
897 1697 965 1768 aedi
998 1719 1110 1768 sacrae
1140 1697 1334 1770 dedicatus.
1368 1698 1615 1771 Fundamenta
1650 1697 1832 1769 Crosensis
1858 1697 1978 1794 templi
2013 1696 2166 1793 inclytus
2190 1705 2312 1770 noster
2344 1716 2351 1730 ·

519 1776 613 1909 templu
693 1824 798 1912 poeta
815 1817 969 1890 Mathies
983 1819 1186 1892 Sarbievius
1205 1828 1279 1893 tum
1309 1821 1408 1916 cpioo
1434 1827 1594 1916 poemate
1610 1826 1686 1892 tum
1708 1820 1833 1893 melico
1859 1819 2063 1896 celebravit.
2087 1820 2254 1906 Grodnae,
2275 1823 2313 1893 in

520 1916 614 2056 {¹¹¹3}ss
693 1943 821 2038 oppido
852 1943 1039 2027 Lituaniae,
1077 1943 1227 2016 comitiis
1268 1948 1372 2041 regni
1410 1945 1534 2029 nobili,
1571 1944 1706 2046 firmius
1740 1945 1950 2020 collocatum
1980 1952 2034 2019 est
2080 1945 2309 2020 domicilium.

522 2080 665 2136 ecncmsae.
694 2067 836 2162 Septem
852 2065 982 2139 abhinc
998 2075 1033 2140 et
1049 2067 1198 2162 triginta
1216 2069 1318 2142 annis
1344 2093 1407 2142 rex
1433 2070 1634 2168 Stephanus
1654 2069 1792 2164 jecerat
1818 2069 1982 2164 quaedam
2000 2068 2161 2164 collegio
2180 2070 2311 2143 funda-

520 2157 666 2309 ξξὲἂῖζὲ
693 2199 836 2277 menta;
874 2193 1056 2287 assignato
1090 2195 1317 2287 proventibus
1355 2196 1550 2292 Kondzyno
1590 2216 1697 2289 pago,
1735 2192 1910 2266 aedificato
1945 2193 2090 2288 templo,
2123 2193 2211 2266 satis
2249 2193 2312 2266 ille

519 2314 600 2370 urum.
692 2315 893 2410 magnifico,
928 2339 948 2388 e
981 2340 1081 2388 muro
1120 2317 1246 2390 solido.
1286 2319 1356 2392 Sed
1397 2319 1501 2415 hujus
1539 2315 1789 2413 perfectionem
1823 2315 1909 2389 aedis
1941 2325 1976 2390 et
2010 2315 2136 2411 reliqui
2171 2316 2313 2389 consilii

693 2461 787 2511 mors
821 2438 991 2534 Stephani
1023 2439 1213 2513 intercidit.

521 2527 633 2662 umine
743 2564 877 2658 Pagum
893 2565 975 2636 hinc
988 2564 1081 2637 Socii
1095 2565 1212 2645 domui
1229 2565 1439 2639 novitiorum
1452 2565 1626 2650 Vilnensi,
1642 2562 1810 2658 templum
1823 2563 1970 2650 curioni,
1986 2566 2178 2660 praeposito
2192 2564 2308 2639 Grnd-

519 2685 642 2818 grfflfftpr
693 2690 806 2772 nansi,
826 2711 1032 2762 concessere
1049 2716 1057 2775 ;
1077 2690 1248 2784 probante
1262 2699 1447 2786 utrumque
1464 2689 1660 2783 Praeposito
1675 2687 1861 2760 Societatis
1875 2689 2055 2762 Generali.
2077 2690 2157 2768 Hoc
2170 2689 2321 2762 demum·

519 2781 627 2900 pff
694 2836 788 2886 anno
801 2812 836 2907 (r)
853 2813 1032 2886 Grodnam
1050 2816 1205 2887 revocati
1221 2837 1285 2908 per
1302 2821 1551 2890 testamentum
1565 2813 1725 2910 praesidis
1743 2811 2003 2885 Grodnensium
2021 2808 2208 2908 capitanei,
2230 2814 2309 2888 Sta-

693 2937 794 3009 nislei
828 2937 1078 3010 Kossobuckii.
1099 2939 1135 3010 Is
1153 2939 1314 3014 militiam
1331 2947 1513 3013 secuturus
1527 2938 1620 3012 bello
1637 2936 1833 3022 Tartarico,
1855 2944 2105 3012 testamentum
2140 2939 2207 3010 rite
2224 2959 2309 3008 con-

691 3060 818 3132 fectum
836 3059 929 3133 domi
945 3059 1161 3155 reliquerat:
1182 3062 1297 3135 Sociis
1323 3061 1525 3135 haeredibus
1551 3059 1676 3156 praedii
1703 3060 1770 3144 sui,
1786 3059 1904 3133 Sueba
1926 3058 2030 3132 Biala
2055 3058 2152 3143 dicti,
2176 3058 2206 3130 si
2223 3057 2311 3130 belli

691 3184 909 3258 occubuisset
942 3185 1030 3279 ipse,
1067 3185 1219 3279 scriptis.
1257 3184 1464 3259 Occubuit:
1498 3185 1690 3256 invitantur
1719 3182 1766 3253 ad
1796 3204 1870 3254 rem
1907 3183 2038 3255 ultimis
2065 3181 2155 3255 ceris
2190 3181 2304 3254 consi·

692 3314 837 3402 gnatam
849 3307 953 3381 Socii.
975 3295 1154 3380 Grodnam
1172 3309 1218 3379 ad
1238 3309 1424 3401 pristinum
1438 3306 1650 3381 domicilium
1668 3327 1690 3377 a
1707 3306 1904 3401 Praeposito
1922 3307 2115 3402 provinciae
2132 3303 2311 3378 Michaele

692 3431 842 3505 Ortissio
866 3441 1088 3504 revocantur.
1122 3431 1190 3504 Sed
1208 3431 1345 3504 facilius
1365 3431 1418 3503 illi
1447 3432 1637 3504 introducti
1655 3441 1756 3506 erant
1785 3433 1881 3519 olim,
1914 3457 2018 3529 quam
2035 3458 2128 3506 nunc
2161 3435 2307 3529 recepti.

599 3649 602 3659 y
691 3555 850 3628 Fuerunt
866 3577 938 3626 nou
951 3555 1053 3649 pauci
1071 3575 1114 3628 ex
1132 3553 1254 3626 ordine
1272 3555 1510 3628 ecclesiastico
1530 3555 1648 3642 otiam,
1669 3557 1728 3650 qui
1746 3556 1877 3630 relictis
1895 3580 2009 3653 nuper
2029 3557 2177 3630 aSociis
2196 3557 2310 3630 Gred-

692 3679 810 3750 nensis
823 3677 971 3750 coloniae
983 3679 1101 3761 rebus,
1121 3677 1206 3750 fidei
1230 3677 1301 3750 illis
1330 3677 1548 3771 quorundam
1566 3680 1830 3767 commendatis,
1851 3681 1971 3752 oculos
1984 3680 2191 3776 adjecerint.
2209 3681 2310 3753 Jam-

694 3825 762 3896 que
791 3801 918 3898 aliquis
948 3803 1038 3900 parti
1071 3803 1240 3874 bonorum
1271 3825 1340 3873 non
1361 3803 1498 3896 exiguae
1515 3801 1679 3896 ungulas,
1700 3802 1807 3876 alieni
1841 3803 2002 3900 cupidus,
2035 3804 2214 3900 injecerat.
2238 3805 2312 3878 Sed

690 3927 847 4022 praedam
860 3933 981 4023 raptor
999 3926 1128 3998 divinae
1153 3934 1246 3997 metu
1264 3926 1442 4010 vindictae,
1464 3925 1530 4004 sibi
1549 3949 1686 4021 quoque
1700 3926 1848 3999 aliorum
1876 3927 2037 4023 exemplo
2056 3927 2308 4024 impendentis,

690 4056 831 4122 coactus
844 4057 898 4122 est
915 4049 1102 4122 dimittere.
1120 4051 1166 4133 Is,
1185 4049 1270 4121 dum
1288 4047 1545 4143 possessoribus
1562 4047 1743 4143 legitimis,
1754 4050 1837 4144 jure
1851 4073 1916 4123 sua
1929 4050 2180 4145 repetentibus,
2202 4052 2305 4124 oblu-

519 4200 663 4268 naptarum
690 4181 830 4246 otetur:
851 4171 969 4255 alium,
991 4172 1137 4245 consilio
1151 4173 1249 4267 cujus
1262 4171 1299 4242 id
1316 4171 1460 4255 iaceret,
1480 4171 1653 4244 furtorum
1666 4171 1808 4244 aliunde
1822 4173 2007 4267 alligatum
2022 4196 2112 4258 esse,
2133 4175 2246 4260 audit,
2267 4184 2309 4248 et

516 4297 609 4352 pene.
684 4300 760 4394 jam
781 4297 827 4369 ad
843 4296 972 4370 infame
985 4296 1080 4367 trahi
1094 4295 1312 4390 supplicium.
1329 4295 1406 4367 Hoc
1419 4294 1578 4389 exemplo
1592 4295 1787 4390 perculsus,
1804 4319 1884 4368 suas
1899 4303 1934 4369 et
1948 4297 2023 4392 ipse
2036 4298 2192 4392 piceatas
2206 4298 2311 4372 leret

690 4443 827 4502 manus,
848 4418 967 4492 multis
987 4419 1193 4492 ridentibus.
1212 4418 1338 4513 Neque
1360 4425 1479 4490 tamen
1505 4417 1570 4490 sibi
1587 4419 1727 4512 suisque
1741 4419 1951 4492 consiliariis
1969 4421 2141 4515 rapuisse,
2163 4421 2313 4516 impune

688 4545 778 4616 fuit:
803 4544 854 4616 eis
872 4567 1003 4638 paucas
1020 4537 1257 4639 tempestates,
1286 4543 1331 4614 ad
1348 4565 1456 4614 unum
1473 4564 1606 4628 omnes,
1636 4542 1726 4616 alius
1744 4543 1812 4616 alio
1827 4543 1926 4617 exitii
1946 4567 2092 4640 genere,
2109 4546 2312 4641 dIsperiere

687 4666 857 4739 lirnditus.
877 4665 985 4738 Actor
1001 4667 1088 4760 ipse,
1105 4666 1187 4738 dum
1204 4667 1341 4738 interea
1357 4689 1435 4737 curn
1449 4665 1521 4737 suis
1535 4665 1734 4739 domesticis
1756 4666 1800 4740 de
1817 4667 1943 4762 rapina
1956 4667 2099 4742 dImisse
2121 4668 2309 4754 dissertat,

689 4799 808 4863 coorto
822 4790 953 4863 circum
965 4791 1138 4874 incendio,
1155 4791 1308 4873 domum,
1319 4812 1394 4862 rem
1406 4788 1624 4874 familiarem,
1637 4791 1766 4876 omnia,
1782 4798 1920 4862 tentum
1941 4815 2013 4866 non
2026 4793 2146 4876 vitam,
2162 4793 2310 4868 amittit.

687 4915 798 4988 Recte
811 4914 848 4986 in
865 4914 971 4988 rebus
983 4915 1153 5008 ejusmodi
1171 4936 1317 5009 usurpes
1333 4911 1422 4984 illud
1439 4912 1568 4985 Comici
1586 4938 1593 4984 :
1619 4942 1634 4973 α
1663 4913 1701 4985 Si
1719 4915 1797 5007 quis
1816 4915 1938 4986 avidus
1957 4917 2070 5010 poscit
2083 4939 2196 5004 escam
2214 4939 2306 4990 ara-

694 5071 711 5101 «
731 5039 838 5124 riter;
870 5038 1042 5133 decipitur
1069 5039 1107 5110 in
1124 5045 1316 5111 transenna
1341 5037 1490 5110 avaritia
1527 5059 1604 5111 sua.
1638 5037 1716 5124 Ille,
1741 5039 1801 5134 qui
1828 5038 2000 5126 consulte,
2040 5040 2154 5126 docte,
2199 5047 2315 5138 etque

731 5177 771 5254 tt)
784 5172 867 5237 duno
885 5177 971 5238 1622.
984 5173 1024 5236 De
1036 5177 1131 5251 prinis
1147 5176 1268 5234 Grodnae
1278 5175 1371 5234 Sociis
1386 5175 1448 5232 vide
1461 5176 1486 5232 in
1498 5175 1628 5254 eamtogo
1644 5183 1785 5235 rectorum
1798 5172 1880 5234 intra.
