4896 6650
636 825 929 887 110111111101
958 781 1175 906 1111101100).
1687 826 1744 891 141

133 1012 279 1107 Virginis
314 1013 537 1087 Beatissimae
571 1013 774 1108 imaginem,
810 1011 856 1084 ad
890 1034 994 1105 quam
1024 1011 1222 1106 supplicare
1248 1014 1322 1086 Deo
1357 1013 1493 1087 solebat
1523 1003 1745 1088 Rutenorum
1772 1021 1836 1113 152}ss

133 1138 281 1234 popellus
300 1140 456 1234 simplex,
472 1147 636 1213 execrata
652 1141 821 1211 bonorum
841 1137 1020 1230 pietatem,
1043 1138 1079 1208 in
1097 1161 1222 1233 rogum
1240 1140 1429 1232 injecisset,
1450 1147 1554 1213 nocte
1568 1141 1740 1234 proxima,
1770 1100 1919 1247 affl&

133 1270 245 1334 010110
278 1263 373 1334 domi
399 1262 574 1348 incendio,
602 1285 687 1358 opes
716 1284 796 1334 suas
821 1269 926 1356 atque
951 1260 1007 1332 his
1027 1261 1165 1333 cariora
1190 1262 1256 1334 sibi
1280 1263 1429 1356 pignora
1458 1262 1551 1334 filios
1568 1261 1745 1334 victimam
1772 1256 1854 1313 ¹1⁶&-

135 1387 298 1482 impietati
315 1409 390 1459 suae
405 1387 567 1481 praebuit.
589 1389 644 1458 lta
662 1385 825 1458 videlicet
840 1384 977 1480 impios,
995 1385 1088 1478 quod
1105 1385 1266 1458 ethnicus
1283 1388 1390 1459 etiam
1408 1393 1527 1459 monet
1543 1371 1745 1480 Sophocles,

135 1511 333 1605 compendio
352 1518 525 1603 occupant
550 1533 667 1595 noxae,
687 1509 834 1581 deorum
859 1507 1087 1602 celeripedes.

175 1633 289 1706 Affine
318 1634 444 1706 horum
474 1634 574 1718 illud,
595 1632 688 1728 quod
711 1630 859 1705 subinde
881 1631 918 1702 in
939 1632 1016 1725 ipsa
1034 1630 1220 1703 Polocensi
1247 1632 1365 1703 evenit
1392 1632 1554 1720 civitate3
1574 1634 1670 1706 haud
1692 1635 1744 1707 ita

134 1759 265 1854 quidem
284 1758 435 1844 illustre,
456 1764 668 1852 argumento
692 1764 811 1829 tamen
837 1763 927 1839 erat,
944 1779 1049 1851 quam
1079 1759 1230 1850 superbe
1260 1756 1400 1828 daemon
1421 1757 1457 1827 in
1487 1758 1559 1830 illis
1578 1759 1744 1832 volitaret

134 1882 224 1965 locis,
241 1903 415 1976 quamque
441 1881 652 1975 impotenter
669 1881 708 1951 in
732 1880 987 1972 flagitiosorum
1018 1877 1214 1952 colluvione
1244 1880 1425 1952 hominum
1452 1881 1692 1954 baccharetur.
1715 1883 1746 1953 Ε
1776 1925 1904 1980 retentus

134 2003 271 2101 profano
298 2003 551 2077 Photianorum
576 2024 707 2097 genere
738 2002 1003 2085 monachorum,
1028 2023 1114 2095 quos
1140 2001 1210 2096 ipsi
1237 2025 1347 2098 popas
1373 2013 1578 2085 vocantes
1605 2005 1746 2077 civitate
1775 2005 1891 2096 nominis

136 2128 269 2222 quidam
288 2127 333 2200 ad
349 2151 468 2200 arcem
485 2128 615 2222 agebat
646 2149 684 2199 se
708 2126 774 2199 sub
794 2147 988 2220 vesperam,
1010 2132 1157 2198 onustus
1179 2125 1240 2196 ille
1257 2126 1347 2210 cibo,
1368 2135 1405 2198 et
1430 2129 1592 2201 sensibus
1609 2151 1746 2201 meraco
1776 2083 1897 2152 improbi.

135 2251 345 2347 compeditis.
369 2251 475 2322 Visus
494 2250 635 2322 interim
655 2249 806 2342 aethiops
822 2271 911 2342 puer
927 2247 1065 2319 lurconi
1079 2249 1278 2321 errabundo
1297 2249 1477 2322 ductorem
1494 2274 1533 2324 se
1547 2251 1716 2325 obtulisse
1737 2276 1745 2324 ε

137 2377 195 2448 100
219 2381 415 2470 praeeunte,
436 2375 566 2458 ebrius,
589 2373 752 2446 omnibus
784 2375 945 2469 compitis
975 2375 1147 2468 Dunaque
1171 2375 1359 2470 hyemante
1385 2385 1549 2472 vagatus,
1579 2376 1745 2452 detractis

139 2499 214 2572 dein
231 2500 399 2584 vestibus,
420 2505 578 2594 raptatus
595 2499 641 2571 ab
655 2500 808 2594 aethiope
825 2521 890 2594 per
911 2498 1008 2570 invia
1021 2498 1203 2592 nivesque,
1220 2500 1334 2594 capite
1353 2500 1502 2595 denique
1519 2504 1556 2574 111
1570 2505 1747 2576 catonium
1765 2577 1767 2582 ,

135 2621 320 2706 demersus,
331 2621 480 2716 pedibus
493 2621 583 2695 ccalo
595 2622 754 2694 adversis
767 2648 775 2707 ;
797 2621 917 2716 itaque
930 2629 1091 2715 repertus
1105 2613 1339 2716 est'postridie
1351 2623 1483 2718 frigore
1497 2635 1744 2720 praemortuus

136 2748 207 2826 Quo
235 2749 379 2832 factum,
396 2754 436 2819 nt
467 2747 543 2841 ejus
568 2747 693 2818 farinae
720 2746 873 2818 hamulis
891 2744 1050 2840 exemplo
1080 2754 1186 2828 esset,
1203 2747 1479 2842 intemperantiae
1505 2756 1541 2822 et
1566 2751 1747 2825 ebrietatis

135 2870 223 2943 mala
238 2873 358 2956 remis,
379 2878 418 2942 ut
434 2871 547 2967 ajunt,
568 2870 724 2965 velisque
742 2869 924 2964 fugienda.

176 2996 293 3068 Vilnae
323 3003 475 3091 quatuor
504 3005 539 3068 et
573 2996 829 3092 quinquaginta
861 2995 1016 3090 agebant
1045 2992 1228 3110 Collegaej
1261 3018 1337 3068 rem
1372 2999 1613 3094 unusquisque
1645 3013 1746 3074 'suam
1833 3051 1874 3104 48·

134 3121 273 3192 curabat
287 3119 487 3216 diligenter,
508 3121 583 3191 tum
600 3119 796 3214 intemplo,
816 3126 891 3190 tum
908 3119 944 3189 in
962 3118 1169 3213 gymnasio;
1198 3120 1235 3190 in
1254 3141 1321 3214 quo
1338 3121 1415 3215 jam
1436 3121 1599 3218 discipuli
1616 3127 1747 3219 10111111-
1779 3133 1865 3189 Vilna
1883 3151 1924 3189 a·

135 3249 227 3342 genti
244 3249 319 3321 fere
337 3245 584 3320 censebantur.
606 3245 781 3318 Pietatem
807 3245 858 3318 illi
877 3267 977 3318 suam
995 3266 1073 3316 cum
1091 3242 1194 3327 alias,
1215 3251 1290 3315 tum
1310 3242 1372 3316 illo
1389 3243 1447 3319 die
1464 3245 1628 3332 maxime,
1644 3272 1747 3344 quem
1776 3213 1917 3348 {mg

133 3372 400 3468 Augustissimae
430 3370 666 3444 Eucharistiae
691 3391 830 3441 sacrum
856 3367 1098 3441 anniversario
1129 3367 1266 3440 obimus
1305 3369 1388 3454 ritu,
1409 3371 1581 3465 praeclare
1614 3373 1744 3468 populo
1778 3370 1913 3463 meoparo-

64 3531 72 3552 ·
131 3497 375 3591 approbarunt.
397 3494 644 3567 convenerant
661 3491 902 3565 adolescentes
920 3514 962 3564 ex
980 3491 1140 3563 omnibus
1158 3491 1230 3562 suis
1248 3490 1432 3576 classibus,
1449 3501 1577 3565 ornatu
1594 3496 1745 3569 vestium
1775 3465 1830 3514 Μ’

132 3623 178 3696 illi
195 3631 230 3697 et
248 3621 419 3694 varietate
444 3621 637 3714 exquisita3
666 3619 778 3691 facem
797 3617 944 3712 quisque
961 3638 1100 3689 ceream
1124 3615 1360 3710 praeferebant
1386 3617 1581 3704 ardentem,
1602 3621 1744 3717 agmine

131 3747 401 3844 quadripartito;
422 3767 568 3840 quorum
581 3741 852 3837 unumquodque
870 3741 1019 3835 cogebat
1032 3739 1267 3835 symphonia:
1289 3741 1411 3813 miram
1437 3742 1500 3814 illa
1526 3743 1740 3840 voluptatem

129 3871 291 3944 afferebat
321 3869 482 3942 omnibus
507 3874 542 3940 et
568 3889 692 3938 vocum
722 3865 899 3937 suavitate
916 3871 951 3935 01
970 3863 1126 3935 novitate
1157 3861 1364 3949 carminum,
1381 3864 1496 3938 adhuc
1513 3866 1741 3942 Vilnensibus

131 3997 295 4069 inaudita.
315 3967 530 4066 incedebant
550 3991 793 4064 adolescentes
810 3987 896 4072 bini,
918 3989 964 4058 ita
982 3993 1121 4081 aequato
1139 3984 1301 4080 dispositi
1319 3988 1454 4074 ordine,
1476 3990 1527 4061 ita
1543 3992 1740 4066 intervallis

128 4119 224 4193 divisi
236 4119 391 4215 paribus,
404 4140 447 4191 ea
463 4117 581 4189 vultus
597 4113 849 4210 compositione
860 4120 896 4183 01
908 4109 1150 4182 moderatione
1163 4129 1321 4202 gressus,
1333 4118 1371 4181 ut
1384 4133 1452 4206 quo
1466 4114 1681 4201 incederent,
1694 4118 1740 4188 ad

128 4267 287 4339 magnam
301 4247 518 4338 spectatores
532 4239 799 4312 admirationem
813 4257 932 4308 secum
945 4234 1183 4308 traducerent.
1196 4232 1229 4305 A
1242 4233 1368 4306 dextra
1380 4234 1540 4331 laevaque
1553 4240 1741 4334 stipatores

127 4367 258 4461 plebem
275 4391 339 4462 per
356 4367 433 4438 vias
451 4364 729 4447 summovebant,
745 4366 782 4434 et
799 4359 1072 4434 moderabantur
1084 4356 1342 4430 incedentibus.
1359 4358 1453 4430 Crux
1467 4361 1616 4454 praealta
1630 4364 1743 4437 medio

126 4489 301 4562 ferebatur
318 4490 356 4561 in
370 4489 525 4583 agmine,
547 4509 633 4558 auro
652 4485 842 4580 conspicua
855 4491 892 4558 et
908 4483 1017 4556 clavis
1030 4483 1289 4576 gemmantibus
1306 4491 1409 4578 :post
1427 4465 1604 4558 bancalia
1621 4486 1744 4559 Salva-

126 4613 209 4686 toris
243 4613 358 4686 nostri
392 4612 487 4706 passi
518 4611 685 4704 insignia.
722 4609 920 4704 Unicuique
947 4606 1061 4679 ordini
1092 4615 1193 4678 erant
1215 4629 1277 4679 sua
1303 4629 1441 4704 pompm
1473 4611 1670 4684 anteludia.
1695 4613 1743 4684 Hi

127 4707 285 4809 divorum
307 4737 558 4832 prophetarum
580 4733 769 4806 simulacra
786 4733 915 4804 vestitu
932 4730 1162 4802 imitabantur
1175 4735 1211 4802 et
1227 4729 1326 4802 vultu
1347 4755 1356 4802 :
1377 4732 1539 4806 thensam
1558 4735 1622 4822 illi,
1643 4736 1741 4809 holo-

126 4861 246 4934 sericis
275 4861 451 4933 obtectam
477 4858 578 4943 velis,
600 4856 786 4929 hastilibus
813 4861 1021 4950 praetentam
1042 4853 1125 4925 altis
1148 4853 1352 4942 anteibant;
1377 4855 1440 4928 alii
1466 4859 1577 4932 niveis
1595 4859 1677 4932 tecti
1707 4868 1743 4933 et

126 4988 310 5084 cataclytis
325 4987 482 5061 vestibus
499 5008 563 5082 pro
589 4985 839 5080 poenitentibus
859 5008 867 5055 :
887 5003 951 5076 pro
964 4981 1079 5077 geniis
1100 4980 1303 5054 coelestibus
1320 4983 1394 5070 alii,
1411 4987 1504 5080 aptis
1530 5009 1574 5058 ex
1591 4994 1739 5084 utroque

126 5111 269 5186 humero
290 5113 428 5208 pendia,
448 5113 541 5185 inter
562 5110 770 5182 micantibus
787 5106 915 5201 lapillis
933 5113 968 5180 et
986 5128 1084 5190 auro,
1105 5127 1144 5178 se
1162 5107 1335 5200 gerebant
1346 5133 1355 5200 ;
1376 5131 1419 5181 ea
1436 5111 1552 5204 quiete
1573 5119 1608 5184 et
1620 5112 1738 5185 vultus

127 5232 297 5308 modestia
322 5242 358 5310 et
383 5233 554 5316 incessus,
579 5241 631 5316 ut,
657 5232 723 5302 nisi
750 5230 887 5303 videres
913 5230 1190 5324 progredientes
1208 5231 1378 5323 spirantia
1406 5234 1568 5327 quaedam
1604 5237 1740 5310 diceres
