4896 6650
666 770 709 882 ld
1035 819 1312 884 ntrutulctuun
1335 820 1546 886 secleratis
1567 826 1653 888 JESU
1675 822 1928 887 ulsroulteuu

376 1041 380 1046 ·
492 997 557 1054 1⁵²9
669 1026 686 1060 a
708 997 902 1095 Sapientia,
914 1001 1029 1097 parati
1042 1025 1182 1100 semper
1194 1011 1234 1076 ut
1246 1004 1369 1092 simus,
1385 1013 1421 1079 et
1433 1006 1640 1102 vigilemus;
1657 1009 1738 1103 quia
1752 1008 1908 1094 nescitis,
1924 1006 2050 1102 inquit,
2066 1005 2288 1098 diemneque

493 1162 552 1218 vig
577 1178 640 1233 pru·
669 1151 686 1184 κ
707 1124 844 1198 horam.
867 1127 998 1212 Quare,
1018 1129 1112 1221 quod
1132 1137 1168 1202 et
1185 1131 1313 1204 mentis
1333 1137 1369 1204 et
1386 1133 1542 1226 corporis
1560 1133 1695 1207 viribus
1711 1157 1783 1206 non
1798 1155 1876 1207 esse
1893 1132 2015 1205 videor
2035 1131 2234 1213 destitutus,
2255 1135 2294 1200 ut

493 1241 641 1377 fflflw
668 1278 686 1310 a
706 1273 796 1350 meae
815 1251 933 1325 domui
951 1253 1188 1348 disponerem,
1202 1262 1238 1328 et
1253 1278 1400 1350 eaquae
1419 1263 1500 1328 sunt
1525 1256 1727 1342 novissima,
1744 1257 1977 1378 providerem,
2000 1256 2199 1330 faciendum
2216 1276 2295 1326 esse
2368 1261 2371 1268 ’

669 1403 686 1434 κ
709 1373 806 1448 duxi.
823 1377 1008 1461 Quocirca,
1028 1377 1199 1451 facultate
1216 1380 1304 1452 mihi
1322 1403 1386 1473 per
1404 1382 1507 1452 Pium
1525 1382 1558 1452 V
1573 1382 1781 1455 Pontificem
1803 1403 1982 1465 concessa,
2002 1402 2117 1452 meam
2135 1378 2295 1451 ultimam

670 1526 687 1557 α
707 1501 902 1588 continens,
918 1502 986 1576 hoc
1002 1509 1252 1578 testamentum
1265 1505 1391 1590 condo,
1406 1504 1509 1590 facio,
1521 1515 1557 1579 et
1571 1506 1695 1579 ordino
1713 1507 1751 1577 in
1766 1506 1874 1590 hunc,
1888 1505 1947 1600 qui
1960 1504 2117 1598 sequitur
2134 1502 2289 1574 modurn.

719 1654 735 1685 a
758 1627 798 1697 ln
816 1626 939 1721 primis
963 1629 1146 1723 profiteor,
1174 1637 1209 1702 et
1239 1653 1313 1724 prae
1335 1654 1392 1703 me
1425 1628 1513 1714 fere,
1547 1637 1715 1703 testatum
1742 1629 1847 1703 etiam
1878 1629 2039 1701 omnibus
2066 1629 2182 1723 cupio,
2207 1650 2294 1723 quo-

671 1777 688 1810 «
710 1773 847 1845 cunque
880 1759 1037 1847 ternpore
1062 1755 1158 1826 Deus
1189 1755 1233 1826 de
1251 1755 1416 1827 'statione
1446 1754 1528 1827 vitae
1546 1755 1651 1849 hujus
1674 1756 1844 1828 decedere
1862 1776 1918 1826 me
1929 1753 2093 1847 jusserit,
2110 1752 2204 1846 quod
2220 1774 2295 1824 non

498 1881 643 1976 uidqipro-
673 1903 689 1935 κ
710 1876 779 1949 nisi
798 1876 835 1948 in
852 1876 1036 1950 christiani
1052 1878 1202 1951 nominis
1221 1885 1256 1951 et
1281 1877 1462 1952 catholicae
1488 1879 1571 1952 fidei
1597 1877 1813 1951 confessione
1839 1877 2009 1950 decedere
2036 1876 2152 1971 cogito
2176 1905 2183 1946 :
2204 1877 2296 1971 ejus,

498 1964 583 2020 ΜΟ·
673 2027 689 2060 u
710 1999 865 2094 inquam,
882 1999 978 2086 fidei,
1000 2025 1079 2096 quae
1097 1999 1170 2074 non
1196 2002 1449 2098 quinquaginta
1473 2001 1531 2075 his
1561 2003 1664 2076 annis
1683 2009 1781 2087 nata,
1798 2001 1860 2074 sed
1877 2002 1920 2074 ab
1937 2000 2023 2096 ipsis
2041 1999 2300 2072 fundatissimis

673 2151 689 2183 u
710 2122 960 2218 Apostolorum
977 2125 1119 2198 sedibus
1137 2126 1174 2199 in
1191 2126 1403 2200 hodiernum
1433 2150 1545 2223 usque
1577 2127 1683 2210 diem,
1717 2125 1984 2200 succedentibus
2022 2124 2091 2197 sibi
2124 2123 2300 2219 episcopis

673 2250 902 2322 «secundum
929 2251 1057 2325 seriem
1084 2253 1328 2338 successionis
1354 2261 1390 2325 et
1419 2253 1627 2349 populorum
1657 2252 1888 2326 consensione
1915 2249 2106 2336 firmatam,
2127 2250 2229 2322 nobis
2243 2257 2301 2322 est

672 2403 688 2433 a
710 2395 774 2469 per
798 2395 925 2446 manus
945 2374 1100 2461 tradita;
1129 2371 1206 2470 ejus
1223 2374 1319 2461 fidei,
1348 2398 1452 2469 quam
1470 2398 1558 2470 puer
1584 2375 1701 2462 didici,
1723 2367 1828 2471 quam
1854 2398 1874 2447 a
1898 2375 2004 2447 beata
2021 2381 2147 2459 matre,
2168 2372 2300 2447 deinde

672 2526 688 2556 κ
710 2501 732 2568 a
758 2497 894 2570 nutrice
912 2519 1004 2584 mea,
1027 2498 1199 2592 cumipse
1222 2498 1477 2593 quodammodo
1495 2498 1586 2571 lacte
1613 2499 1691 2571 suxi
1726 2524 1733 2570 :
1764 2522 1868 2593 quam
1886 2504 2010 2594 postea
2033 2496 2141 2593 justis
2160 2503 2300 2569 auctam

673 2650 689 2682 u
710 2621 936 2694 incrementis
952 2621 1131 2717 professus
1149 2622 1227 2695 orbi
1244 2629 1407 2695 testatam
1432 2621 1498 2696 feci
1517 2649 1524 2696 :
1545 2645 1651 2718 quam
1677 2647 1722 2696 ex
1751 2623 1913 2695 omnibus
1940 2621 2061 2694 muudi
2089 2621 2246 2716 pertibus
2265 2621 2304 2693 in

616 2829 622 2836 ,
674 2775 690 2805 u
712 2769 820 2818 unum
842 2747 1048 2841 congregati
1074 2747 1213 2834 Patres
1242 2745 1417 2841 frequenti
1433 2770 1593 2831 numero,
1613 2771 1679 2820 nec
1709 2747 1841 2842 pietate
1868 2748 1983 2820 minus
2010 2768 2115 2841 quam
2141 2745 2306 2818 doctrina

674 2900 690 2929 u
711 2878 935 2964 praestantes
956 2872 995 2944 in
1012 2873 1122 2950 Sacru
1140 2871 1295 2945 Concilio
1309 2873 1530 2957 Tridentino,
1548 2872 1616 2956 cui,
1637 2873 1794 2968 quamvis
1819 2873 1999 2966 indignus,
2030 2871 2084 2943 Pii
2111 2870 2162 2943 lV
2180 2871 2306 2943 Ponti-

675 3024 691 3054 «
711 2991 788 3090 ficis
805 2997 959 3083 nomine,
980 3021 1059 3071 cum
1077 2997 1155 3070 aliis
1169 2997 1299 3092 legatis
1316 2997 1353 3069 S.
1375 2997 1423 3070 R.
1445 2997 1486 3068 Ε.
1506 2996 1757 3081 cardinalibus,
1777 2995 1943 3091 praesedi,
1958 2995 2117 3068 unanimi
2130 3018 2307 3068 consensu

675 3149 691 3178 e
711 3130 925 3216 receperunt
951 3131 986 3196 et
1015 3123 1280 3219 approbarunt:
1302 3120 1452 3215 denique
1469 3143 1531 3216 per
1547 3120 1691 3214 longam
1713 3120 1956 3193 Romanorum
1984 3119 2195 3193 Pontificum
2223 3143 2304 3192 suc-

677 3275 692 3306 u
711 3245 908 3320 cessionem
934 3247 1000 3320 sibi
1019 3270 1086 3342 per
1103 3269 1227 3320 manus
1253 3246 1419 3318 traditam
1437 3246 1594 3340 sequitur
1612 3268 1749 3340 quoque
1768 3245 1853 3319 Pius
1870 3245 2106 3330 VPontifex;
2135 3245 2193 3340 qui
2211 3267 2309 3317 nunc

593 3465 596 3474 .
677 3399 693 3430 κ
712 3371 750 3442 in
768 3373 935 3445 cathedra
952 3373 1051 3446 Petri
1069 3372 1361 3446 sedenseandem
1380 3393 1458 3444 cum
1477 3369 1542 3462 illo
1553 3369 1748 3443 doctrinam
1766 3369 1951 3464 profitetur
1973 3395 1980 3441 :
2002 3393 2108 3465 quarn
2129 3370 2236 3443 etiam
2259 3371 2309 3442 ob

677 3524 694 3555 κ
715 3519 871 3583 causam,
884 3497 986 3592 ,quod
1002 3496 1192 3591 aliquando
1208 3495 1384 3592 quendam
1411 3517 1433 3567 a
1458 3493 1588 3568 sanctis
1615 3495 1781 3568 Patribus
1801 3493 1931 3569 dixisse
1958 3495 2142 3582 recordor,
2161 3518 2241 3568 cum
2259 3495 2312 3566 ad

678 3650 694 3681 a
716 3621 918 3693 Romanum
944 3620 1152 3694 Pontificem
1183 3621 1374 3692 Damasum
1402 3619 1511 3692 verba
1541 3616 1674 3692 faceret
1695 3644 1703 3690 ε
1724 3640 1795 3690 non
1812 3618 1897 3690 novi
1923 3618 2091 3704 Vitalem,
2116 3618 2309 3694 Meletinm

678 3772 695 3803 κ
717 3766 858 3839 respue,
876 3743 1064 3816 Paulinum
1090 3743 1240 3838 ignor0;
1265 3744 1461 3837 quicunque
1479 3749 1594 3815 tecum
1621 3765 1693 3814 non
1722 3741 1869 3837 colligit,
1896 3744 2033 3838 spargit
2051 3768 2059 3816 :
2074 3742 2143 3816 hoc
2160 3751 2229 3829 est,
2244 3743 2309 3838 qui

680 3899 695 3928 u
718 3868 850 3941 Christi
867 3890 938 3941 non
957 3876 1022 3954 est,
1039 3866 1249 3941 Antichristi
1262 3875 1336 3953 est;
1362 3868 1423 3962 qui
1440 3866 1578 3961 papista
1602 3874 1757 3952 nonest,
1787 3867 1958 3940 satauista
1980 3875 2045 3940 est.

730 4021 747 4052 κ
769 3991 918 4066 Nullum
952 3992 1071 4085 itaque
1102 3990 1266 4086 primum,
1300 3991 1369 4062 nisi
1404 3990 1582 4063 Christum
1609 4013 1774 4085 sequens,
1806 3999 1879 4064 tuae
1909 3991 2140 4076 Beatitudini,
2168 3990 2205 4068 id
2235 3998 2307 4077 est,

682 4147 698 4177 a
719 4115 899 4189 cathedrae
917 4113 1028 4198 Petri,
1049 4115 1292 4192 communione
1319 4115 1526 4220 consortior.
1546 4115 1660 4210 Super
1685 4116 1778 4188 hanc
1807 4116 1949 4188 Petram
1981 4114 2177 4187 Ecclesiam
2194 4114 2311 4187 aedifi-

684 4270 700 4300 κ
721 4246 833 4313 catam
852 4261 931 4312 esse
950 4239 1045 4324 sci0;
1075 4239 1131 4311 cui
1157 4239 1186 4311 si
1214 4240 1291 4334 quis
1316 4239 1492 4334 jungitur,
1514 4263 1613 4312 meus
1632 4247 1687 4312 est
1712 4265 1719 4311 ε
1744 4239 1826 4312 huic
1854 4239 2052 4324 adhaerere,
2068 4262 2134 4312 nec
2152 4261 2310 4333 unquam

684 4393 701 4424 κ
722 4365 767 4434 ab
784 4386 839 4448 ea,
860 4363 976 4457 quoad
1005 4361 1148 4459 spiritus
1179 4363 1245 4435 hos
1273 4371 1373 4457 reget
1390 4372 1501 4448 artus,
1526 4362 1631 4436 avelli
1658 4384 1713 4434 me
1739 4363 1843 4448 velle,
1871 4363 1967 4437 clara
1999 4385 2083 4436 voce
2100 4363 2307 4457 pronuntio.

685 4518 702 4548 κ
722 4489 775 4561 Ac
803 4489 995 4562 secundum
1025 4488 1127 4570 illud,
1156 4511 1224 4583 quo
1250 4487 1380 4560 Christi
1409 4510 1593 4566 censemur
1619 4511 1753 4575 omues,
1785 4487 1921 4562 nullum
1952 4489 2009 4562 vel
2034 4486 2226 4583 gloriosius
2248 4488 2316 4561 vel

687 4644 702 4674 a
724 4612 878 4684 salutare
903 4612 1018 4706 magis
1047 4635 1175 4686 nomeu
1206 4612 1292 4684 mihi
1323 4611 1430 4683 tribui
1458 4635 1576 4706 posse,
1597 4635 1803 4707 persuasum
1829 4613 1957 4700 habeo,
1979 4613 2133 4708 quamsi
2166 4611 2315 4708 papista

687 4767 703 4798 κ
725 4761 842 4812 vocer.
860 4737 897 4809 si
920 4737 1003 4832 quid
1029 4745 1146 4809 autem
1173 4759 1195 4807 a
1221 4734 1353 4808 merel
1379 4735 1508 4807 dictum
1526 4734 1581 4808 vel
1599 4736 1767 4831 scriptum
1797 4745 1851 4810 est
1876 4738 2080 4832 aliquando,
2102 4738 2196 4832 quod
2213 4745 2315 4810 certe

687 4894 704 4925 κ
726 4863 840 4937 sciens
858 4868 894 4934 et
907 4859 1062 4957 prudens
1079 4858 1144 4932 feci
1161 4882 1353 4954 nunquam,
1374 4837 1490 4955 id'pro
1508 4883 1580 4931 non
1600 4860 1692 4934 dicto
1709 4869 1744 4934 et
1761 4884 1825 4955 pro
1839 4886 1909 4934 nou
1923 4863 2051 4958 scripto
2069 4863 2192 4936 haberi
2210 4860 2308 4936 vole.

687 5017 704 5048 a
727 4988 819 5067 Quin
851 4986 882 5058 si
908 4986 1073 5080 deinceps
1099 4985 1205 5057 etiam
1231 4986 1394 5078 graviore
1412 4985 1533 5056 morbo
1557 4993 1740 5080 correptus
1758 4985 1910 5059 dicerem
1931 4987 2003 5060 tale
2021 4988 2119 5082 quid,
2139 4987 2175 5058 id
2193 4989 2314 5061 errori

683 5135 704 5173 ‘a
726 5113 854 5186 mentis
871 5111 988 5205 potius
1005 5109 1157 5182 adscribi
1170 5109 1287 5192 velim,
1309 5133 1413 5205 quam
1433 5110 1527 5204 quod
1554 5110 1723 5182 exanimi
1744 5112 1812 5182 mei
1830 5111 2002 5184 sententia
2019 5111 2212 5207 profectum
2229 5133 2316 5187 esse

686 5227 706 5300 ’κ
720 5238 913 5333 judicetur.
934 5238 1024 5309 Haec
1049 5235 1142 5310 enim
1168 5241 1222 5306 est
1240 5233 1363 5305 ultima
1379 5257 1458 5306 mea
1474 5233 1650 5318 voluutas,
1671 5257 1773 5328 quarn
1790 5235 1857 5308 Dei
1875 5236 1985 5308 fretus
2004 5237 2146 5321 auxilio,
2166 5237 2318 5312 mutabo
