4896 6650
582 812 642 876 126
949 817 1227 880 LITUANICARUM
1249 820 1464 880 SOClETdTlS
1484 821 1570 880 lusu
1593 821 1846 884 lllSTOlllhlll'lll

410 993 543 1127 ἔξω
582 1000 748 1073 maxima.
766 1001 854 1097 Ejus
884 1004 936 1075 rei
946 1003 1092 1076 ,minime
1109 1003 1289 1077 conscium
1305 1010 1478 1078 rectorem
1492 1003 1616 1078 domus
1637 1011 1782 1080 monent
1812 1004 1893 1100 ipsi,
1914 1005 2053 1077 caeteris
2072 1007 2205 1100 aequio-

409 1149 545 1206 atcatno-
585 1148 657 1210 ree,
686 1125 896 1213 Lutherani,
918 1127 1042 1199 salutis
1072 1128 1266 1224 periculum
1291 1129 1384 1201 Socii
1409 1129 1554 1224 fugant
1588 1134 1826 1204 antevertant.
1848 1128 2080 1200 Metuendum
2111 1129 2207 1202 idem

410 1227 519 1355 {iffi
583 1258 661 1322 erat
675 1251 809 1347 reliquo
825 1252 931 1325 ctiam
956 1251 1210 1326 catholicorum
1223 1253 1338 1348 gregi,
1359 1252 1509 1325 candido
1534 1252 1585 1323 illi
1604 1258 1639 1324 et
1664 1251 1891 1347 infrequenti.
1918 1253 1994 1324 Hos
2009 1253 2107 1348 prius
2124 1253 2211 1326 Leo·
2335 1342 2339 1350 Ι

414 1381 539 1454 perteus.
585 1377 732 1461 nardus,
753 1377 915 1472 quamde
945 1399 984 1449 se
1006 1377 1140 1472 aliquid
1170 1377 1366 1461 statuisset,
1392 1375 1665 1450 commonendos
1696 1378 1845 1471 putavit.
1868 1377 1925 1448 llli
1954 1378 2138 1450 confestim
2163 1379 2209 1450 ad

585 1501 781 1598 templum:
808 1525 878 1574 non
904 1501 998 1595 quod
1024 1502 1116 1573 inter
1151 1524 1211 1573 eos
1241 1502 1395 1596 parietes
1417 1500 1555 1596 asylum
1586 1523 1625 1572 se
1648 1507 1815 1576 nacturos
1848 1502 2047 1595 putabant;
2083 1510 2212 1575 norant

469 1623 474 1634 '
587 1625 690 1707 enim,
706 1624 872 1721 periculis
888 1626 964 1721 J'am
979 1624 1084 1708 docti,
1116 1625 1249 1697 nullam
1262 1624 1331 1697 loci
1350 1625 1572 1698 sanctitatem
1589 1624 1632 1696 ab
1654 1623 1814 1700 hostibus
1829 1625 1907 1697 istis
1927 1649 2006 1698 esse
2021 1626 2211 1698 immunem
2347 1621 2348 1624 '

540 1791 544 1800 ·
588 1774 714 1845 posse;
744 1751 807 1824 sed
821 1758 861 1823 ut
881 1759 1061 1824 antearas
1093 1749 1351 1846 potiusfidem
1376 1772 1475 1820 suam
1499 1749 1574 1820 Deo
1591 1748 1756 1843 professi,
1786 1772 1891 1848 quam
1906 1773 2054 1845 usquam
2070 1751 2107 1822 in
2124 1749 2211 1823 late·

589 1875 676 1958 bris,
693 1874 833 1970 quando
851 1875 991 1969 quidem
1001 1875 1276 1947 occumbendum
1291 1880 1393 1956 esset,
1412 1873 1662 1945 haereticorum
1675 1872 1806 1966 gladiis
1829 1875 2089 1947 occumberent.
2112 1876 2211 1947 Com-

589 1997 804 2071 mandabant
816 1999 875 2070 hic
904 2021 943 2070 se
957 1998 1091 2070 numini
1122 1998 1242 2070 divino
1269 1996 1458 2092 supplices,
1479 2003 1646 2090 tanquam
1661 1997 1706 2068 ad
1733 2009 1866 2070 certam
1884 2021 2005 2070 necem
2024 1998 2206 2071 destinati.

589 2123 676 2196 Cum
689 2122 819 2217 trepidi
837 2123 1068 2217 opperiuntur
1088 2123 1159 2193 vim
1188 2127 1446 2216 grassatorum,
1468 2128 1573 2214 atque
1590 2119 1684 2191 inter
1702 2143 1740 2192 se
1758 2121 1972 2208 consultant,
2006 2122 2041 2193 in
2061 2123 2213 2217 vestigio

588 2245 858 2342 persistendum,
893 2267 948 2330 an,
982 2244 1131 2342 praelato
1153 2267 1265 2317 sacrae
1290 2245 1404 2317 crucis
1421 2244 1558 2328 labaro,
1592 2244 1728 2315 obviam
1750 2244 1912 2320 hostibus
1940 2247 2209 2339 prodeundum;

590 2395 671 2445 ecce
684 2371 749 2442 tibi
771 2369 898 2466 globus
910 2370 1197 2442 latrocinantium
1214 2369 1366 2465 amplius
1380 2368 1476 2441 mille
1493 2392 1501 2438 :
1518 2367 1651 2463 gladiis
1675 2376 1710 2439 et
1723 2369 1908 2444 securibus
1918 2370 1964 2440 ad
1978 2377 2074 2464 septa
2088 2369 2214 2465 templi

589 2503 830 2590 concrepant:
855 2495 1047 2568 coemeterii
1063 2501 1202 2591 portam
1231 2494 1408 2566 arietant:
1437 2493 1505 2564 hac
1528 2492 1680 2564 maxime
1699 2501 1801 2586 parte
1829 2502 2036 2588 oppugnant
2056 2493 2213 2579 domum,

590 2620 685 2716 quod
705 2621 762 2696 vel
778 2621 896 2693 aditus
909 2619 1051 2692 aliunde
1081 2642 1151 2690 non
1173 2626 1267 2691 esset
1288 2626 1361 2690 tam
1377 2617 1504 2701 facilis,
1528 2617 1582 2688 vel
1608 2639 1630 2688 a
1648 2615 1752 2689 domo
1783 2617 1849 2690 Dei
1880 2616 2123 2712 aggredienda
2138 2641 2218 2692 esse

588 2747 748 2820 facinora
760 2747 976 2819 statuissent.
1010 2744 1066 2822 Ab
1085 2766 1126 2817 eo
1140 2744 1247 2816 etiem
1276 2742 1409 2816 scelere
1425 2741 1670 2838 persequendo
1702 2741 1899 2842 aliquorum
1922 2743 2070 2815 consilio
2088 2743 2217 2816 civium

590 2873 838 2958 continentur;
854 2872 996 2956 moniti,
1017 2870 1254 2964 'quiescerent
1276 2869 1450 2962 tantisper
1476 2868 1611 2961 utique,
1641 2867 1725 2939 dum
1750 2866 1993 2972 illucesceret;
2017 2899 2033 2930 a
2060 2869 2153 2941 diem
2175 2893 2219 2942 ac

595 3027 612 3058 a
634 3005 773 3072 noctem
789 2997 864 3071 sere
882 3004 991 3070 totam
1006 2997 1052 3069 ab
1083 2993 1347 3091 oppugnatione
1369 2991 1528 3087 praetorii
1545 2991 1623 3063 sine
1639 2991 1800 3085 requiete
1817 2992 2021 3066 tumultuati
2039 3021 2047 3080 ;
2077 2995 2219 3089 elapsos

583 3151 611 3214 .“
633 3144 725 3204 esse,
767 3145 853 3216 quos
881 3125 1150 3217 oppugnarent:
1167 3117 1320 3190 adarcis
1341 3115 1546 3212 praefectum
1563 3114 1778 3208 confugisse.
1806 3116 2092 3211 Disceptantibus
2106 3120 2216 3214 perti-

590 3245 794 3318 nacioribus
829 3245 1027 3330 consilium,
1065 3249 1215 3339 quatuor
1236 3241 1387 3314 militum
1409 3238 1579 3313 centuriae
1604 3239 1650 3310 ab
1685 3261 1767 3314 arce
1798 3263 1877 3311 cum
1903 3241 2013 3313 armis
2037 3244 2220 3338 signisque

592 3370 760 3444 advolant
777 3394 784 3441 :
806 3391 889 3464 pars
903 3370 1101 3441 consistunt
1117 3369 1155 3438 in
1171 3366 1262 3449 foro,
1274 3366 1366 3460 jussi
1375 3364 1524 3458 vigilare
1541 3362 1588 3435 ad
1600 3363 1724 3438 turbas
1745 3388 1752 3434 :
1770 3386 1853 3458 pars
1866 3364 1912 3435 ad
1924 3365 2105 3438 obsessum
2120 3365 2220 3438 missi

596 3497 806 3592 Collegium,
828 3498 986 3568 latrones
1005 3489 1305 3589 dispergunt.His
1318 3487 1365 3560 ad
1381 3488 1577 3560 custodiam
1590 3487 1787 3588 dispositio,
1803 3492 2056 3584 superveniunt
2069 3501 2221 3586 quatuor

596 3622 663 3693 viri
680 3620 884 3694 consulares
909 3620 1151 3693 :miserantur
1190 3613 1375 3689 Sociorum
1400 3610 1437 3682 in
1454 3635 1517 3685 suo
1548 3615 1616 3687 isto
1639 3615 1774 3692 infelici
1805 3616 1933 3710 oppido
1952 3615 2188 3688 conditionem
2210 3643 2219 3701 ;

599 3773 615 3804 κ
638 3745 860 3816 obtestantur
874 3742 1040 3838 Superos,
1054 3739 1144 3813 nihil
1163 3739 1231 3811 sibi
1244 3737 1446 3810 certaminis
1470 3761 1548 3811 esse
1561 3763 1640 3816 cum
1664 3741 1852 3814 Patribus:
1874 3741 1960 3836 ipsis
1977 3743 2083 3813 otiam
2097 3765 2222 3814 consu-

599 3896 615 3928 a
641 3843 735 3939 libus
747 3866 910 3939 infestam
923 3865 1061 3961 plebem
1082 3863 1235 3958 agitari:
1258 3885 1328 3934 non
1358 3861 1540 3934 defuturos
1558 3887 1597 3940 se
1623 3863 1781 3959 Collegio
1808 3865 2003 3947 Sociorum,
2024 3866 2123 3938 si'vel
2141 3889 2223 3937 cum

601 4023 617 4052 a
644 3992 819 4086 sanguine
837 3991 909 4063 vita
940 3989 987 4062 sit
1011 3985 1268 4084 profundenda.
1300 4021 1316 4052 n
1346 3986 1553 4062 Securitatis
1584 3987 1710 4062 deinde
1735 3989 1880 4085 majoris
1910 4013 2017 4061 cansa
2039 3989 2222 4084 duplicant

597 4117 788 4190 custodias.
810 4117 934 4211 Piguit
952 4117 1030 4210 jam
1060 4112 1183 4186 Socios
1195 4110 1393 4184 turbinibus
1422 4112 1500 4184 istis
1526 4095 1586 4184 diu
1608 4118 1781 4206 noctuque
1805 4113 1949 4208 jactari,
1973 4135 2086 4209 neque
2120 4115 2222 4187 labo-

597 4241 695 4314 ribus
712 4240 785 4313 suis
802 4246 837 4312 et
851 4238 1032 4335 patientiae
1046 4237 1199 4309 fructum
1211 4235 1248 4308 in
1261 4258 1349 4331 agro
1362 4244 1435 4308 tam
1458 4235 1614 4330 maligno
1627 4235 1853 4331 respondere.
1876 4236 1962 4308 (lum
1981 4245 2117 4332 apertae
2134 4246 2222 4310 sunt

599 4364 850 4461 oppidiportae
871 4365 963 4456 (nam
980 4363 1025 4434 ab
1039 4362 1156 4434 idibus
1168 4361 1345 4457 januariis
1366 4362 1412 4432 ad
1424 4360 1623 4436 februarias
1640 4377 1761 4454 prope
1776 4358 1950 4432 kalendas
1979 4361 2224 4434 attinebantur

599 4489 788 4584 claustris),
822 4510 905 4582 pars
936 4487 981 4559 ad
1019 4508 1181 4582 paganos
1215 4484 1408 4558 christiana
1439 4483 1651 4556 erudiendos
1674 4484 1835 4556 doctrina
1870 4485 2034 4570 evolavit,
2072 4509 2156 4580 pars
2181 4488 2228 4559 ad

600 4613 765 4686 solatium
785 4612 1039 4686 catholicorum
1052 4619 1087 4683 et
1104 4632 1226 4684 curam
1246 4609 1379 4683 resedit
1399 4637 1408 4696 ;
1432 4609 1606 4705 perfugio,
1636 4607 1768 4702 siquid
1792 4607 1999 4702 ingruisset,
2020 4611 2228 4705 apraefecto

601 4737 768 4810 moenium
781 4729 819 4809 in
835 4759 917 4810 arce
930 4738 1123 4832 proposito.

651 4863 734 4956 Ipse
746 4867 827 4957 post
848 4859 938 4933 alios
953 4861 1161 4934 Leouardus
1174 4859 1349 4944 Vendam,
1374 4883 1442 4955 quo
1460 4883 1483 4932 a
1500 4859 1682 4932 cardinale
1699 4859 1905 4943 vocabatur,
1930 4859 2105 4952 perrexit;
2130 4857 2169 4929 id
2188 4883 2232 4931 ex

602 4987 733 5070 animo,
756 4992 794 5056 nt
811 4984 943 5080 optima
961 4993 1038 5058 erat
1054 4986 1109 5058 vir
1127 4991 1163 5058 et
1181 4985 1441 5080 spectatissima
1463 4983 1546 5069 fide,
1566 4983 1757 5079 professus,
1778 4983 1878 5054 abire
1900 5004 1951 5066 se,
1975 5004 2044 5052 non
2067 4981 2162 5075 qnod
2184 4982 2230 5053 ab

600 5110 763 5184 hostibus
780 5109 888 5204 capiti
908 5116 1081 5182 metueret
1100 5133 1188 5197 suo;
1213 5111 1281 5182 hoc
1299 5109 1391 5183 enim
1414 5108 1616 5182 discrimine
1628 5108 1814 5203 religionis
1832 5129 1941 5178 causa
1959 5105 2048 5178 nihil
2064 5106 2130 5178 sibi
2150 5129 2231 5179 esse

603 5236 778 5332 optatius;
804 5235 869 5308 sed
888 5241 928 5308 ut
947 5235 1096 5332 principi
1118 5237 1370 5330 obsequeretur
1396 5217 1549 5321 vocanti,
1577 5242 1651 5307 tum
1670 5241 1709 5305 ut
1729 5232 1911 5306 securitati
1929 5231 2136 5306 Sodalitatis
2154 5253 2232 5303 suae
