4896 6650
687 675 795 734 LIBER
817 673 973 734 TERTIUS
996 671 1210 748 (isto-ttae).
1751 661 1790 726 97
1895 709 1898 714 ·

170 863 279 948 rinus,
314 865 530 958 comitesque
565 863 620 934 sui
644 861 760 956 fronte
789 860 934 932 humum
968 865 1041 930 tuae
1075 853 1251 951 majestati
1284 851 1428 924 feriunt.
1462 847 1643 944 Ejusmodi
1678 847 1786 920 verbo
1815 857 1879 913 1581

169 1015 333 1066 summam
361 993 413 1065 illi
438 992 672 1065 reverentiam
698 987 913 1084 significant.
942 982 1033 1056 Tum
1046 983 1261 1077 imperator,
1287 981 1444 1076 legatum
1470 977 1653 1075 appellans
1680 977 1786 1050 comi-

170 1123 241 1190 ter:
261 1116 408 1201 Antoni,
428 1116 555 1211 inquit,
575 1121 614 1186 ut
639 1113 734 1185 valet
753 1112 947 1210 Gregorius
966 1112 1068 1208 Papa
1085 1111 1197 1184 Xllll
1215 1113 1270 1184 lta
1296 1111 1404 1195 Deus,
1424 1108 1615 1208 respondet
1626 1107 1784 1193 nuntius,

168 1246 378 1340 najestatem
416 1254 511 1318 tuam
552 1243 675 1339 perdiu
706 1239 792 1312 velit
828 1262 906 1313 esse
940 1237 1163 1313 incolumem.
1192 1242 1279 1314 Inde
1312 1263 1386 1314 rom
1430 1261 1529 1311 suam
1563 1261 1678 1324 orsus,
1720 1261 1789 1333 quo

168 1371 445 1468 magnificentius
468 1379 504 1442 et
528 1369 604 1463 ipse
631 1367 704 1438 suis
731 1363 924 1460 principem
950 1387 1051 1437 suum
1077 1371 1182 1438 ornet
1205 1363 1345 1438 titulis:
1368 1363 1630 1446 Sanctissimus,
1660 1357 1786 1453 inquit,

48 1479 49 1544 l
171 1497 336 1568 Dominus
361 1501 482 1566 noster
500 1493 601 1587 Papa
624 1491 820 1585 Gregorius
848 1492 954 1576 XIII,
975 1492 1188 1566 universalis
1224 1491 1395 1565 Ecclesiae
1420 1492 1561 1574 Pastor,
1594 1488 1726 1561 Christi
1751 1488 1790 1559 in

168 1620 267 1692 terris
291 1617 470 1700 Vicarius,
499 1615 581 1687 Divi
612 1614 710 1687 Petri
726 1636 921 1700 successor,
938 1616 1125 1689 multarum
1144 1618 1329 1712 regionum
1346 1625 1591 1712 terrarumque
1612 1615 1786 1700 dominus,

48 1733 49 1776 1
169 1765 286 1816 servus
311 1765 495 1816 servorum
517 1739 597 1822 Dei,
627 1738 855 1810 serenitatem
883 1745 982 1810 tuam
1004 1739 1136 1812 salutat
1162 1740 1415 1826 amantissime,
1444 1738 1686 1835 ominibusque
1711 1760 1791 1835 pro·

48 1865 49 1868 ’
169 1863 321 1958 sequitur
356 1883 458 1956 quam
490 1859 643 1955 optimis.
678 1856 736 1929 Ad
770 1881 899 1932 nomen
925 1860 1110 1936 Pontificis
1144 1865 1215 1936 dux
1240 1888 1319 1938 cum
1343 1865 1417 1937 filio
1450 1887 1514 1937 suo
1540 1864 1562 1937 J
1566 1885 1696 1947 caune,
1730 1861 1790 1958 qui

48 3110 53 3118 ’
162 3133 300 3207 «nuper
324 3111 483 3204 legatum
508 3106 686 3201 pollicitus
718 3113 823 3189 esset,
853 3131 905 3192 se,
935 3109 965 3180 si
992 3132 1015 3181 a
1040 3130 1126 3202 rege
1160 3105 1323 3178 Poloniae
1351 3107 1462 3180 otium
1498 3107 1621 3194 fucrit,
1650 3107 1782 3183 bellum
1875 3183 1876 3188 ,

166 1988 259 2082 regio
285 1986 370 2059 item
388 1992 517 2057 ornatu
534 1983 744 2077 conspicuus
771 1982 808 2054 in
834 1984 921 2056 solio
939 1985 1107 2060 inferiore
1126 1988 1305 2062 assidebat
1329 1988 1376 2060 ad
1400 1987 1538 2073 laevam,
1554 1987 1790 2082 universoque

167 2114 290 2188 circum
316 2123 452 2199 senatu,
470 2093 640 2206 'assurgit
664 2110 845 2195 continuo,
873 2111 1077 2206 tamdiuque
1104 2120 1221 2186 rectus
1255 2120 1362 2199 astat,
1392 2112 1475 2184 dum
1501 2111 1634 2206 gratias
1660 2083 1785 2206 egerit.

166 2237 248 2308 Tum
273 2237 433 2310 residens
452 2242 515 2307 :tu
545 2256 643 2319 vero,
672 2232 798 2326 inquit,
814 2228 961 2317 Antoni,
989 2240 1029 2305 ut
1054 2234 1124 2306 iter
1149 2236 1232 2321 huc,
1264 2236 1485 2310 commodum
1511 2258 1557 2308 an
1582 2234 1788 2330 impeditum

166 2355 352 2431 hahuerisl
378 2354 622 2438 Commodum,
651 2353 793 2448 reponit
818 2353 891 2439 ille,
920 2379 1000 2451 quae
1028 2358 1104 2430 Deo
1131 2361 1250 2454 gratia
1276 2362 1335 2449 sit,
1365 2362 1527 2458 quodque
1552 2361 1668 2457 ipsum
1694 2362 1786 2436 inter

167 2485 327 2582 obsequia
352 2485 530 2580 majestati
561 2490 633 2556 tuae
660 2489 777 2578 grata,
805 2481 927 2566 velim,
956 2489 1156 2558 censeatur.
1185 2485 1241 2558 Ab
1268 2485 1387 2559 osculo
1413 2487 1496 2560 dein
1522 2509 1647 2566 manus
1670 2495 1705 2560 et
1723 2487 1786 2561 du·

166 2611 267 2684 cisat
304 2609 371 2682 filii
408 2608 591 2704 principis,
630 2607 769 2680 traditis
786 2667 791 2676 .
808 2607 854 2691 ei,
895 2606 955 2701 qui
993 2606 1126 2701 primus
1166 2609 1246 2682 duci
1272 2633 1295 2682 a
1321 2611 1466 2686 secretis
1505 2619 1612 2698 esset,
1640 2609 1782 2701 litteris,
1890 2577 1894 2590 ⁵

167 2737 323 2810 Romana
350 2735 534 2808 Pontificis
566 2756 710 2806 munere
737 2735 905 2829 exponit;
936 2756 1039 2808 sacra
1064 2735 1124 2807 1113
1151 2735 1281 2820 onmia,
1310 2736 1483 2833 pretiique
1509 2737 1689 2811 enimvero
1713 2761 1785 2812 non

166 2863 282 2957 parvi:
313 2867 415 2955 grato
444 2859 548 2955 proin
577 2857 695 2929 animo
723 2865 879 2953 accepta.
909 2858 995 2931 Inde
1021 2859 1115 2930 inter
1140 2866 1323 2932 senatores
1350 2858 1394 2932 de
1419 2860 1563 2955 negotio
1593 2859 1782 2958 legationis
1810 2826 1958 2974 &iffi

166 2985 392 3068 «consilium,
420 2984 519 3078 cujus
558 3003 694 3054 summa
718 2980 796 3068 luit,
826 2989 876 3070 ut,
912 2984 1078 3079 quoniam
1112 2982 1185 3054 dux
1211 2983 1376 3055 Pontifici
1402 2984 1561 3056 Maximo
1587 3008 1651 3080 per
1679 3009 1783 3062 suum
1808 2981 1929 3130 33:30·

1922 3090 1953 3130 lfl.

164 3241 315 3312 «Turcis
341 3238 536 3320 illaturum,
552 3235 658 3307 fidem
683 3233 789 3306 hodie
815 3241 1019 3328 praestaret;
1049 3234 1095 3305 ad
1121 3231 1405 3327 persequendum
1429 3232 1538 3304 armis
1563 3247 1782 3309 communem

162 3362 371 3435 «christiani
405 3358 558 3434 nominis
585 3359 721 3430 hostem
747 3378 863 3429 secum
891 3363 1030 3429 etcum
1055 3357 1195 3429 caeteris
1221 3356 1407 3452 religionis
1433 3356 1591 3450 ejusdem
1616 3359 1780 3454 principi·

163 3487 252 3558 abus
278 3483 498 3579 conspiraret
531 3507 539 3554 :
572 3482 771 3596 pontificios
809 3481 857 3553 311
886 3482 1016 3555 Persas
1043 3491 1079 3555 et
1107 3484 1277 3555 Tartaros
1314 3481 1454 3576 legatos
1495 3494 1778 3583 commeatusque

163 3609 466 3684 stransmitteret:
487 3607 671 3680 catholicis
698 3610 978 3703 negotiatoribus
1008 3611 1044 3683 in
1065 3611 1245 3683 Moscovia
1271 3615 1482 3688 commercia
1506 3626 1626 3691 essent
1649 3619 1776 3705 libera,

163 3734 368 3828 ‘hberaque
394 3729 579 3832 catholicae
605 3728 788 3824 religionis
816 3731 1014 3826 professio;
1044 3734 1206 3830 quodque
1231 3737 1383 3811 maxime
1409 3741 1628 3817 desideraret
1654 3745 1777 3819 Ponti·

162 3857 260 3941 «sex,
291 3857 362 3928 dux
394 3854 469 3949 ipse
496 3861 536 3925 ut
563 3875 641 3924 cum
669 3853 829 3926 Ecclesia
852 3856 1017 3929 Romana
1041 3857 1174 3932 rediret
1194 3859 1229 3933 in
1257 3863 1420 3956 gratiam.
1548 3939 1550 3943 ,

203 3980 452 4054 Assensionem
482 3975 592 4048 animi
617 3977 662 4048 311
694 3977 910 4053 conditiones
934 3979 1066 4075 primas
1102 3984 1263 4078 adjunxit
1291 3985 1395 4061 facile
1418 4012 1497 4062 cum
1543 4016 1588 4065 uo
1614 3995 1777 4106 princeps

159 4113 296 4190 senutu;
317 4104 361 4176 de
381 4101 525 4196 negotio
544 4100 727 4194 religionis
739 4101 886 4196 proponi
900 4101 1050 4196 amplius
1070 4104 1135 4176 sibi
1153 4116 1297 4182 nonest
1317 4131 1467 4204 passus;
1486 4114 1606 4211 itaque
1623 4139 1680 4190 ros
1697 4116 1775 4189 uni-

157 4227 244 4300 versi
261 4226 399 4301 consilii
417 4224 464 4297 ad
489 4224 677 4297 Possevini
705 4225 897 4300 redituma
920 4252 1008 4324 rege
1034 4229 1227 4325 Stephano,
1258 4235 1304 4307 ad
1335 4259 1438 4332 quem
1454 4237 1537 4312 hinc
1553 4240 1770 4328 mittebatur,

158 4357 270 4432 dilata.
310 4359 460 4431 Senatus
490 4356 618 4430 deinde
649 4379 726 4428 cum
755 4354 871 4449 legato
901 4355 1000 4450 regio
1025 4364 1191 4452 exceptus
1218 4361 1392 4434 convivio.
1426 4363 1672 4460 Sumptuosius
1701 4373 1774 4436 tum
1800 4365 1884 4453 couvi

158 4489 321 4555 extructae
337 4503 471 4554 mensae
497 4480 794 4575 epulisvasisque
813 4480 943 4564 aureis,
960 4503 1066 4578 quam
1082 4506 1233 4578 unquam
1251 4494 1333 4558 ante
1360 4488 1581 4561 Moscovitici
1611 4512 1775 4585 proceres
1799 4455 1872 4494 vrum

157 4608 402 4682 meminissent.
421 4605 585 4678 Convivae
600 4606 683 4679 lecti
701 4605 953 4678 discubuerunt
969 4606 1015 4677 ad
1030 4614 1190 4692 centum;
1207 4607 1309 4700 primi
1331 4609 1423 4682 inter
1441 4634 1501 4684 eos
1519 4622 1621 4686 erant
1637 4613 1775 4687 adoles·

157 4741 268 4808 centes
302 4733 393 4817 duo,
426 4754 448 4804 a
479 4730 623 4826 regibus
644 4730 821 4805 'Poloniae
856 4739 892 4805 et
923 4732 1251 4806 Mscislaviensibus
1283 4735 1430 4810 ducibus
1463 4738 1629 4826 oriundi;
1660 4741 1774 4813 intimi

157 4857 314 4952 deinceps
344 4853 521 4928 consiliari
553 4862 707 4948 septem,
729 4878 816 4949 quos
846 4856 1044 4951 excipiebat
1070 4857 1171 4931 turbe
1193 4857 1388 4930 aulicorum
1413 4863 1624 4955 promiscua.
1655 4865 1696 4935 In
1718 4863 1774 4936 his

158 4979 248 5054 nulla
264 4979 358 5075 apud
377 5001 438 5052 eos
464 4979 646 5072 dignitatis
666 4981 817 5054 habetur
834 4983 944 5068 rati03
966 4985 1027 5055 sed
1046 5007 1125 5057 eum
1144 4981 1291 5078 quisque
1307 4984 1423 5058 locum
1450 4989 1597 5073 obtinet,
1619 4990 1678 5084 qui
1709 4990 1774 5063 sibi

156 5103 226 5178 loco
242 5107 333 5178 sorte
343 5103 521 5197 obtigerit.
539 5104 619 5176 Dux
631 5106 706 5200 ipse
724 5131 874 5202 magnus
887 5133 966 5180 cum
984 5107 1058 5180 filio
1074 5108 1120 5179 ad
1138 5116 1340 5202 separatum
1358 5099 1545 5186 stibadium
1557 5138 1579 5189 o
1593 5117 1774 5212 superiore

1611 5240 1642 5294 ra
