4948 6654
661 803 723 868 218
1052 804 1328 864 LlTUANlCARUM
1351 802 1564 864 soclurhrls
1584 805 1670 865 rusb
1694 805 1949 866 fflsroumuum

666 993 780 1067 cultor
820 994 1003 1068 Societatis
1044 979 1367 1087 diligentissimus;
1404 986 1655 1084 episcopalium
1691 988 1862 1060 bonorum
1906 991 2087 1083 generalis
2115 995 2295 1066 oeconomi

666 1116 791 1191 officiis
808 1141 920 1190 annos
938 1118 1057 1213 plures
1091 1139 1328 1210 magnacum
1360 1113 1465 1186 laude
1496 1112 1655 1198 functus;
1689 1113 1795 1208 paulo
1826 1119 1922 1200 ante,
1956 1138 2061 1209 quam
2081 1117 2296 1192 excessisset

667 1243 789 1327 evita,
811 1242 951 1313 domum
964 1248 1135 1325 nostram,
1164 1247 1331 1333 tanquam
1359 1239 1394 1310 in
1424 1237 1653 1332 tranquillam
1682 1241 1884 1326 stationem,
1920 1265 1958 1316 se
1984 1243 2165 1319 intulerat.
2194 1246 2295 1320 Nihil

665 1366 820 1440 moribus
832 1364 985 1438 hominis
1003 1364 1229 1448 commodius,
1250 1362 1339 1433 nihil
1353 1363 1485 1457 pietate
1503 1384 1568 1434 sua
1592 1363 1628 1434 in
1660 1365 1755 1436 omni
1776 1365 1919 1438 civitate
1940 1367 2123 1442 illustrius.
2146 1369 2204 1442 Sic
2235 1370 2296 1444 ille

662 1499 776 1565 totum
799 1513 837 1563 se
863 1489 908 1560 ad
931 1486 1118 1561 Societatis
1142 1487 1341 1559 institutum
1360 1485 1530 1582 fingebat,
1548 1495 1599 1572 ut,
1617 1487 1648 1559 si
1674 1467 1839 1562 vestitum
1862 1491 2043 1586 exciperes
2063 1492 2192 1589 ipsum,
2207 1493 2296 1570 nihil

553 1707 567 1734 ἢ
663 1616 737 1688 1000
763 1623 869 1698 00001,
887 1611 1072 1708 quominus
1101 1635 1165 1706 pro
1188 1635 1259 1682 000
1286 1609 1330 1682 de
1351 1610 1509 1706 Collegio
1524 1611 1707 1684 Sociorum
1730 1613 1820 1687 bene
1846 1624 2062 1688 moratorum
2088 1618 2291 1692 haberetur.

490 1740 561 1844 aa}
714 1741 775 1813 De.
792 1746 884 1812 coetu
898 1740 1083 1834 juvenum,
1100 1737 1159 1831 qui
1184 1736 1252 1808 hoc
1279 1755 1372 1808 anno
1401 1735 1437 1805 in
1465 1735 1650 1831 gymnasio
1669 1736 1957 1833 Brunsbergensi
1975 1739 2119 1836 operam
2146 1741 2293 1830 dabant,

489 1871 591 1963 adolos-
617 1950 624 1964 ·
665 1871 811 1957 quatuor
830 1861 1040 1934 nobilissimi
1055 1862 1091 1933 in
1110 1860 1322 1933 Societatem
1341 1881 1380 1932 se
1393 1866 1651 1954 aggregarunt.
1679 1861 1795 1934 Unius
1813 1863 1906 1936 inter
1933 1887 1993 1936 000
2024 1865 2138 1937 virtus
2170 1866 2298 1939 enituit

489 1956 639 2100 ffimssrss
663 1988 851 2084 praecipue.
891 1985 1030 2058 Nomen
1072 1983 1307 2056 adolescentis
1337 1982 1478 2055 silentio
1508 1983 1740 2077 praeteritum,
1773 1984 1911 2057 facinus
1940 1987 2069 2059 annuis
2105 1989 2296 2083 provinciae

489 2113 606 2168 societa·
661 2112 790 2185 litteris
807 2109 1001 2184 laudatum.
1024 2108 1214 2181 Catholicis
1243 2107 1317 2193 1110,
1349 2107 1594 2202 nobilibusque
1624 2109 1660 2180 in
1687 2109 1806 2182 Scotia
1836 2118 1942 2182 natus
1973 2113 2191 2207 parentibus,
2216 2136 2296 2186 cum

489 2194 553 2248 ω’
660 2237 698 2310 10
715 2235 790 2308 0010
802 2233 924 2329 Ι001010
943 2256 1072 2304 annum
1086 2233 1163 2327 jam
1181 2239 1346 2326 quartum
1365 2254 1474 2326 supra
1491 2230 1652 2326 decimun
1670 2241 1809 2328 ageret,
1832 2234 1970 2319 accidit,
2000 2243 2039 2306 ut
2057 2237 2257 2310 sacerdotes
2275 2261 2296 2312 e

661 2362 750 2435 lesu
769 2360 945 2433 Societate
959 2357 1106 2452 aliquot,
1122 2356 1284 2430 homines
1302 2379 1413 2451 puero
1431 2379 1604 2451 nusquam
1624 2356 1701 2441 visi,
1724 2356 1865 2430 domum
1879 2366 2064 2454 paternam
2087 2361 2292 2437 inviserent.

665 2484 930 2578 Contemplatus
948 2482 1126 2575 hospitum
1140 2468 1260 2556 ¹vultus
1280 2488 1315 2552 et
1332 2502 1448 2553 mores
1461 2481 1616 2576 juvenis,
1638 2480 1789 2576 primum
1818 2480 1988 2555 admirari
2019 2481 2147 2558 deinde
2178 2507 2296 2560 amare

662 2611 748 2684 istos
766 2609 937 2705 hospites,
954 2614 990 2680 et
1011 2601 1150 2681 curiose
1167 2629 1342 2702 quaerere,
1363 2606 1457 2680 unde
1474 2608 1564 2680 istuc
1593 2606 1697 2693 foret,
1733 2614 1767 2680 01
1797 2609 1890 2703 quod
1920 2615 1993 2682 tam
2009 2609 2155 2705 elegans
2184 2610 2296 2684 homi·

663 2761 747 2810 num
771 2757 897 2831 genus.
918 2733 1052 2806 Doctus
1070 2731 1092 2803 J
1095 2730 1226 2804 esuitas
1241 2753 1332 2816 0000,
1353 2730 1595 2827 negotiatores
1614 2753 1740 2826 nempe
1766 2731 1984 2826 magnarius,
2000 2731 2113 2826 ipsius
2129 2734 2297 2808 humanae

663 2861 789 2934 salutis
814 2859 973 2956 cupidos,
1007 2858 1066 2953 qui
1094 2857 1201 2952 hujus
1232 2857 1284 2929 rei
1314 2879 1423 2929 causa
1452 2856 1573 2929 orbem
1606 2863 1784 2928 terrarum
1817 2866 2059 2952 pervagentur
2082 2884 2102 2931 :2
2124 2858 2183 2954 qui
2196 2865 2297 2934 trans

662 2984 777 3056 maria
792 2988 963 3068 currant;
984 2979 1188 3076 nullumque
1206 2979 1406 3064 discrimen,
1428 2980 1504 3075 ejus
1523 2978 1633 3074 ipsius
1651 2979 1704 3050 rei
1731 2979 1861 3065 studio,
1878 2978 2075 3075 defugiant.
2108 2981 2174 3054 His
2200 3006 2295 3056 nunc

662 3106 739 3201 ipse
752 3105 783 3178 si
800 3127 929 3178 venum
944 3105 999 3176 ire
1029 3103 1127 3189 velit,
1156 3102 1246 3175 nihil
1264 3124 1343 3176 esse
1373 3100 1530 3196 negotii;
1558 3100 1663 3174 facile
1688 3125 1727 3175 se
1757 3126 1906 3198 puerum
1931 3105 2149 3180 vendituros.
2181 3091 2300 3182 Haesit

546 3255 550 3264 ·
663 3230 815 3326 primum
833 3227 880 3300 ad
897 3229 975 3301 haec
992 3227 1068 3313 ille,
1089 3227 1298 3301 deliberanti
1315 3226 1441 3300 similis
1458 3253 1466 3311 ;
1487 3248 1569 3298 mox
1587 3249 1626 3300 00
1644 3226 1812 3301 Patribus
1825 3227 1937 3302 tradit
1952 3228 2068 3316 ultro;
2097 3255 2172 3305 000
2199 3233 2301 3308 dein-

664 3375 747 3451 ceps
767 3353 956 3427 Societatis
982 3361 1076 3426 totus
1106 3377 1173 3425 usu
1200 3359 1236 3424 et
1261 3352 1436 3446 mancipio
1470 3351 1608 3422 futurus
1639 3356 1674 3422 01
1692 3350 1832 3440 trunto.
1858 3349 1930 3424 Sed
1958 3352 2034 3447 ejus
2061 3354 2198 3428 consilii
2227 3365 2302 3431 tam

633 3477 637 3486 ’
663 3476 769 3549 calidi
793 3462 927 3550 fructus
954 3476 1193 3573 expectandus
1212 3483 1302 3561 erat,
1320 3473 1403 3545 dum
1422 3473 1498 3567 ipse
1520 3494 1599 3544 cum
1617 3479 1723 3544 aetate
1740 3473 1875 3568 pariter
1893 3482 2158 3550 maturesceret.
2177 3473 2303 3576 ltaque

664 3606 754 3677 bene
771 3603 891 3677 valere
903 3605 1041 3700 jussus,
1062 3605 1225 3699 domique
1243 3603 1417 3697 tantisper
1430 3599 1625 3695 quiescere.
1647 3598 1713 3671 Ille
1731 3600 1898 3696 deinceps
1917 3603 2051 3697 majore
2069 3604 2106 3676 in
2122 3603 2198 3679 dies
2222 3608 2285 3702 agi

664 3731 818 3826 angique
836 3729 1023 3803 Societatis
1040 3730 1226 3803 desiderio.
1249 3731 1379 3809 Quinto
1395 3729 1478 3803 inde
1496 3751 1603 3813 anno,
1622 3750 1792 3801 concessu
1814 3737 2013 3823 parentum,
2031 3731 2300 3830 Brunsbergam

651 3861 703 3928 'se
722 3854 869 3949 appulit.
892 3852 998 3939 Hinc,
1024 3854 1145 3926 nescio
1172 3877 1235 3925 cur
1259 3877 1332 3926 000
1352 3860 1529 3946 00000100,
1562 3852 1714 3925 Romam
1744 3874 1855 3946 usque
1885 3854 1995 3948 pedes
2015 3856 2175 3950 vestigiis
2188 3859 2293 3931 Beati

667 3979 838 4053 Stanislai
854 3977 1023 4073 perrexit.
1056 3977 1140 4050 Voti
1156 3977 1306 4072 denique
1328 4001 1483 4073 compos,
1504 3977 1588 4073 quid
1618 3977 1743 4071 egerit,
1776 3977 1812 4048 in
1839 3976 2020 4050 Varmiam
2053 4003 2099 4052 an
2131 4005 2231 4054 suam
2257 3983 2297 4054 in

668 4103 823 4176 Scotiam
857 4099 1013 4186 redierit,
1047 4101 1082 4171 in
1114 4101 1348 4175 monumentis
1380 4102 1469 4174 nihil
1502 4102 1656 4173 invenio.
1671 4161 1676 4172 .
1690 4100 1891 4180 Haeresium
1921 4103 2083 4198 magistri
2117 4106 2154 4178 in
2182 4105 2303 4178 Dania

559 4285 590 4340 31
670 4227 810 4301 scholas
828 4223 1057 4298 inVarmiam
1075 4249 1159 4298 suas
1177 4249 1256 4297 cum
1273 4226 1389 4320 patria
1406 4226 1528 4298 sobole
1545 4224 1731 4297 transferri
1749 4245 1821 4294 non
1837 4223 2019 4312 ferebant;
2036 4249 2141 4322 quam
2160 4227 2205 4299 ob
2223 4251 2302 4300 rem

498 4365 645 4457 00010000
671 4352 770 4424 falsis
800 4351 907 4423 etiam
932 4349 1139 4422 criminibus
1171 4351 1294 4424 Socios
1319 4350 1418 4424 ibant
1448 4358 1700 4446 oppugnatum.
1731 4349 1913 4424 Adversus
1944 4375 2006 4425 eos
2026 4353 2304 4427 calumniatores

496 4446 641 4580 {2¹55ssssss
675 4477 823 4549 emissus
853 4499 873 4549 e
899 4476 1051 4570 collegio
1080 4475 1366 4572 Brunsbergensi
1392 4467 1637 4572 apologeticus
1664 4475 1817 4560 libellus,
1838 4478 2043 4571 proceribus
2059 4479 2301 4553 Daniaededi·

496 4541 641 4734 ctplrppnii-
673 4611 786 4674 catus.
807 4602 848 4672 In
867 4601 960 4674 hunc
977 4602 1068 4714 forte
1085 4602 1209 4675 incidit
1226 4625 1288 4676 rex
1302 4602 1431 4696 gentis.
1455 4599 1560 4694 Legit
1579 4599 1730 4672 curiose.
1764 4597 2014 4695 Indignissime
2038 4600 2163 4674 tulisse
2187 4601 2306 4674 fertur

568 4719 574 4733 '
673 4748 816 4796 suorum
829 4724 1058 4820 petulantiam
1081 4752 1089 4797 :
1111 4727 1194 4821 quin
1209 4728 1323 4798 edicto
1337 4726 1443 4798 etiam
1458 4723 1606 4808 cavisse,
1635 4745 1680 4795 ne
1705 4723 1768 4795 ulli
1786 4745 1930 4795 suorum
1944 4723 2068 4798 liceret
2093 4747 2171 4798 esse
2194 4724 2306 4797 dein-

673 4870 755 4943 ceps
769 4848 1026 4943 impunitoequi
1039 4849 1061 4921 J
1065 4850 1195 4922 esuitas
1210 4851 1339 4945 scripto
1349 4849 1489 4922 dictove
1501 4847 1660 4933 violarit;
1676 4848 1789 4942 ajens‚
1802 4847 2038 4921 adhibendam
2047 4870 2125 4922 esse
2134 4871 2306 4923 reveren·

673 4974 757 5046 tiam
772 4995 860 5067 erga
872 4973 1053 5059 homines;
1071 4998 1158 5069 quos
1172 4976 1222 5048 ita
1236 4977 1350 5071 pietas
1366 4983 1400 5049 et
1414 4975 1573 5048 doctrina
1587 4977 1862 5051 commendaret.

718 5095 877 5168 Exeunte
891 5097 967 5192 jam
986 5119 1092 5183 anno,
1114 5097 1239 5172 diebus
1257 5097 1411 5171 adventu
1429 5098 1562 5172 Christi
1579 5099 1702 5185 sacris,
1722 5100 1745 5173 J
1749 5099 1914 5174 ubilaeum
1946 5125 2114 5174 concessu
2144 5103 2249 5176 Pauli
2267 5107 2307 5177 V

670 5222 704 5293 10
726 5215 877 5293 Ρο10010
892 5220 1115 5293 celebratum.
1138 5223 1231 5295 Dum
1249 5223 1345 5296 Socii
1361 5243 1475 5318 pagos
1493 5222 1611 5293 visunt
1624 5223 1825 5296 hortatores
1843 5223 1957 5318 plebis
1975 5222 2021 5296 ad
2037 5224 2301 5319 poenitentiam,
