<?xml version="1.0" encoding="UTF-8"?>
<!DOCTYPE html PUBLIC "-//W3C//DTD XHTML 1.0 Transitional//EN"
    "http://www.w3.org/TR/xhtml1/DTD/xhtml1-transitional.dtd">
<html xmlns="http://www.w3.org/1999/xhtml" xml:lang="en" lang="en">
 <head>
  <title>
</title>
<meta http-equiv="Content-Type" content="text/html;charset=utf-8" />
  <meta name='ocr-system' content='tesseract 3.04.00' />
  <meta name='ocr-capabilities' content='ocr_page ocr_carea ocr_par ocr_line ocrx_word'/>
</head>
<body>
  <div class='ocr_page' id='page_1' title='image "./lituanicarumsoc00rostgoog_0315.png"; bbox 0 0 4930 6634; ppageno 0'>
   <div class='ocr_carea' id='block_1_1' title="bbox 371 1888 625 1962">
    <p class='ocr_par' dir='ltr' id='par_1_1' title="bbox 371 1888 625 1962">
     <span class='ocr_line' id='line_1_1' title="bbox 371 1888 625 1962; baseline -0.012 -20"><span class='ocrx_word' id='word_1_1' title='bbox 371 1957 374 1962; x_wconf 23' lang='grc' dir='ltr'>Ι</span> <span class='ocrx_word' id='word_1_2' title='bbox 479 1888 625 1959; x_wconf 82' lang='lat' dir='ltr'>pelluntur.</span> 
     </span>
    </p>
   </div>
   <div class='ocr_carea' id='block_1_2' title="bbox 648 741 1905 810">
    <p class='ocr_par' dir='ltr' id='par_1_2' title="bbox 648 741 1905 810">
     <span class='ocr_line' id='line_1_2' title="bbox 648 741 1905 810; baseline -0.005 0"><span class='ocrx_word' id='word_1_3' title='bbox 648 741 708 810; x_wconf 83' lang='lat'>288</span> <span class='ocrx_word' id='word_1_4' title='bbox 1015 744 1290 809; x_wconf 73' lang='lat' dir='ltr'>LlTUANlCdRUbl</span> <span class='ocrx_word' id='word_1_5' title='bbox 1313 743 1525 805; x_wconf 73' lang='lat' dir='ltr'>soclerlrls</span> <span class='ocrx_word' id='word_1_6' title='bbox 1545 745 1631 806; x_wconf 85' lang='lat' dir='ltr'>JESU</span> <span class='ocrx_word' id='word_1_7' title='bbox 1655 745 1905 808; x_wconf 80' lang='lat' dir='ltr'>lllSTORlAllUll</span> 
     </span>
    </p>
   </div>
   <div class='ocr_carea' id='block_1_3' title="bbox 476 928 2281 1162">
    <p class='ocr_par' dir='ltr' id='par_1_3' title="bbox 476 928 2281 1162">
     <span class='ocr_line' id='line_1_3' title="bbox 480 928 2274 1032; baseline -0.001 -26"><span class='ocrx_word' id='word_1_8' title='bbox 480 938 543 993; x_wconf 81' lang='lat'>1630</span> <span class='ocrx_word' id='word_1_9' title='bbox 650 956 733 1004; x_wconf 92' lang='lat' dir='ltr'>nam</span> <span class='ocrx_word' id='word_1_10' title='bbox 758 931 1019 1027; x_wconf 82' lang='lat' dir='ltr'><strong>implorantium</strong></span> <span class='ocrx_word' id='word_1_11' title='bbox 1037 933 1183 1006; x_wconf 88' lang='lat' dir='ltr'>vocibus</span> <span class='ocrx_word' id='word_1_12' title='bbox 1209 932 1320 1032; x_wconf 85' lang='lat' dir='ltr'>sylvae</span> <span class='ocrx_word' id='word_1_13' title='bbox 1351 939 1385 1003; x_wconf 88' lang='lat' dir='ltr'>et</span> <span class='ocrx_word' id='word_1_14' title='bbox 1413 931 1623 1024; x_wconf 85' lang='lat' dir='ltr'>confragosa</span> <span class='ocrx_word' id='word_1_15' title='bbox 1647 929 1725 1001; x_wconf 91' lang='lat' dir='ltr'>loca</span> <span class='ocrx_word' id='word_1_16' title='bbox 1747 928 1998 1002; x_wconf 83' lang='lat' dir='ltr'>miserabiliter</span> <span class='ocrx_word' id='word_1_17' title='bbox 2023 931 2274 1024; x_wconf 83' lang='lat' dir='ltr'>personabant.</span> 
     </span>
     <span class='ocr_line' id='line_1_4' title="bbox 476 1017 2281 1162; baseline -0.003 -31"><span class='ocrx_word' id='word_1_18' title='bbox 476 1017 618 1162; x_wconf 37' lang='grc' dir='ltr'>δωρεὴ</span> <span class='ocrx_word' id='word_1_19' title='bbox 649 1056 814 1128; x_wconf 90' lang='lat' dir='ltr'>Valuisse</span> <span class='ocrx_word' id='word_1_20' title='bbox 831 1077 954 1151; x_wconf 81' lang='lat' dir='ltr'>preces</span> <span class='ocrx_word' id='word_1_21' title='bbox 980 1056 1076 1151; x_wconf 90' lang='lat' dir='ltr'>apud</span> <span class='ocrx_word' id='word_1_22' title='bbox 1097 1057 1209 1128; x_wconf 89' lang='lat' dir='ltr'>Deum</span> <span class='ocrx_word' id='word_1_23' title='bbox 1229 1081 1312 1130; x_wconf 90' lang='lat' dir='ltr'>snas</span> <span class='ocrx_word' id='word_1_24' title='bbox 1331 1053 1484 1128; x_wconf 91' lang='lat' dir='ltr'>credidit</span> <span class='ocrx_word' id='word_1_25' title='bbox 1502 1052 1665 1148; x_wconf 91' lang='lat' dir='ltr'>populus,</span> <span class='ocrx_word' id='word_1_26' title='bbox 1695 1053 1787 1147; x_wconf 84' lang='lat' dir='ltr'>qnod</span> <span class='ocrx_word' id='word_1_27' title='bbox 1811 1062 1847 1126; x_wconf 93' lang='lat' dir='ltr'>et</span> <span class='ocrx_word' id='word_1_28' title='bbox 1867 1033 2069 1149; x_wconf 87' lang='lat' dir='ltr'>pestilentia</span> <span class='ocrx_word' id='word_1_29' title='bbox 2087 1054 2180 1125; x_wconf 91' lang='lat' dir='ltr'>inter</span> <span class='ocrx_word' id='word_1_30' title='bbox 2198 1055 2281 1126; x_wconf 80' lang='lat' dir='ltr'>haec</span> 
     </span>
    </p>
   </div>
   <div class='ocr_carea' id='block_1_4' title="bbox 477 1175 2280 1326">
    <p class='ocr_par' dir='ltr' id='par_1_4' title="bbox 477 1175 2280 1326">
     <span class='ocr_line' id='line_1_5' title="bbox 477 1175 2280 1326; baseline -0.002 -76"><span class='ocrx_word' id='word_1_31' title='bbox 477 1178 578 1326; x_wconf 48' lang='grc' dir='ltr'>ἓξὲξ</span> <span class='ocrx_word' id='word_1_32' title='bbox 597 1180 624 1231; x_wconf 76' lang='lat' dir='ltr'>et</span> <span class='ocrx_word' id='word_1_33' title='bbox 651 1179 749 1264; x_wconf 92' lang='lat' dir='ltr'>abiit,</span> <span class='ocrx_word' id='word_1_34' title='bbox 772 1186 807 1252; x_wconf 93' lang='lat' dir='ltr'>et</span> <span class='ocrx_word' id='word_1_35' title='bbox 824 1179 934 1251; x_wconf 91' lang='lat' dir='ltr'>bostis</span> <span class='ocrx_word' id='word_1_36' title='bbox 954 1179 1071 1251; x_wconf 92' lang='lat' dir='ltr'>multis</span> <span class='ocrx_word' id='word_1_37' title='bbox 1092 1179 1191 1264; x_wconf 91' lang='lat' dir='ltr'>locis,</span> <span class='ocrx_word' id='word_1_38' title='bbox 1218 1181 1313 1276; x_wconf 87' lang='lat' dir='ltr'>apud</span> <span class='ocrx_word' id='word_1_39' title='bbox 1334 1177 1543 1272; x_wconf 83' lang='lat' dir='ltr'>Trzcianam</span> <span class='ocrx_word' id='word_1_40' title='bbox 1568 1177 1719 1248; x_wconf 80' lang='lat' dir='ltr'>maxime</span> <span class='ocrx_word' id='word_1_41' title='bbox 1746 1182 1781 1246; x_wconf 92' lang='lat' dir='ltr'>et</span> <span class='ocrx_word' id='word_1_42' title='bbox 1805 1175 1979 1258; x_wconf 74' lang='lat' dir='ltr'>smmum,</span> <span class='ocrx_word' id='word_1_43' title='bbox 2013 1198 2036 1246; x_wconf 89' lang='lat' dir='ltr'>a</span> <span class='ocrx_word' id='word_1_44' title='bbox 2059 1175 2280 1248; x_wconf 75' lang='lat' dir='ltr'>nostratibus</span> 
     </span>
    </p>
   </div>
   <div class='ocr_carea' id='block_1_5' title="bbox 476 1291 2276 1404">
    <p class='ocr_par' dir='ltr' id='par_1_5' title="bbox 476 1291 2276 1404">
     <span class='ocr_line' id='line_1_6' title="bbox 476 1291 2276 1404; baseline -0.001 -29"><span class='ocrx_word' id='word_1_45' title='bbox 476 1335 605 1404; x_wconf 78' lang='lat' dir='ltr'>supplica·</span> <span class='ocrx_word' id='word_1_46' title='bbox 650 1325 777 1385; x_wconf 89' lang='lat' dir='ltr'>caesus,</span> <span class='ocrx_word' id='word_1_47' title='bbox 793 1301 952 1373; x_wconf 89' lang='lat' dir='ltr'>inducias</span> <span class='ocrx_word' id='word_1_48' title='bbox 961 1301 996 1372; x_wconf 90' lang='lat' dir='ltr'>in</span> <span class='ocrx_word' id='word_1_49' title='bbox 1010 1302 1285 1398; x_wconf 88' lang='lat' dir='ltr'>quinquennium</span> <span class='ocrx_word' id='word_1_50' title='bbox 1299 1310 1422 1399; x_wconf 88' lang='lat' dir='ltr'>pactus</span> <span class='ocrx_word' id='word_1_51' title='bbox 1436 1311 1501 1374; x_wconf 88' lang='lat' dir='ltr'>est.</span> <span class='ocrx_word' id='word_1_52' title='bbox 1518 1291 1660 1373; x_wconf 85' lang='lat' dir='ltr'>Tartari</span> <span class='ocrx_word' id='word_1_53' title='bbox 1673 1324 1824 1397; x_wconf 91' lang='lat' dir='ltr'>quoque,</span> <span class='ocrx_word' id='word_1_54' title='bbox 1842 1301 1902 1395; x_wconf 90' lang='lat' dir='ltr'>qui</span> <span class='ocrx_word' id='word_1_55' title='bbox 1915 1308 2124 1396; x_wconf 87' lang='lat' dir='ltr'>tempestate</span> <span class='ocrx_word' id='word_1_56' title='bbox 2139 1301 2276 1388; x_wconf 87' lang='lat' dir='ltr'>eadem,</span> 
     </span>
    </p>
   </div>
   <div class='ocr_carea' id='block_1_6' title="bbox 476 1411 2281 1550">
    <p class='ocr_par' dir='ltr' id='par_1_6' title="bbox 476 1411 2281 1550">
     <span class='ocr_line' id='line_1_7' title="bbox 476 1411 2281 1550; baseline 0.002 -56"><span class='ocrx_word' id='word_1_57' title='bbox 476 1411 623 1550; x_wconf 38' lang='lat' dir='ltr'>mm·</span> <span class='ocrx_word' id='word_1_58' title='bbox 650 1424 796 1497; x_wconf 89' lang='lat' dir='ltr'>ducibus</span> <span class='ocrx_word' id='word_1_59' title='bbox 814 1422 929 1518; x_wconf 87' lang='lat' dir='ltr'>Galga</span> <span class='ocrx_word' id='word_1_60' title='bbox 947 1432 982 1495; x_wconf 90' lang='lat' dir='ltr'>et</span> <span class='ocrx_word' id='word_1_61' title='bbox 1003 1425 1208 1511; x_wconf 84' lang='lat' dir='ltr'>Cantimiro,</span> <span class='ocrx_word' id='word_1_62' title='bbox 1230 1428 1416 1522; x_wconf 85' lang='lat' dir='ltr'>sexaginta</span> <span class='ocrx_word' id='word_1_63' title='bbox 1445 1424 1594 1519; x_wconf 89' lang='lat' dir='ltr'>amplius</span> <span class='ocrx_word' id='word_1_64' title='bbox 1611 1425 1815 1497; x_wconf 89' lang='lat' dir='ltr'>immanium</span> <span class='ocrx_word' id='word_1_65' title='bbox 1828 1424 1982 1496; x_wconf 92' lang='lat' dir='ltr'>bostium</span> <span class='ocrx_word' id='word_1_66' title='bbox 1995 1424 2118 1510; x_wconf 92' lang='lat' dir='ltr'>millia,</span> <span class='ocrx_word' id='word_1_67' title='bbox 2134 1425 2171 1496; x_wconf 93' lang='lat' dir='ltr'>in</span> <span class='ocrx_word' id='word_1_68' title='bbox 2185 1425 2281 1497; x_wconf 87' lang='lat' dir='ltr'>Rus·</span> 
     </span>
    </p>
   </div>
   <div class='ocr_carea' id='block_1_7' title="bbox 391 1546 2395 5121">
    <p class='ocr_par' dir='ltr' id='par_1_7' title="bbox 477 1546 2395 1893">
     <span class='ocr_line' id='line_1_8' title="bbox 477 1546 2281 1647; baseline 0.003 -30"><span class='ocrx_word' id='word_1_69' title='bbox 477 1573 548 1627; x_wconf 80' lang='lat' dir='ltr'>vent.</span> <span class='ocrx_word' id='word_1_70' title='bbox 651 1548 739 1618; x_wconf 86' lang='lat' dir='ltr'>siam</span> <span class='ocrx_word' id='word_1_71' title='bbox 758 1546 963 1618; x_wconf 88' lang='lat' dir='ltr'>Polonicam</span> <span class='ocrx_word' id='word_1_72' title='bbox 980 1547 1193 1643; x_wconf 86' lang='lat' dir='ltr'>irruperant,</span> <span class='ocrx_word' id='word_1_73' title='bbox 1205 1552 1351 1646; x_wconf 89' lang='lat' dir='ltr'>jamque</span> <span class='ocrx_word' id='word_1_74' title='bbox 1370 1551 1530 1647; x_wconf 82' lang='lat' dir='ltr'>proxima</span> <span class='ocrx_word' id='word_1_75' title='bbox 1547 1549 1698 1623; x_wconf 87' lang='lat' dir='ltr'>Socaliae</span> <span class='ocrx_word' id='word_1_76' title='bbox 1716 1550 1796 1623; x_wconf 89' lang='lat' dir='ltr'>loca</span> <span class='ocrx_word' id='word_1_77' title='bbox 1813 1551 1943 1623; x_wconf 85' lang='lat' dir='ltr'>foedum</span> <span class='ocrx_word' id='word_1_78' title='bbox 1963 1551 2001 1622; x_wconf 93' lang='lat' dir='ltr'>in</span> <span class='ocrx_word' id='word_1_79' title='bbox 2019 1550 2162 1623; x_wconf 91' lang='lat' dir='ltr'>modum</span> <span class='ocrx_word' id='word_1_80' title='bbox 2180 1573 2281 1624; x_wconf 84' lang='lat' dir='ltr'>evas·</span> 
     </span>
     <span class='ocr_line' id='line_1_9' title="bbox 478 1653 2395 1786; baseline 0.003 -45"><span class='ocrx_word' id='word_1_81' title='bbox 478 1653 582 1786; x_wconf 53' lang='lat' dir='ltr'>carisii</span> <span class='ocrx_word' id='word_1_82' title='bbox 650 1677 781 1756; x_wconf 83' lang='lat' dir='ltr'>tarent,</span> <span class='ocrx_word' id='word_1_83' title='bbox 807 1693 830 1741; x_wconf 91' lang='lat' dir='ltr'>a</span> <span class='ocrx_word' id='word_1_84' title='bbox 852 1670 1026 1744; x_wconf 86' lang='lat' dir='ltr'>Stanislao</span> <span class='ocrx_word' id='word_1_85' title='bbox 1046 1672 1294 1746; x_wconf 90' lang='lat' dir='ltr'>Lnbomirskio</span> <span class='ocrx_word' id='word_1_86' title='bbox 1312 1674 1468 1770; x_wconf 87' lang='lat' dir='ltr'>palatino</span> <span class='ocrx_word' id='word_1_87' title='bbox 1493 1674 1649 1756; x_wconf 77' lang='lat' dir='ltr'>Bursian,</span> <span class='ocrx_word' id='word_1_88' title='bbox 1667 1683 1702 1746; x_wconf 91' lang='lat' dir='ltr'>et</span> <span class='ocrx_word' id='word_1_89' title='bbox 1718 1673 1897 1747; x_wconf 84' lang='lat' dir='ltr'>Stanislao</span> <span class='ocrx_word' id='word_1_90' title='bbox 1922 1674 2175 1761; x_wconf 84' lang='lat' dir='ltr'>Cbmieleclrio,</span> <span class='ocrx_word' id='word_1_91' title='bbox 2195 1697 2280 1778; x_wconf 87' lang='lat' dir='ltr'>pars</span> <span class='ocrx_word' id='word_1_92' title='bbox 2390 1715 2395 1722; x_wconf 93' lang='lat'><strong>·</strong></span> 
     </span>
     <span class='ocr_line' id='line_1_10' title="bbox 479 1793 2098 1893; baseline 0.006 -28"><span class='ocrx_word' id='word_1_93' title='bbox 479 1811 568 1865; x_wconf 73' lang='lat' dir='ltr'>hostes</span> <span class='ocrx_word' id='word_1_94' title='bbox 582 1807 626 1862; x_wconf 81' lang='lat' dir='ltr'>de·</span> <span class='ocrx_word' id='word_1_95' title='bbox 651 1793 732 1878; x_wconf 87' lang='lat' dir='ltr'>fusi,</span> <span class='ocrx_word' id='word_1_96' title='bbox 758 1817 840 1889; x_wconf 90' lang='lat' dir='ltr'>pars</span> <span class='ocrx_word' id='word_1_97' title='bbox 858 1794 963 1888; x_wconf 88' lang='lat' dir='ltr'>capti,</span> <span class='ocrx_word' id='word_1_98' title='bbox 986 1817 1069 1889; x_wconf 91' lang='lat' dir='ltr'>pars</span> <span class='ocrx_word' id='word_1_99' title='bbox 1086 1795 1123 1866; x_wconf 90' lang='lat' dir='ltr'>in</span> <span class='ocrx_word' id='word_1_100' title='bbox 1137 1819 1201 1868; x_wconf 90' lang='lat' dir='ltr'>sua</span> <span class='ocrx_word' id='word_1_101' title='bbox 1215 1797 1343 1870; x_wconf 89' lang='lat' dir='ltr'>cubilia</span> <span class='ocrx_word' id='word_1_102' title='bbox 1356 1799 1490 1893; x_wconf 85' lang='lat' dir='ltr'>rejecti.</span> <span class='ocrx_word' id='word_1_103' title='bbox 2095 1803 2098 1809; x_wconf 83' lang='lat'>&#39;</span> 
     </span>
    </p>

    <p class='ocr_par' dir='ltr' id='par_1_8' title="bbox 399 1919 2282 2513">
     <span class='ocr_line' id='line_1_11' title="bbox 536 1919 2278 2030; baseline 0.003 -41"><span class='ocrx_word' id='word_1_104' title='bbox 536 1979 569 2030; x_wconf 68' lang='lat'>43</span> <span class='ocrx_word' id='word_1_105' title='bbox 703 1920 912 2012; x_wconf 86' lang='lat' dir='ltr'>insequente</span> <span class='ocrx_word' id='word_1_106' title='bbox 934 1919 1040 1989; x_wconf 90' lang='lat' dir='ltr'>etiam</span> <span class='ocrx_word' id='word_1_107' title='bbox 1057 1943 1149 1991; x_wconf 90' lang='lat' dir='ltr'>anno</span> <span class='ocrx_word' id='word_1_108' title='bbox 1165 1920 1353 1995; x_wconf 88' lang='lat' dir='ltr'>Vilnenses</span> <span class='ocrx_word' id='word_1_109' title='bbox 1375 1923 1468 1996; x_wconf 91' lang='lat' dir='ltr'>Socii</span> <span class='ocrx_word' id='word_1_110' title='bbox 1490 1922 1582 1995; x_wconf 92' lang='lat' dir='ltr'>inter</span> <span class='ocrx_word' id='word_1_111' title='bbox 1599 1922 1724 1992; x_wconf 84' lang='lat' dir='ltr'>ferrera</span> <span class='ocrx_word' id='word_1_112' title='bbox 1746 1921 1992 1994; x_wconf 88' lang='lat' dir='ltr'>versabantur.</span> <span class='ocrx_word' id='word_1_113' title='bbox 2014 1921 2094 2007; x_wconf 84' lang='lat' dir='ltr'>His,</span> <span class='ocrx_word' id='word_1_114' title='bbox 2114 1920 2278 1994; x_wconf 84' lang='lat' dir='ltr'>Caelitum</span> 
     </span>
     <span class='ocr_line' id='line_1_12' title="bbox 480 2031 2281 2148; baseline 0.003 -38"><span class='ocrx_word' id='word_1_115' title='bbox 480 2056 626 2148; x_wconf 63' lang='lat' dir='ltr'>vilnesa-</span> <span class='ocrx_word' id='word_1_116' title='bbox 653 2042 809 2114; x_wconf 91' lang='lat' dir='ltr'>omnium</span> <span class='ocrx_word' id='word_1_117' title='bbox 844 2042 1039 2137; x_wconf 89' lang='lat' dir='ltr'>patrocinia</span> <span class='ocrx_word' id='word_1_118' title='bbox 1062 2044 1342 2140; x_wconf 90' lang='lat' dir='ltr'>implorantibus,</span> <span class='ocrx_word' id='word_1_119' title='bbox 1362 2070 1494 2142; x_wconf 88' lang='lat' dir='ltr'>praeses</span> <span class='ocrx_word' id='word_1_120' title='bbox 1511 2031 1732 2118; x_wconf 89' lang='lat' dir='ltr'>Vilnensium</span> <span class='ocrx_word' id='word_1_121' title='bbox 1754 2043 1929 2138; x_wconf 87' lang='lat' dir='ltr'>palatinus</span> <span class='ocrx_word' id='word_1_122' title='bbox 1947 2045 2019 2119; x_wconf 90' lang='lat' dir='ltr'>Leo</span> <span class='ocrx_word' id='word_1_123' title='bbox 2039 2045 2193 2139; x_wconf 89' lang='lat' dir='ltr'>Sapieba</span> <span class='ocrx_word' id='word_1_124' title='bbox 2207 2045 2281 2118; x_wconf 91' lang='lat' dir='ltr'>cul-</span> 
     </span>
     <span class='ocr_line' id='line_1_13' title="bbox 479 2134 2281 2266; baseline 0.002 -29"><span class='ocrx_word' id='word_1_125' title='bbox 479 2134 626 2266; x_wconf 55' lang='grc' dir='ltr'>Ῑζᾛζῖ</span> <span class='ocrx_word' id='word_1_126' title='bbox 653 2173 726 2238; x_wconf 89' lang='lat' dir='ltr'>tum</span> <span class='ocrx_word' id='word_1_127' title='bbox 750 2165 821 2237; x_wconf 92' lang='lat' dir='ltr'>divi</span> <span class='ocrx_word' id='word_1_128' title='bbox 851 2167 1032 2239; x_wconf 89' lang='lat' dir='ltr'>Bennonis</span> <span class='ocrx_word' id='word_1_129' title='bbox 1054 2169 1208 2263; x_wconf 83' lang='lat' dir='ltr'>episcopi</span> <span class='ocrx_word' id='word_1_130' title='bbox 1230 2170 1339 2264; x_wconf 85' lang='lat' dir='ltr'>(cujus</span> <span class='ocrx_word' id='word_1_131' title='bbox 1357 2169 1432 2264; x_wconf 93' lang='lat' dir='ltr'>ipse</span> <span class='ocrx_word' id='word_1_132' title='bbox 1455 2192 1557 2265; x_wconf 91' lang='lat' dir='ltr'>opem</span> <span class='ocrx_word' id='word_1_133' title='bbox 1583 2173 1749 2262; x_wconf 78' lang='lat' dir='ltr'>expertus</span> <span class='ocrx_word' id='word_1_134' title='bbox 1768 2166 1871 2260; x_wconf 87' lang='lat' dir='ltr'>esset)</span> <span class='ocrx_word' id='word_1_135' title='bbox 1890 2168 2159 2252; x_wconf 89' lang='lat' dir='ltr'>commendavit,</span> <span class='ocrx_word' id='word_1_136' title='bbox 2185 2176 2221 2241; x_wconf 93' lang='lat' dir='ltr'>et</span> <span class='ocrx_word' id='word_1_137' title='bbox 2240 2175 2281 2240; x_wconf 92' lang='lat' dir='ltr'>ut</span> 
     </span>
     <span class='ocr_line' id='line_1_14' title="bbox 399 2287 2280 2390; baseline 0.002 -30"><span class='ocrx_word' id='word_1_138' title='bbox 399 2327 403 2334; x_wconf 95' lang='lat'>·</span> <span class='ocrx_word' id='word_1_139' title='bbox 481 2287 626 2342; x_wconf 73' lang='lat' dir='ltr'>nontam·</span> <span class='ocrx_word' id='word_1_140' title='bbox 653 2313 828 2384; x_wconf 89' lang='lat' dir='ltr'>propenso</span> <span class='ocrx_word' id='word_1_141' title='bbox 846 2297 924 2362; x_wconf 88' lang='lat' dir='ltr'>erat</span> <span class='ocrx_word' id='word_1_142' title='bbox 941 2289 978 2361; x_wconf 90' lang='lat' dir='ltr'>in</span> <span class='ocrx_word' id='word_1_143' title='bbox 1008 2289 1220 2364; x_wconf 87' lang='lat' dir='ltr'>Societatem</span> <span class='ocrx_word' id='word_1_144' title='bbox 1238 2295 1370 2380; x_wconf 90' lang='lat' dir='ltr'>animo,</span> <span class='ocrx_word' id='word_1_145' title='bbox 1390 2295 1497 2390; x_wconf 89' lang='lat' dir='ltr'>hujus</span> <span class='ocrx_word' id='word_1_146' title='bbox 1520 2293 1615 2366; x_wconf 90' lang='lat' dir='ltr'>beati</span> <span class='ocrx_word' id='word_1_147' title='bbox 1633 2290 1797 2386; x_wconf 85' lang='lat' dir='ltr'>effigiem,</span> <span class='ocrx_word' id='word_1_148' title='bbox 1822 2299 1897 2363; x_wconf 89' lang='lat' dir='ltr'>tota</span> <span class='ocrx_word' id='word_1_149' title='bbox 1913 2291 2006 2364; x_wconf 90' lang='lat' dir='ltr'>hanc</span> <span class='ocrx_word' id='word_1_150' title='bbox 2024 2292 2184 2366; x_wconf 90' lang='lat' dir='ltr'>Vilnensi</span> <span class='ocrx_word' id='word_1_151' title='bbox 2197 2293 2280 2365; x_wconf 92' lang='lat' dir='ltr'>civi-</span> 
     </span>
     <span class='ocr_line' id='line_1_15' title="bbox 479 2365 2282 2513; baseline 0.002 -30"><span class='ocrx_word' id='word_1_152' title='bbox 479 2365 612 2421; x_wconf 72' lang='lat' dir='ltr'>neuma.</span> <span class='ocrx_word' id='word_1_153' title='bbox 653 2421 726 2484; x_wconf 86' lang='lat' dir='ltr'>tale</span> <span class='ocrx_word' id='word_1_154' title='bbox 745 2412 958 2498; x_wconf 87' lang='lat' dir='ltr'>celebrante,</span> <span class='ocrx_word' id='word_1_155' title='bbox 980 2414 1210 2508; x_wconf 91' lang='lat' dir='ltr'>supplicantis</span> <span class='ocrx_word' id='word_1_156' title='bbox 1227 2417 1295 2488; x_wconf 89' lang='lat' dir='ltr'>ritu</span> <span class='ocrx_word' id='word_1_157' title='bbox 1315 2419 1361 2490; x_wconf 88' lang='lat' dir='ltr'>ad</span> <span class='ocrx_word' id='word_1_158' title='bbox 1386 2418 1555 2513; x_wconf 90' lang='lat' dir='ltr'>templum</span> <span class='ocrx_word' id='word_1_159' title='bbox 1572 2417 1704 2493; x_wconf 51' lang='lat' dir='ltr'>domus,</span> <span class='ocrx_word' id='word_1_160' title='bbox 1726 2415 1895 2510; x_wconf 83' lang='lat' dir='ltr'>professae</span> <span class='ocrx_word' id='word_1_161' title='bbox 1914 2413 2071 2502; x_wconf 82' lang='lat' dir='ltr'>deduxit,</span> <span class='ocrx_word' id='word_1_162' title='bbox 2092 2416 2199 2511; x_wconf 91' lang='lat' dir='ltr'>inque</span> <span class='ocrx_word' id='word_1_163' title='bbox 2217 2438 2282 2488; x_wconf 89' lang='lat' dir='ltr'>ara</span> 
     </span>
    </p>

    <p class='ocr_par' dir='ltr' id='par_1_9' title="bbox 391 2537 2370 5121">
     <span class='ocr_line' id='line_1_16' title="bbox 655 2537 2282 2633; baseline 0.002 -25"><span class='ocrx_word' id='word_1_164' title='bbox 655 2559 678 2608; x_wconf 88' lang='lat' dir='ltr'>a</span> <span class='ocrx_word' id='word_1_165' title='bbox 710 2557 748 2608; x_wconf 89' lang='lat' dir='ltr'>se</span> <span class='ocrx_word' id='word_1_166' title='bbox 770 2543 975 2633; x_wconf 87' lang='lat' dir='ltr'>constructa</span> <span class='ocrx_word' id='word_1_167' title='bbox 1005 2538 1198 2633; x_wconf 90' lang='lat' dir='ltr'>proposuit.</span> <span class='ocrx_word' id='word_1_168' title='bbox 1231 2539 1365 2612; x_wconf 88' lang='lat' dir='ltr'>Eodem</span> <span class='ocrx_word' id='word_1_169' title='bbox 1391 2539 1508 2612; x_wconf 87' lang='lat' dir='ltr'>claves</span> <span class='ocrx_word' id='word_1_170' title='bbox 1532 2537 1653 2633; x_wconf 90' lang='lat' dir='ltr'>templi</span> <span class='ocrx_word' id='word_1_171' title='bbox 1683 2537 1902 2632; x_wconf 85' lang='lat' dir='ltr'>coenobiique</span> <span class='ocrx_word' id='word_1_172' title='bbox 1927 2539 1984 2610; x_wconf 89' lang='lat' dir='ltr'>sui</span> <span class='ocrx_word' id='word_1_173' title='bbox 2006 2538 2166 2623; x_wconf 90' lang='lat' dir='ltr'>contulit,</span> <span class='ocrx_word' id='word_1_174' title='bbox 2190 2562 2282 2612; x_wconf 88' lang='lat' dir='ltr'>unus</span> 
     </span>
     <span class='ocr_line' id='line_1_17' title="bbox 483 2660 2284 2758; baseline 0.007 -33"><span class='ocrx_word' id='word_1_175' title='bbox 483 2668 631 2725; x_wconf 81' lang='lat' dir='ltr'>Acoenobio</span> <span class='ocrx_word' id='word_1_176' title='bbox 657 2660 811 2733; x_wconf 91' lang='lat' dir='ltr'>omnium</span> <span class='ocrx_word' id='word_1_177' title='bbox 842 2683 862 2733; x_wconf 90' lang='lat' dir='ltr'>e</span> <span class='ocrx_word' id='word_1_178' title='bbox 900 2684 1044 2734; x_wconf 89' lang='lat' dir='ltr'>suorum</span> <span class='ocrx_word' id='word_1_179' title='bbox 1074 2661 1223 2758; x_wconf 84' lang='lat' dir='ltr'>collegio</span> <span class='ocrx_word' id='word_1_180' title='bbox 1244 2671 1436 2758; x_wconf 89' lang='lat' dir='ltr'>superstes,</span> <span class='ocrx_word' id='word_1_181' title='bbox 1466 2663 1632 2736; x_wconf 88' lang='lat' dir='ltr'>sacerdos</span> <span class='ocrx_word' id='word_1_182' title='bbox 1659 2661 1802 2733; x_wconf 90' lang='lat' dir='ltr'>Ordinis</span> <span class='ocrx_word' id='word_1_183' title='bbox 1827 2661 2026 2749; x_wconf 89' lang='lat' dir='ltr'>Carmelici,</span> <span class='ocrx_word' id='word_1_184' title='bbox 2055 2686 2119 2758; x_wconf 90' lang='lat' dir='ltr'>per</span> <span class='ocrx_word' id='word_1_185' title='bbox 2142 2665 2284 2737; x_wconf 88' lang='lat' dir='ltr'>beatam</span> 
     </span>
     <span class='ocr_line' id='line_1_18' title="bbox 479 2752 2282 2886; baseline 0.003 -31"><span class='ocrx_word' id='word_1_186' title='bbox 479 2752 633 2886; x_wconf 47' lang='lat' dir='ltr'>,¹:¹51ti</span> <span class='ocrx_word' id='word_1_187' title='bbox 657 2783 838 2857; x_wconf 79' lang='lat' dir='ltr'>Teresiam</span> <span class='ocrx_word' id='word_1_188' title='bbox 856 2783 1018 2858; x_wconf 90' lang='lat' dir='ltr'>instituti.</span> <span class='ocrx_word' id='word_1_189' title='bbox 1045 2787 1125 2881; x_wconf 91' lang='lat' dir='ltr'>lpse</span> <span class='ocrx_word' id='word_1_190' title='bbox 1151 2809 1290 2881; x_wconf 90' lang='lat' dir='ltr'>quoque</span> <span class='ocrx_word' id='word_1_191' title='bbox 1312 2811 1421 2882; x_wconf 83' lang='lat' dir='ltr'>aeger,</span> <span class='ocrx_word' id='word_1_192' title='bbox 1447 2809 1489 2886; x_wconf 85' lang='lat' dir='ltr'>ac</span> <span class='ocrx_word' id='word_1_193' title='bbox 1512 2786 1716 2882; x_wconf 91' lang='lat' dir='ltr'>propediem</span> <span class='ocrx_word' id='word_1_194' title='bbox 1738 2793 1991 2858; x_wconf 88' lang='lat' dir='ltr'>consecuturus</span> <span class='ocrx_word' id='word_1_195' title='bbox 2009 2787 2210 2862; x_wconf 88' lang='lat' dir='ltr'>demortuos</span> <span class='ocrx_word' id='word_1_196' title='bbox 2227 2812 2282 2861; x_wconf 91' lang='lat' dir='ltr'>so·</span> 
     </span>
     <span class='ocr_line' id='line_1_19' title="bbox 480 2905 2280 3006; baseline 0.004 -29"><span class='ocrx_word' id='word_1_197' title='bbox 480 2925 511 2965; x_wconf 78' lang='lat'>0¹</span> <span class='ocrx_word' id='word_1_198' title='bbox 538 2910 635 2965; x_wconf 71' lang='lat' dir='ltr'>mnam</span> <span class='ocrx_word' id='word_1_199' title='bbox 658 2907 757 2980; x_wconf 89' lang='lat' dir='ltr'>dales</span> <span class='ocrx_word' id='word_1_200' title='bbox 777 2929 873 2992; x_wconf 91' lang='lat' dir='ltr'>suos,</span> <span class='ocrx_word' id='word_1_201' title='bbox 904 2905 998 2980; x_wconf 84' lang='lat' dir='ltr'>curae</span> <span class='ocrx_word' id='word_1_202' title='bbox 1011 2909 1195 2983; x_wconf 84' lang='lat' dir='ltr'>Sociorum</span> <span class='ocrx_word' id='word_1_203' title='bbox 1224 2918 1425 2985; x_wconf 90' lang='lat' dir='ltr'>nostrorum</span> <span class='ocrx_word' id='word_1_204' title='bbox 1438 2934 1480 2984; x_wconf 90' lang='lat' dir='ltr'>ac</span> <span class='ocrx_word' id='word_1_205' title='bbox 1500 2911 1584 2983; x_wconf 91' lang='lat' dir='ltr'>fidei</span> <span class='ocrx_word' id='word_1_206' title='bbox 1597 2931 1635 2982; x_wconf 87' lang='lat' dir='ltr'>se</span> <span class='ocrx_word' id='word_1_207' title='bbox 1646 2932 1790 3004; x_wconf 88' lang='lat' dir='ltr'>suaeque</span> <span class='ocrx_word' id='word_1_208' title='bbox 1803 2908 1944 2982; x_wconf 85' lang='lat' dir='ltr'>familiae</span> <span class='ocrx_word' id='word_1_209' title='bbox 1958 2933 2031 2982; x_wconf 90' lang='lat' dir='ltr'>rem</span> <span class='ocrx_word' id='word_1_210' title='bbox 2046 2933 2186 2985; x_wconf 91' lang='lat' dir='ltr'>omnem</span> <span class='ocrx_word' id='word_1_211' title='bbox 2199 2934 2280 3006; x_wconf 91' lang='lat' dir='ltr'>pre·</span> 
     </span>
     <span class='ocr_line' id='line_1_20' title="bbox 480 2989 2284 3134; baseline 0.004 -29"><span class='ocrx_word' id='word_1_212' title='bbox 480 2989 634 3123; x_wconf 57' lang='lat' dir='ltr'>ppiqupffeso-</span> <span class='ocrx_word' id='word_1_213' title='bbox 659 3028 757 3102; x_wconf 90' lang='lat' dir='ltr'>cibus</span> <span class='ocrx_word' id='word_1_214' title='bbox 789 3031 1059 3104; x_wconf 88' lang='lat' dir='ltr'>commendavit.</span> <span class='ocrx_word' id='word_1_215' title='bbox 1093 3032 1220 3104; x_wconf 89' lang='lat' dir='ltr'>Divino</span> <span class='ocrx_word' id='word_1_216' title='bbox 1254 3034 1373 3129; x_wconf 89' lang='lat' dir='ltr'>itaque</span> <span class='ocrx_word' id='word_1_217' title='bbox 1398 3034 1564 3130; x_wconf 87' lang='lat' dir='ltr'>praesidio</span> <span class='ocrx_word' id='word_1_218' title='bbox 1594 3037 1755 3131; x_wconf 83' lang='lat' dir='ltr'>professa</span> <span class='ocrx_word' id='word_1_219' title='bbox 1790 3037 1928 3122; x_wconf 91' lang='lat' dir='ltr'>domus,</span> <span class='ocrx_word' id='word_1_220' title='bbox 1953 3060 1997 3110; x_wconf 87' lang='lat' dir='ltr'>ex</span> <span class='ocrx_word' id='word_1_221' title='bbox 2027 3061 2096 3132; x_wconf 91' lang='lat' dir='ltr'>quo</span> <span class='ocrx_word' id='word_1_222' title='bbox 2126 3046 2284 3134; x_wconf 88' lang='lat' dir='ltr'>tempore</span> 
     </span>
     <span class='ocr_line' id='line_1_21' title="bbox 480 3151 2282 3257; baseline 0.006 -33"><span class='ocrx_word' id='word_1_223' title='bbox 480 3151 584 3202; x_wconf 74' lang='lat' dir='ltr'>rantur.</span> <span class='ocrx_word' id='word_1_224' title='bbox 660 3153 741 3225; x_wconf 91' lang='lat' dir='ltr'>divo</span> <span class='ocrx_word' id='word_1_225' title='bbox 777 3151 937 3226; x_wconf 88' lang='lat' dir='ltr'>Bennoni</span> <span class='ocrx_word' id='word_1_226' title='bbox 970 3157 1214 3230; x_wconf 90' lang='lat' dir='ltr'>commendata</span> <span class='ocrx_word' id='word_1_227' title='bbox 1243 3168 1348 3256; x_wconf 85' lang='lat' dir='ltr'>esset,</span> <span class='ocrx_word' id='word_1_228' title='bbox 1382 3160 1775 3254; x_wconf 82' lang='lat' dir='ltr'>inter-praesentissima</span> <span class='ocrx_word' id='word_1_229' title='bbox 1804 3161 1959 3257; x_wconf 85' lang='lat' dir='ltr'>pericula</span> <span class='ocrx_word' id='word_1_230' title='bbox 1981 3162 2046 3234; x_wconf 88' lang='lat' dir='ltr'>suit</span> <span class='ocrx_word' id='word_1_231' title='bbox 2071 3162 2282 3235; x_wconf 88' lang='lat' dir='ltr'>incolumis:</span> 
     </span>
     <span class='ocr_line' id='line_1_22' title="bbox 480 3277 2370 3400; baseline 0.005 -50"><span class='ocrx_word' id='word_1_232' title='bbox 480 3331 512 3386; x_wconf 80' lang='lat' dir='ltr'>P.</span> <span class='ocrx_word' id='word_1_233' title='bbox 541 3331 631 3400; x_wconf 79' lang='lat' dir='ltr'>symo-</span> <span class='ocrx_word' id='word_1_234' title='bbox 659 3285 846 3372; x_wconf 89' lang='lat' dir='ltr'>antequam</span> <span class='ocrx_word' id='word_1_235' title='bbox 872 3277 966 3350; x_wconf 90' lang='lat' dir='ltr'>bunc</span> <span class='ocrx_word' id='word_1_236' title='bbox 985 3279 1106 3352; x_wconf 91' lang='lat' dir='ltr'>divum</span> <span class='ocrx_word' id='word_1_237' title='bbox 1120 3280 1306 3355; x_wconf 89' lang='lat' dir='ltr'>tutelarem</span> <span class='ocrx_word' id='word_1_238' title='bbox 1324 3283 1521 3366; x_wconf 87' lang='lat' dir='ltr'>ascivisset,</span> <span class='ocrx_word' id='word_1_239' title='bbox 1542 3282 1682 3356; x_wconf 87' lang='lat' dir='ltr'>amissis</span> <span class='ocrx_word' id='word_1_240' title='bbox 1708 3286 1744 3357; x_wconf 92' lang='lat' dir='ltr'>in</span> <span class='ocrx_word' id='word_1_241' title='bbox 1758 3286 1872 3359; x_wconf 90' lang='lat' dir='ltr'>officio</span> <span class='ocrx_word' id='word_1_242' title='bbox 1885 3288 2084 3372; x_wconf 90' lang='lat' dir='ltr'>charitatis,</span> <span class='ocrx_word' id='word_1_243' title='bbox 2104 3286 2282 3360; x_wconf 88' lang='lat' dir='ltr'>laboranti</span> <span class='ocrx_word' id='word_1_244' title='bbox 2363 3367 2370 3380; x_wconf 90' lang='lat'><strong>.</strong></span> 
     </span>
     <span class='ocr_line' id='line_1_23' title="bbox 391 3403 2282 3506; baseline 0.004 -32"><span class='ocrx_word' id='word_1_245' title='bbox 391 3413 394 3421; x_wconf 91' lang='lat'>&#39;</span> <span class='ocrx_word' id='word_1_246' title='bbox 481 3411 571 3467; x_wconf 71' lang='lat' dir='ltr'>nonna</span> <span class='ocrx_word' id='word_1_247' title='bbox 595 3414 632 3502; x_wconf 34' lang='lat' dir='ltr'>,et</span> <span class='ocrx_word' id='word_1_248' title='bbox 656 3403 790 3476; x_wconf 90' lang='lat' dir='ltr'>civitati</span> <span class='ocrx_word' id='word_1_249' title='bbox 808 3405 980 3498; x_wconf 88' lang='lat' dir='ltr'>praestito,</span> <span class='ocrx_word' id='word_1_250' title='bbox 1013 3405 1124 3478; x_wconf 87' lang='lat' dir='ltr'>Sociis</span> <span class='ocrx_word' id='word_1_251' title='bbox 1154 3407 1315 3480; x_wconf 91' lang='lat' dir='ltr'>dnobus:</span> <span class='ocrx_word' id='word_1_252' title='bbox 1339 3407 1518 3480; x_wconf 89' lang='lat' dir='ltr'>Stanislao</span> <span class='ocrx_word' id='word_1_253' title='bbox 1544 3405 1739 3480; x_wconf 89' lang='lat' dir='ltr'>Danieckio</span> <span class='ocrx_word' id='word_1_254' title='bbox 1766 3417 1802 3482; x_wconf 90' lang='lat' dir='ltr'>et</span> <span class='ocrx_word' id='word_1_255' title='bbox 1819 3410 1999 3504; x_wconf 84' lang='lat' dir='ltr'>Stephano</span> <span class='ocrx_word' id='word_1_256' title='bbox 2030 3409 2282 3506; x_wconf 87' lang='lat' dir='ltr'>Symonowiz:</span> 
     </span>
     <span class='ocr_line' id='line_1_24' title="bbox 481 3490 2284 3638; baseline 0.002 -38"><span class='ocrx_word' id='word_1_257' title='bbox 481 3490 631 3623; x_wconf 41' lang='lat' dir='ltr'>{3132ssssss</span> <span class='ocrx_word' id='word_1_258' title='bbox 655 3529 722 3601; x_wconf 91' lang='lat' dir='ltr'>hoc</span> <span class='ocrx_word' id='word_1_259' title='bbox 747 3529 783 3600; x_wconf 93' lang='lat' dir='ltr'>in</span> <span class='ocrx_word' id='word_1_260' title='bbox 798 3530 903 3602; x_wconf 90' lang='lat' dir='ltr'>rebus</span> <span class='ocrx_word' id='word_1_261' title='bbox 921 3531 1121 3638; x_wconf 80' lang='lat' dir='ltr'>domesticis</span> <span class='ocrx_word' id='word_1_262' title='bbox 1139 3532 1565 3628; x_wconf 86' lang='lat' dir='ltr'>adjutora,concionatore</span> <span class='ocrx_word' id='word_1_263' title='bbox 1584 3530 1658 3615; x_wconf 94' lang='lat' dir='ltr'>illo,</span> <span class='ocrx_word' id='word_1_264' title='bbox 1683 3531 1759 3602; x_wconf 89' lang='lat' dir='ltr'>viro</span> <span class='ocrx_word' id='word_1_265' title='bbox 1773 3529 1905 3604; x_wconf 90' lang='lat' dir='ltr'>divinae</span> <span class='ocrx_word' id='word_1_266' title='bbox 1922 3531 2047 3626; x_wconf 86' lang='lat' dir='ltr'>gloriae</span> <span class='ocrx_word' id='word_1_267' title='bbox 2064 3541 2100 3606; x_wconf 93' lang='lat' dir='ltr'>et</span> <span class='ocrx_word' id='word_1_268' title='bbox 2118 3534 2284 3604; x_wconf 84' lang='lat' dir='ltr'>humanae</span> 
     </span>
     <span class='ocr_line' id='line_1_25' title="bbox 481 3647 2283 3782; baseline 0.003 -58"><span class='ocrx_word' id='word_1_269' title='bbox 481 3647 629 3782; x_wconf 47' lang='lat' dir='ltr'>{1inth</span> <span class='ocrx_word' id='word_1_270' title='bbox 657 3650 782 3725; x_wconf 89' lang='lat' dir='ltr'>salutis</span> <span class='ocrx_word' id='word_1_271' title='bbox 798 3653 1038 3746; x_wconf 90' lang='lat' dir='ltr'>cupidissimo.</span> <span class='ocrx_word' id='word_1_272' title='bbox 1055 3655 1191 3728; x_wconf 86' lang='lat' dir='ltr'>Eadem</span> <span class='ocrx_word' id='word_1_273' title='bbox 1212 3663 1400 3750; x_wconf 87' lang='lat' dir='ltr'>tempestas</span> <span class='ocrx_word' id='word_1_274' title='bbox 1418 3656 1512 3726; x_wconf 89' lang='lat' dir='ltr'>viros</span> <span class='ocrx_word' id='word_1_275' title='bbox 1530 3653 1664 3749; x_wconf 89' lang='lat' dir='ltr'>pariter</span> <span class='ocrx_word' id='word_1_276' title='bbox 1684 3655 1859 3728; x_wconf 89' lang='lat' dir='ltr'>officiosos</span> <span class='ocrx_word' id='word_1_277' title='bbox 1877 3655 2047 3750; x_wconf 91' lang='lat' dir='ltr'>corripuit</span> <span class='ocrx_word' id='word_1_278' title='bbox 2064 3679 2084 3730; x_wconf 87' lang='lat' dir='ltr'>a</span> <span class='ocrx_word' id='word_1_279' title='bbox 2106 3657 2283 3730; x_wconf 92' lang='lat' dir='ltr'>domicilio</span> 
     </span>
     <span class='ocr_line' id='line_1_26' title="bbox 655 3777 2285 3874; baseline 0.004 -26"><span class='ocrx_word' id='word_1_280' title='bbox 655 3777 870 3848; x_wconf 90' lang='lat' dir='ltr'>novitiorum</span> <span class='ocrx_word' id='word_1_281' title='bbox 889 3777 976 3850; x_wconf 92' lang='lat' dir='ltr'>duos</span> <span class='ocrx_word' id='word_1_282' title='bbox 992 3778 1051 3849; x_wconf 91' lang='lat' dir='ltr'>:P.</span> <span class='ocrx_word' id='word_1_283' title='bbox 1074 3779 1265 3850; x_wconf 86' lang='lat' dir='ltr'>Urbanum·</span> <span class='ocrx_word' id='word_1_284' title='bbox 1278 3779 1707 3874; x_wconf 89' lang='lat' dir='ltr'>Hepnernm,Borussum,</span> <span class='ocrx_word' id='word_1_285' title='bbox 1723 3777 1897 3852; x_wconf 90' lang='lat' dir='ltr'>hominem</span> <span class='ocrx_word' id='word_1_286' title='bbox 1916 3781 2102 3874; x_wconf 84' lang='lat' dir='ltr'>compium</span> <span class='ocrx_word' id='word_1_287' title='bbox 2115 3787 2188 3852; x_wconf 90' lang='lat' dir='ltr'>tum</span> <span class='ocrx_word' id='word_1_288' title='bbox 2206 3804 2285 3854; x_wconf 89' lang='lat' dir='ltr'>eru-</span> 
     </span>
     <span class='ocr_line' id='line_1_27' title="bbox 655 3899 2283 3998; baseline 0.002 -25"><span class='ocrx_word' id='word_1_289' title='bbox 655 3899 764 3973; x_wconf 91' lang='lat' dir='ltr'>ditum</span> <span class='ocrx_word' id='word_1_290' title='bbox 779 3899 971 3996; x_wconf 89' lang='lat' dir='ltr'>(1).Primus</span> <span class='ocrx_word' id='word_1_291' title='bbox 989 3901 1046 3973; x_wconf 91' lang='lat' dir='ltr'>hic</span> <span class='ocrx_word' id='word_1_292' title='bbox 1062 3901 1231 3995; x_wconf 85' lang='lat' dir='ltr'>magister</span> <span class='ocrx_word' id='word_1_293' title='bbox 1244 3901 1385 3996; x_wconf 84' lang='lat' dir='ltr'>praefuit</span> <span class='ocrx_word' id='word_1_294' title='bbox 1402 3901 1580 3973; x_wconf 89' lang='lat' dir='ltr'>sodalitati</span> <span class='ocrx_word' id='word_1_295' title='bbox 1591 3901 1849 3974; x_wconf 80' lang='lat' dir='ltr'>Germanorum</span> <span class='ocrx_word' id='word_1_296' title='bbox 1862 3901 1997 3988; x_wconf 89' lang='lat' dir='ltr'>civicae,</span> <span class='ocrx_word' id='word_1_297' title='bbox 2012 3923 2034 3972; x_wconf 90' lang='lat' dir='ltr'>a</span> <span class='ocrx_word' id='word_1_298' title='bbox 2049 3904 2090 3975; x_wconf 89' lang='lat' dir='ltr'>P.</span> <span class='ocrx_word' id='word_1_299' title='bbox 2109 3904 2283 3998; x_wconf 92' lang='lat' dir='ltr'>Pompilio</span> 
     </span>
     <span class='ocr_line' id='line_1_28' title="bbox 654 4023 2283 4119; baseline 0.004 -25"><span class='ocrx_word' id='word_1_300' title='bbox 654 4025 836 4098; x_wconf 86' lang='lat' dir='ltr'>visitatore</span> <span class='ocrx_word' id='word_1_301' title='bbox 868 4025 1059 4119; x_wconf 88' lang='lat' dir='ltr'>provinciae</span> <span class='ocrx_word' id='word_1_302' title='bbox 1081 4025 1148 4097; x_wconf 93' lang='lat' dir='ltr'>hoc</span> <span class='ocrx_word' id='word_1_303' title='bbox 1162 4050 1255 4098; x_wconf 89' lang='lat' dir='ltr'>anno</span> <span class='ocrx_word' id='word_1_304' title='bbox 1269 4025 1451 4098; x_wconf 88' lang='lat' dir='ltr'>institutae.</span> <span class='ocrx_word' id='word_1_305' title='bbox 1470 4023 1642 4096; x_wconf 90' lang='lat' dir='ltr'>Occubnit</span> <span class='ocrx_word' id='word_1_306' title='bbox 1654 4025 1692 4096; x_wconf 91' lang='lat' dir='ltr'>in</span> <span class='ocrx_word' id='word_1_307' title='bbox 1707 4047 1793 4097; x_wconf 91' lang='lat' dir='ltr'>cura</span> <span class='ocrx_word' id='word_1_308' title='bbox 1807 4047 1952 4096; x_wconf 90' lang='lat' dir='ltr'>suorum</span> <span class='ocrx_word' id='word_1_309' title='bbox 1970 4025 2151 4098; x_wconf 86' lang='lat' dir='ltr'>Sodali-um</span> <span class='ocrx_word' id='word_1_310' title='bbox 2169 4050 2283 4100; x_wconf 87' lang='lat' dir='ltr'>annos</span> 
     </span>
     <span class='ocr_line' id='line_1_29' title="bbox 655 4142 2284 4252; baseline -0.001 -26"><span class='ocrx_word' id='word_1_311' title='bbox 655 4164 757 4228; x_wconf 89' lang='lat' dir='ltr'>natus</span> <span class='ocrx_word' id='word_1_312' title='bbox 796 4156 859 4241; x_wconf 74' lang='lat'>42,</span> <span class='ocrx_word' id='word_1_313' title='bbox 885 4155 1017 4252; x_wconf 80' lang='lat' dir='ltr'>exactis</span> <span class='ocrx_word' id='word_1_314' title='bbox 1051 4157 1108 4238; x_wconf 79' lang='lat' dir='ltr'>la,</span> <span class='ocrx_word' id='word_1_315' title='bbox 1141 4154 1177 4226; x_wconf 91' lang='lat' dir='ltr'>in</span> <span class='ocrx_word' id='word_1_316' title='bbox 1197 4142 1385 4236; x_wconf 77' lang='lat' dir='ltr'>societate,</span> <span class='ocrx_word' id='word_1_317' title='bbox 1414 4159 1562 4245; x_wconf 87' lang='lat' dir='ltr'>quatuor</span> <span class='ocrx_word' id='word_1_318' title='bbox 1592 4157 1676 4222; x_wconf 88' lang='lat' dir='ltr'>vota</span> <span class='ocrx_word' id='word_1_319' title='bbox 1696 4149 1888 4244; x_wconf 87' lang='lat' dir='ltr'>professus.</span> <span class='ocrx_word' id='word_1_320' title='bbox 1908 4150 2056 4223; x_wconf 87' lang='lat' dir='ltr'>Secutus</span> <span class='ocrx_word' id='word_1_321' title='bbox 2080 4151 2183 4234; x_wconf 90' lang='lat' dir='ltr'>hunc,</span> <span class='ocrx_word' id='word_1_322' title='bbox 2197 4175 2284 4226; x_wconf 93' lang='lat' dir='ltr'>suus</span> 
     </span>
     <span class='ocr_line' id='line_1_30' title="bbox 654 4273 2286 4371; baseline -0.002 -18"><span class='ocrx_word' id='word_1_323' title='bbox 654 4280 690 4352; x_wconf 92' lang='lat' dir='ltr'>in</span> <span class='ocrx_word' id='word_1_324' title='bbox 718 4303 759 4353; x_wconf 91' lang='lat' dir='ltr'>eo</span> <span class='ocrx_word' id='word_1_325' title='bbox 782 4281 975 4353; x_wconf 88' lang='lat' dir='ltr'>ministerio</span> <span class='ocrx_word' id='word_1_326' title='bbox 1000 4280 1137 4366; x_wconf 84' lang='lat' dir='ltr'>Socios,</span> <span class='ocrx_word' id='word_1_327' title='bbox 1163 4279 1360 4353; x_wconf 86' lang='lat' dir='ltr'>Stanislaus</span> <span class='ocrx_word' id='word_1_328' title='bbox 1389 4275 1674 4368; x_wconf 83' lang='lat' dir='ltr'>Grzegorzevicz,</span> <span class='ocrx_word' id='word_1_329' title='bbox 1695 4275 1837 4368; x_wconf 87' lang='lat' dir='ltr'>adjutor</span> <span class='ocrx_word' id='word_1_330' title='bbox 1857 4273 1983 4358; x_wconf 90' lang='lat' dir='ltr'>laicus,</span> <span class='ocrx_word' id='word_1_331' title='bbox 2004 4276 2157 4371; x_wconf 91' lang='lat' dir='ltr'>quinque</span> <span class='ocrx_word' id='word_1_332' title='bbox 2178 4299 2286 4371; x_wconf 88' lang='lat' dir='ltr'>supra</span> 
     </span>
     <span class='ocr_line' id='line_1_31' title="bbox 654 4398 2286 4494; baseline -0.001 -18"><span class='ocrx_word' id='word_1_333' title='bbox 654 4405 716 4486; x_wconf 86' lang='lat'>70,</span> <span class='ocrx_word' id='word_1_334' title='bbox 753 4427 926 4476; x_wconf 91' lang='lat' dir='ltr'>annornm</span> <span class='ocrx_word' id='word_1_335' title='bbox 953 4427 1074 4488; x_wconf 84' lang='lat' dir='ltr'>senex,</span> <span class='ocrx_word' id='word_1_336' title='bbox 1109 4405 1159 4478; x_wconf 82' lang='lat'>45</span> <span class='ocrx_word' id='word_1_337' title='bbox 1192 4405 1229 4475; x_wconf 93' lang='lat' dir='ltr'>in</span> <span class='ocrx_word' id='word_1_338' title='bbox 1252 4401 1427 4475; x_wconf 82' lang='lat' dir='ltr'>Societate</span> <span class='ocrx_word' id='word_1_339' title='bbox 1451 4409 1624 4484; x_wconf 90' lang='lat' dir='ltr'>versatus,</span> <span class='ocrx_word' id='word_1_340' title='bbox 1652 4405 1688 4472; x_wconf 94' lang='lat' dir='ltr'>et</span> <span class='ocrx_word' id='word_1_341' title='bbox 1721 4399 1797 4494; x_wconf 88' lang='lat' dir='ltr'>ipse</span> <span class='ocrx_word' id='word_1_342' title='bbox 1829 4398 1913 4470; x_wconf 91' lang='lat' dir='ltr'>olim</span> <span class='ocrx_word' id='word_1_343' title='bbox 1947 4421 2010 4493; x_wconf 92' lang='lat' dir='ltr'>per</span> <span class='ocrx_word' id='word_1_344' title='bbox 2032 4399 2171 4474; x_wconf 89' lang='lat' dir='ltr'>scholas</span> <span class='ocrx_word' id='word_1_345' title='bbox 2189 4409 2286 4475; x_wconf 88' lang='lat' dir='ltr'>cate·</span> 
     </span>
     <span class='ocr_line' id='line_1_32' title="bbox 483 4523 2286 4622; baseline -0.003 -18"><span class='ocrx_word' id='word_1_346' title='bbox 483 4535 629 4604; x_wconf 77' lang='lat' dir='ltr'>Episcopo·</span> <span class='ocrx_word' id='word_1_347' title='bbox 655 4529 806 4603; x_wconf 88' lang='lat' dir='ltr'>cheticas</span> <span class='ocrx_word' id='word_1_348' title='bbox 828 4538 932 4601; x_wconf 89' lang='lat' dir='ltr'>notus</span> <span class='ocrx_word' id='word_1_349' title='bbox 950 4528 1085 4603; x_wconf 90' lang='lat' dir='ltr'>civitati</span> <span class='ocrx_word' id='word_1_350' title='bbox 1105 4529 1242 4602; x_wconf 91' lang='lat' dir='ltr'>rudium</span> <span class='ocrx_word' id='word_1_351' title='bbox 1268 4527 1453 4622; x_wconf 86' lang='lat' dir='ltr'>magister.</span> <span class='ocrx_word' id='word_1_352' title='bbox 1475 4525 1654 4598; x_wconf 88' lang='lat' dir='ltr'>Grandius</span> <span class='ocrx_word' id='word_1_353' title='bbox 1676 4523 1755 4595; x_wconf 91' lang='lat' dir='ltr'>aliis</span> <span class='ocrx_word' id='word_1_354' title='bbox 1777 4523 1887 4595; x_wconf 89' lang='lat' dir='ltr'>multo</span> <span class='ocrx_word' id='word_1_355' title='bbox 1909 4523 2100 4618; x_wconf 87' lang='lat' dir='ltr'>provinciae</span> <span class='ocrx_word' id='word_1_356' title='bbox 2119 4524 2286 4600; x_wconf 86' lang='lat' dir='ltr'>damnum</span> 
     </span>
     <span class='ocr_line' id='line_1_33' title="bbox 482 4617 2286 4765; baseline -0.002 -34"><span class='ocrx_word' id='word_1_357' title='bbox 482 4617 629 4765; x_wconf 49' lang='grc' dir='ltr'>ζξζῗεὲζζ.</span> <span class='ocrx_word' id='word_1_358' title='bbox 659 4652 867 4726; x_wconf 87' lang='lat' dir='ltr'>estfactum</span> <span class='ocrx_word' id='word_1_359' title='bbox 893 4652 929 4723; x_wconf 93' lang='lat' dir='ltr'>in</span> <span class='ocrx_word' id='word_1_360' title='bbox 953 4652 1089 4725; x_wconf 86' lang='lat' dir='ltr'>duobus</span> <span class='ocrx_word' id='word_1_361' title='bbox 1114 4653 1200 4724; x_wconf 88' lang='lat' dir='ltr'>viris</span> <span class='ocrx_word' id='word_1_362' title='bbox 1227 4651 1465 4747; x_wconf 93' lang='lat' dir='ltr'>principibus:</span> <span class='ocrx_word' id='word_1_363' title='bbox 1488 4651 1644 4724; x_wconf 90' lang='lat' dir='ltr'>Martino</span> <span class='ocrx_word' id='word_1_364' title='bbox 1668 4639 1904 4745; x_wconf 83' lang='lat' dir='ltr'>s&#39;zyskovskio</span> <span class='ocrx_word' id='word_1_365' title='bbox 1924 4650 2224 4736; x_wconf 75' lang='lat' dir='ltr'>cracoviensium,</span> <span class='ocrx_word' id='word_1_366' title='bbox 2250 4661 2286 4727; x_wconf 92' lang='lat' dir='ltr'>et</span> 
     </span>
     <span class='ocr_line' id='line_1_34' title="bbox 484 4773 2286 4871; baseline 0.001 -23"><span class='ocrx_word' id='word_1_367' title='bbox 484 4774 588 4867; x_wconf 69' lang='lat' dir='ltr'>novarit</span> <span class='ocrx_word' id='word_1_368' title='bbox 603 4773 631 4866; x_wconf 66' lang='lat' dir='ltr'>qt</span> <span class='ocrx_word' id='word_1_369' title='bbox 659 4774 861 4849; x_wconf 84' lang='lat' dir='ltr'>Eustacbio</span> <span class='ocrx_word' id='word_1_370' title='bbox 878 4774 1072 4847; x_wconf 86' lang='lat' dir='ltr'>Wolowicz</span> <span class='ocrx_word' id='word_1_371' title='bbox 1095 4776 1316 4850; x_wconf 92' lang='lat' dir='ltr'>Vilnensium</span> <span class='ocrx_word' id='word_1_372' title='bbox 1342 4775 1529 4871; x_wconf 89' lang='lat' dir='ltr'>episcopis.</span> <span class='ocrx_word' id='word_1_373' title='bbox 1557 4774 1744 4868; x_wconf 88' lang='lat' dir='ltr'>Praecipua</span> <span class='ocrx_word' id='word_1_374' title='bbox 1761 4773 1798 4845; x_wconf 91' lang='lat' dir='ltr'>in</span> <span class='ocrx_word' id='word_1_375' title='bbox 1825 4774 1880 4847; x_wconf 91' lang='lat' dir='ltr'>bis</span> <span class='ocrx_word' id='word_1_376' title='bbox 1900 4774 2036 4848; x_wconf 92' lang='lat' dir='ltr'>duobus</span> <span class='ocrx_word' id='word_1_377' title='bbox 2053 4776 2186 4848; x_wconf 89' lang='lat' dir='ltr'>amissa</span> <span class='ocrx_word' id='word_1_378' title='bbox 2203 4785 2286 4849; x_wconf 91' lang='lat' dir='ltr'>sunt</span> 
     </span>
     <span class='ocr_line' id='line_1_35' title="bbox 482 4855 2285 4992; baseline 0.003 -21"><span class='ocrx_word' id='word_1_379' title='bbox 482 4855 622 4989; x_wconf 56' lang='lat' dir='ltr'>qqqqqnu</span> <span class='ocrx_word' id='word_1_380' title='bbox 658 4899 841 4971; x_wconf 90' lang='lat' dir='ltr'>Sociorum</span> <span class='ocrx_word' id='word_1_381' title='bbox 855 4898 1032 4992; x_wconf 90' lang='lat' dir='ltr'>praesidia.</span> <span class='ocrx_word' id='word_1_382' title='bbox 1054 4900 1231 4972; x_wconf 91' lang='lat' dir='ltr'>Martinus</span> <span class='ocrx_word' id='word_1_383' title='bbox 1249 4899 1426 4972; x_wconf 88' lang='lat' dir='ltr'>rudiorem</span> <span class='ocrx_word' id='word_1_384' title='bbox 1444 4906 1583 4972; x_wconf 78' lang='lat' dir='ltr'>aetatem</span> <span class='ocrx_word' id='word_1_385' title='bbox 1601 4899 1638 4973; x_wconf 90' lang='lat' dir='ltr'>in</span> <span class='ocrx_word' id='word_1_386' title='bbox 1656 4901 1787 4974; x_wconf 88' lang='lat' dir='ltr'>scholis</span> <span class='ocrx_word' id='word_1_387' title='bbox 1801 4901 1950 4975; x_wconf 85' lang='lat' dir='ltr'>maxime</span> <span class='ocrx_word' id='word_1_388' title='bbox 1964 4902 2154 4976; x_wconf 86' lang='lat' dir='ltr'>Societatis</span> <span class='ocrx_word' id='word_1_389' title='bbox 2171 4925 2285 4976; x_wconf 90' lang='lat' dir='ltr'>annos</span> 
     </span>
     <span class='ocr_line' id='line_1_36' title="bbox 659 5023 2285 5121; baseline 0.003 -25"><span class='ocrx_word' id='word_1_390' title='bbox 659 5023 810 5118; x_wconf 90' lang='lat' dir='ltr'>amplius</span> <span class='ocrx_word' id='word_1_391' title='bbox 832 5023 951 5095; x_wconf 92' lang='lat' dir='ltr'>decem</span> <span class='ocrx_word' id='word_1_392' title='bbox 980 5025 1159 5096; x_wconf 85' lang='lat' dir='ltr'>exercuit:</span> <span class='ocrx_word' id='word_1_393' title='bbox 1181 5024 1307 5098; x_wconf 88' lang='lat' dir='ltr'>Romae</span> <span class='ocrx_word' id='word_1_394' title='bbox 1329 5027 1496 5120; x_wconf 88' lang='lat' dir='ltr'>magistro</span> <span class='ocrx_word' id='word_1_395' title='bbox 1532 5025 1742 5121; x_wconf 88' lang='lat' dir='ltr'>eloquentiae</span> <span class='ocrx_word' id='word_1_396' title='bbox 1766 5026 1956 5100; x_wconf 87' lang='lat' dir='ltr'>Francisco</span> <span class='ocrx_word' id='word_1_397' title='bbox 1978 5027 2124 5112; x_wconf 91' lang='lat' dir='ltr'>Bencio,</span> <span class='ocrx_word' id='word_1_398' title='bbox 2148 5027 2285 5101; x_wconf 91' lang='lat' dir='ltr'>theolo-</span> 
     </span>
    </p>
   </div>
   <div class='ocr_carea' id='block_1_8' title="bbox 704 5157 1751 5241">
    <p class='ocr_par' dir='ltr' id='par_1_10' title="bbox 704 5157 1751 5241">
     <span class='ocr_line' id='line_1_37' title="bbox 704 5157 1751 5241; baseline 0.006 -21"><span class='ocrx_word' id='word_1_399' title='bbox 704 5160 744 5236; x_wconf 78' lang='lat' dir='ltr'>(lt</span> <span class='ocrx_word' id='word_1_400' title='bbox 761 5157 915 5222; x_wconf 76' lang='lat' dir='ltr'>Praefectus</span> <span class='ocrx_word' id='word_1_401' title='bbox 936 5163 1104 5241; x_wconf 83' lang='lat' dir='ltr'>germanicae</span> <span class='ocrx_word' id='word_1_402' title='bbox 1118 5162 1281 5223; x_wconf 77' lang='lat' dir='ltr'>sodalitatis</span> <span class='ocrx_word' id='word_1_403' title='bbox 1293 5165 1400 5238; x_wconf 88' lang='lat' dir='ltr'>primus</span> <span class='ocrx_word' id='word_1_404' title='bbox 1415 5180 1478 5224; x_wconf 89' lang='lat' dir='ltr'>oum</span> <span class='ocrx_word' id='word_1_405' title='bbox 1495 5164 1580 5225; x_wconf 83' lang='lat' dir='ltr'>Sosio</span> <span class='ocrx_word' id='word_1_406' title='bbox 1597 5165 1751 5226; x_wconf 85' lang='lat' dir='ltr'>occumbit.</span> 
     </span>
    </p>
   </div>
   <div class='ocr_carea' id='block_1_9' title="bbox 0 0 2479 6628">
    <p class='ocr_par' dir='ltr' id='par_1_11' title="bbox 0 0 2479 6628">
     <span class='ocr_line' id='line_1_38' title="bbox 0 0 2479 6628; baseline 0 0"><span class='ocrx_word' id='word_1_407' title='bbox 0 0 2479 6628; x_wconf 95' lang='lat' dir='ltr'> </span> 
     </span>
    </p>
   </div>
  </div>
 </body>
</html>
