4948 6654
635 801 697 868 208
1028 806 1303 872 LlTUANlCARUll
1325 809 1538 872 SOClll‘lh'llS
1558 811 1645 872 lusu
1671 811 1924 872 lllS'lOlllARUll

464 1001 527 1058 ¹⁶⁰⁵
637 1012 737 1086 ritur.
757 1012 849 1086 Hinc
862 1013 967 1109 hujus
979 1014 1106 1114 reliqui
1115 1040 1255 1092 errores
1267 1018 1408 1096 fabulae.
1426 1020 1736 1116 opportunitatem
1748 1020 1927 1094 tentandis
1940 1023 2264 1120 persequendisquc

635 1137 792 1210 consiliis
810 1137 883 1210 suia
897 1147 1020 1212 nactus
1034 1138 1199 1216 idoneam
1215 1153 1426 1238 personatus
1443 1143 1504 1218 ille
1522 1145 1724 1218 Demetrius
1743 1145 1919 1240 Hryszha‚
1944 1144 2066 1218 multis
2093 1147 2261 1231 Polonos,

635 1261 756 1357 quise
781 1263 959 1337 vindicent
989 1266 1140 1351 exulem,
1173 1276 1209 1341 et
1238 1268 1276 1341 in
1303 1277 1490 1366 paternum
1516 1278 1690 1365 reponant
1701 1268 1843 1352 solium,
1864 1270 2045 1364 promissis
2066 1269 2259 1345 sollicitat:

634 1387 786 1461 maxime
811 1389 955 1463 obtentu
974 1390 1157 1486 religionis
1183 1394 1367 1467 catholicae
1391 1395 1428 1468 in
1452 1393 1621 1468 Russiam
1642 1393 1909 1467 Moscoviticam
1935 1396 2158 1469 revocandae.
2183 1399 2262 1478 Quo

633 1512 801 1607 majorem
818 1511 924 1586 faciat
936 1515 1119 1610 promissis
1136 1515 1254 1604 fidem,
1276 1519 1444 1591 Patribus
1464 1541 1483 1592 e
1502 1519 1677 1592 Societate
1696 1516 1926 1590 erudiendum
1945 1541 1984 1591 se
1997 1519 2103 1593 tradit
2120 1545 2128 1591 :
2146 1519 2263 1615 ejurat

634 1636 788 1710 schisma
801 1638 1066 1732 graecanicum:
1089 1663 1131 1712 eo
1153 1641 1305 1736 denique
1317 1650 1495 1715 nostrates
1512 1644 1683 1739 quosdam
1712 1663 1877 1737 proceres
1903 1641 2081 1736 perpellit,
2111 1650 2150 1715 ut
2179 1667 2262 1716 con-

632 1759 723 1833 fecto
770 1760 842 1833 suis
882 1760 1048 1856 impensis
1088 1766 1259 1852 exercitu,
1302 1767 1521 1841 Demetrium
1554 1766 1648 1839 hunc
1702 1765 1740 1836 in
1789 1789 1903 1850 suum,
1966 1767 2261 1862 quemadmodum

633 1884 896 1971 existimabant,
917 1886 1043 1959 solium
1070 1898 1154 1961 eant
1172 1891 1385 1964 restitutum.
1415 1890 1590 1986 Trajectae
1619 1889 1687 1962 hoc
1711 1910 1806 1961 anno
1836 1896 1998 1975 exeunte,
2029 1891 2140 1985 copiae
2167 1891 2263 1986 apud

634 2009 812 2104 Kijoviam
831 2010 1058 2086 Boristhene.
1255 2001 1260 2012 ’

682 2134 897 2226 Demetrius,
925 2135 1102 2232 plerisque
1119 2134 1346 2208 Moschorum
1370 2136 1406 2208 in
1436 2137 1491 2209 sui
1518 2158 1705 2209 assensum
1747 2135 1885 2208 consilii
1926 2136 2109 2220 traductis
2144 2134 2264 2208 vicina

633 2249 762 2353 oppida
793 2258 973 2331 Putivium
1004 2259 1040 2330 in
1062 2258 1184 2355 primis
1210 2268 1245 2332 et
1266 2258 1446 2332 Bielscum
1476 2267 1636 2355 occupat.
1675 2259 1861 2355 Inopinato
1880 2260 2053 2332 excitatus
2083 2281 2262 2334 armorum

632 2382 781 2476 strepitu
799 2382 980 2466 Borissus
1000 2383 1212 2455 contrahere
1233 2390 1268 2456 et
1285 2383 1360 2478 ipse
1379 2405 1463 2456 suas
1480 2383 1630 2478 impigre
1646 2383 1786 2478 copias:
1803 2384 1902 2478 queri
1920 2406 1984 2477 psr
2010 2383 2149 2477 legatos
2169 2385 2264 2479 apud

632 2527 754 2601 regem
776 2506 938 2580 Poloniae
961 2505 1004 2580 de
1032 2508 1298 2603 importunitate
1325 2507 1430 2594 belli;
1460 2507 1685 2602 expostulare
1700 2506 1904 2591 defoedare,
1922 2507 2264 2603 quodfactumesset

631 2651 750 2702 secum
796 2630 834 2702 in
876 2653 989 2703 annos
1030 2632 1169 2726 viginti,
1207 2633 1351 2706 violato.
1390 2633 1577 2728 Comperto
1613 2631 1778 2726 denique,
1811 2655 1885 2704 rem
1928 2631 2114 2704 fraudibus
2155 2631 2266 2726 ipsius

630 2753 795 2851 Gregorii
813 2763 848 2828 et
861 2755 1095 2852 perduellium
1109 2757 1330 2852 quorundam
1347 2779 1532 2851 procerum
1551 2780 1695 2830 suorum
1708 2757 1782 2851 agi,
1808 2756 1975 2852 expedire
2000 2780 2112 2842 arma,
2142 2757 2263 2828 hostes

630 2878 806 2974 persequi.
827 2879 973 2952 Etvero
991 2879 1158 2953 Borissus
1184 2880 1281 2953 nullo
1306 2881 1450 2976 negotio
1480 2880 1629 2954 hostiles
1660 2881 1793 2977 copias,
1828 2881 1982 2975 quinque
2013 2904 2083 2952 non
2114 2878 2262 2975 amplius

630 3002 754 3088 millia,
775 3026 967 3100 eorumque
985 3005 1297 3090 mercenariorum,
1314 3005 1565 3100 oppressissst;
1586 3005 1657 3078 nisi
1676 3027 1740 3078 sua
1765 3004 1913 3077 consilia
1938 3028 2034 3077 mors
2060 3004 2260 3099 repentina,
2310 2990 2316 3004 ’

630 3124 713 3198 dum
747 3134 783 3200 et
813 3151 895 3200 suos
926 3134 1053 3214 armat,
1087 3102 1124 3202 et
1147 3129 1335 3224 legatosa
1372 3127 1588 3226 principibus
1632 3136 1805 3223 exceptat,
1848 3128 1965 3201 idibus
2004 3129 2091 3222 ipsis
2123 3128 2260 3223 aprilis,

629 3257 852 3345 occupasset.
873 3250 960 3323 Inde
979 3250 1105 3346 reliqui
1122 3274 1288 3347 proceres
1312 3253 1358 3324 ad
1376 3251 1590 3346 Gregorium
1620 3252 1790 3324 inclinare
1807 3276 1816 3336 ;
1850 3233 1965 3324 ale'am
1992 3250 2142 3322 maxime
2159 3248 2257 3334 belli,

630 3375 725 3471 apud
742 3374 929 3448 Moscuam
948 3376 1071 3449 urbem
1085 3376 1158 3448 suis
1182 3377 1315 3472 jactam
1346 3398 1418 3448 non
1449 3398 1630 3471 prospere,
1664 3376 1785 3449 secuti.
1823 3375 1940 3470 Hujus
1970 3397 2045 3446 suae
2072 3373 2262 3468 impatiens
2313 3370 2316 3376 ’

630 3498 782 3574 fortunae
807 3499 947 3571 Borissi
977 3499 1083 3572 vidua
1109 3499 1219 3572 filiam
1252 3498 1433 3594 filiumque
1468 3523 1570 3572 suum
1604 3521 1722 3572 secum
1767 3499 1900 3594 puriter
1934 3519 2071 3570 veneno
2103 3496 2259 3569 sustulit.

631 3624 766 3697 Rerum
779 3623 898 3719 itaque
916 3625 1047 3720 potitus
1061 3625 1245 3719 regnique,
1262 3624 1461 3697 Demetrius
1478 3623 1678 3718 insignibus
1692 3623 1828 3720 imperii
1842 3622 1915 3694 Xll
1933 3621 2106 3694 kalendas
2119 3620 2263 3694 sextiles

630 3745 788 3821 ornatur.
805 3747 928 3822 Altero
942 3756 1023 3842 post
1040 3747 1097 3821 dic
1127 3748 1270 3821 viduam
1298 3747 1320 3818 J
1324 3747 1450 3819 oannis
1475 3728 1657 3846 Basilidis,
1687 3771 1709 3820 a
1735 3745 1924 3820 Theodoro
1951 3745 1987 3816 in
2006 3745 2260 3818 monasterium

629 3885 844 3962 contrusam,
865 3876 1073 3970 proceribus
1087 3875 1275 3949 comitatus
1293 3875 1401 3947 visit:
1423 3896 1498 3947 eam
1511 3895 1576 3969 pro
1594 3879 1740 3968 parente
1755 3871 1899 3954 salutat,
1915 3869 2027 3942 lilium
2054 3867 2112 3940 hic
2141 3891 2257 3952 suum,

630 3999 821 4072 admiranti
834 4000 998 4096 primum,
1019 4006 1092 4072 tum
1111 4000 1211 4094 signa
1229 4001 1306 4096 ejus
1336 3999 1402 4083 rei,
1435 4022 1515 4092 quae
1545 3997 1689 4071 afferret
1718 3997 1793 4091 ipse
1824 4018 2037 4090 veroquam
2064 3993 2257 4078 simillima,

630 4125 896 4218 recognoscenti
909 4122 1077 4209 foeminae,
1097 4125 1203 4196 homo
1221 4124 1268 4196 ad
1290 4122 1540 4218 imponendum
1565 4128 1811 4215 comparatum
1836 4117 1961 4193 eadem
1986 4117 2124 4191 ratione
2144 4120 2258 4189 oonsi-

629 4245 715 4319 lium
733 4269 871 4342 quoque
894 4269 994 4319 suam
1013 4246 1297 4320 existimantibus
1316 4269 1391 4320 rem
1408 4245 1553 4318 arbitris
1573 4244 1771 4316 confirmat.
1790 4243 1870 4314 Jam
1892 4241 2068 4335 regnabat
2098 4263 2257 4327 securus,

629 4370 800 4467 polonicis
834 4371 987 4445 maxime
1029 4379 1150 4468 septus
1184 4372 1381 4468 praesidiis:
1409 4371 1486 4466 jam
1529 4368 1664 4440 civibus
1699 4367 1773 4439 suis
1807 4375 1843 4440 et
1878 4365 2030 4438 clemens
2074 4365 2260 4460 imperium

629 4495 886 4569 benevolentiae
904 4497 1137 4592 argumentis,
1159 4504 1194 4568 et
1207 4496 1301 4590 quod
1314 4518 1427 4590 nuper
1445 4493 1591 4566 Polonis
1608 4499 1804 4587 receperat,
1825 4490 2036 4585 religionem
2050 4489 2259 4562 catholicam

631 4620 923 4708 commendabat;
958 4623 1034 4718 ejus
1063 4621 1306 4716 propagandae
1337 4620 1455 4715 gratia
1485 4618 1619 4712 aliquot
1658 4640 1679 4689 e
1721 4617 1909 4689 Lituanica
1947 4615 2137 4688 Societatis
2173 4616 2258 4687 Jesu

632 4745 814 4841 provincia
831 4746 992 4841 patribus
1009 4747 1204 4819 accersitis.
1226 4745 1267 4817 ld
1284 4768 1368 4818 vero
1387 4766 1484 4838 aegre
1498 4741 1590 4816 ferre
1609 4751 1718 4815 sectae
1736 4748 1880 4815 tenaces
1909 4741 2115 4836 photianae:
2145 4739 2258 4834 suspi-

514 4941 520 4954 ,
633 4870 708 4941 cari
726 4867 887 4942 fraudem
905 4895 912 4942 :
930 4868 1014 4962 quid
1029 4868 1183 4942 hominis
1200 4891 1285 4942 suus
1302 4869 1361 4941 hic
1378 4868 1542 4964 princeps
1560 4866 1762 4939 Demetrius
1784 4873 1819 4938 et
1831 4863 1926 4937 unde
1948 4864 2051 4948 foret,
2069 4861 2254 4956 indagare.

631 4994 735 5066 Anno
749 4994 900 5090 denique
917 4995 1011 5070 1606
1028 5001 1207 5090 comperta
1224 4993 1361 5079 fraude,
1387 4993 1475 5066 XVI
1493 4991 1668 5065 kalendas
1679 5076 1681 5082 ¹
1685 4989 1701 5085 j
1707 4989 1817 5074 unias,
1849 4989 1963 5084 prima
1980 4987 2051 5060 diei
2076 4987 2155 5061 luce
2180 5011 2259 5060 cum

630 5120 777 5193 Polonis
807 5120 1044 5218 compluribus
1073 5120 1280 5194 trucidatur.
1316 5117 1527 5193 Sacerdotes
1570 5117 1695 5200 nostri,
1737 5116 1775 5188 in-
1806 5114 1948 5188 vincula
1978 5113 2142 5208 conjecti,
2177 5121 2260 5207 post

631 5269 807 5320 aerumnas
832 5254 869 5320 et
893 5247 1071 5321 cruciatus
1102 5246 1231 5320 multos
1266 5267 1365 5339 aegre
1390 5245 1428 5317 in
1457 5243 1662 5316 libertatern.
1689 5239 1871 5314 vindicati.
1900 5238 2132 5318 Mosccvitica
2154 5244 2262 5332 gente
