4930 6634
724 830 832 892 LIBER
851 829 1020 891 OCTAVUS
1041 830 1253 907 (fido-idid).
1776 819 1834 887 301

215 1051 231 1080 κ
253 1009 404 1091 civifatis
422 1025 617 1113 praeeunte,
639 1014 778 1087 obviam
792 1013 888 1087 exire
905 1038 913 1085 :
933 1011 1009 1096 alii,
1029 1020 1069 1084 ut
1088 1013 1268 1106 collegiati
1282 1011 1438 1107 opifices,
1459 1010 1671 1084 ceroferaria
1699 1009 1839 1081 circiter
1865 1021 1930 1077 tosa
2000 1101 2004 1112 ¹

217 1177 233 1207 κ
254 1143 525 1240 quinquaginta,
546 1140 702 1235 eleganti
729 1161 838 1232 opere
868 1115 1065 1232 splendida,¹
1094 1138 1301 1233 deportare:
1333 1143 1410 1210 tota
1435 1137 1472 1208 in
1497 1158 1680 1208 occursum
1706 1131 1839 1206 effundi

216 1299 232 1332 ιι
255 1269 392 1353 civitas,
414 1267 510 1340 clero
528 1289 608 1338 cum
621 1265 728 1336 choro
746 1270 940 1358 praeeunte.
958 1262 1027 1334 Ubi
1040 1262 1117 1356 jam
1135 1284 1237 1336 sacra
1251 1261 1389 1358 lipsana
1407 1284 1558 1335 cernuus
1584 1268 1684 1333 extra
1709 1260 1839 1332 moenia

217 1392 403 1488 «populus
421 1391 587 1484 suscepit,
605 1411 715 1462 aeneae
733 1385 861 1458 fistulae
875 1383 1021 1480 fragore
1046 1384 1211 1460 bellicum
1234 1386 1451 1482 triumphum
1475 1407 1631 1470 sonare;
1665 1390 1701 1457 et
1728 1383 1841 1458 redux

216 1547 233 1578 a
254 1514 581 1609 congratulantium
593 1533 724 1606 agmen
740 1510 786 1580 ad
805 1509 982 1582 civitatem
1000 1511 1117 1585 redire
1147 1513 1265 1606 coepit.
1294 1513 1342 1584 Et
1368 1512 1463 1606 quia,
1497 1509 1706 1582 succedente
1723 1515 1839 1594 nocte,

217 1661 233 1692 ⁴⁴
255 1641 370 1734 major
386 1661 473 1710 usus
485 1639 623 1708 aurium
643 1660 748 1732 quam
765 1641 946 1715 oculorum
959 1638 1036 1722 fuit,
1054 1635 1239 1708 commovit
1256 1636 1404 1709 festivus
1431 1655 1680 1729 campanarum
1702 1632 1838 1728 pulsus,

218 1793 234 1825 α
255 1765 404 1837 iteratus
422 1763 545 1835 crebro
559 1761 757 1857 scloporum
775 1789 896 1854 sonus,
919 1773 954 1839 et
972 1785 1082 1836 suave
1100 1761 1300 1834 canentium
1315 1759 1438 1842 melos,
1459 1758 1687 1854 praesentium
1704 1759 1841 1831 animos

216 1917 231 1952 u
254 1890 291 1960 in
309 1889 534 1962 attentiorem
551 1889 817 1983 procedentium
844 1893 882 1963 in
910 1888 1090 1983 triumpho
1116 1893 1311 1981 martyrum
1338 1883 1614 1956 venerationem.
1642 1883 1843 1956 Jucundum
1873 1890 1875 1899 ’

217 2007 346 2100 derat,
366 2015 494 2088 intueri
525 2014 662 2087 civilem
689 2015 882 2102 cohortem,
914 2014 1037 2086 ordine
1067 2012 1174 2104 longo
1208 2008 1446 2104 praeforibus
1476 2007 1598 2102 templi
1632 2007 1844 2103 parochialis

217 2169 234 2200 a
256 2140 463 2236 dispositam
481 2165 489 2224 ;
506 2163 583 2212 cum
593 2140 669 2235 jam
682 2139 789 2212 limen
803 2140 892 2212 aedis
907 2160 1019 2211 sacrae
1032 2135 1179 2231 gloriosi
1191 2135 1326 2207 cineres
1344 2133 1516 2215 subirent,
1537 2133 1732 2227 unoquasi
1761 2133 1844 2227 igno

218 2293 235 2324 a
257 2263 500 2357 crepusculum
518 2262 712 2348 illustrare,
730 2272 765 2336 et
781 2265 923 2360 fragore
940 2279 1012 2337 non
1029 2265 1226 2355 interrupto
1257 2281 1449 2355 personare
1467 2284 1474 2330 :
1503 2259 1618 2354 ipsum
1642 2281 1727 2330 vero
1757 2264 1846 2330 tem·

218 2417 235 2448 a
257 2387 354 2481 plum
367 2387 413 2459 ad
426 2387 628 2482 ingressum
654 2410 835 2460 sacrorum
866 2410 1063 2482 corporum,
1097 2385 1329 2458 luminaribus
1354 2384 1510 2477 undique
1535 2381 1842 2478 praefulgentibus,

219 2543 236 2574 a
257 2508 463 2604 triumphali
481 2510 632 2605 quodam
650 2509 754 2583 modo
769 2510 893 2583 ardere
924 2509 1098 2583 inccndio.
1134 2508 1309 2596 Conclusa
1335 2515 1388 2582 est
1417 2509 1488 2582 diei
1514 2508 1609 2581 illius
1640 2532 1718 2581 eum
1744 2515 1846 2582 nocte

220 2631 466 2706 «solennitas.
502 2633 652 2705 Postera
678 2631 770 2714 luce,
802 2634 900 2706 horis
931 2633 1147 2717 sublucanis,
1179 2633 1227 2705 ad
1256 2633 1408 2706 sonitum
1439 2654 1690 2727 campanarum
1723 2631 1845 2705 excitis

219 2787 237 2818 a
258 2755 474 2839 hominibus,
496 2755 715 2851 primumque
733 2779 772 2829 re
790 2757 909 2828 divina
922 2757 1029 2844 facta,
1049 2780 1162 2830 novus
1192 2780 1272 2829 cum
1302 2779 1403 2830 sacro
1432 2751 1661 2852 reliquiarum
1687 2756 1846 2851 deposito

221 2880 512 2976 «progrediendi
543 2882 667 2953 modus
701 2881 907 2953 instituitur.
959 2882 1144 2955 Praeibant
1185 2881 1367 2976 signorum
1413 2881 1514 2976 paria
1555 2880 1713 2974 aliquot:
1755 2902 1847 2975 pone

222 3033 239 3065 a
254 3004 424 3099 juventus
454 3002 675 3088 scholastica,
710 3003 869 3098 eleganti
899 3006 1049 3078 vestium
1079 3010 1206 3078 ornatu
1240 3005 1391 3100 insignis
1425 3013 1460 3077 et
1497 3003 1616 3078 aureis
1650 3003 1844 3100 torquibus,

213 3159 239 3189 -u
261 3128 399 3224 palmas
418 3127 622 3224 praeferens.
659 3128 904 3222 Sequebantur
930 3130 1130 3203 sacerdotes
1155 3130 1370 3226 frequentes,
1411 3156 1499 3227 quos
1529 3135 1581 3204 rei
1611 3133 1769 3228 dignitas
1802 3131 1848 3204 ad

222 3282 239 3312 u
261 3249 393 3324 cultum
419 3251 579 3322 divorum
610 3275 629 3324 e
656 3251 794 3324 viciniis
825 3263 1050 3339 convocarat,
1083 3254 1268 3351 multiplici
1294 3279 1410 3328 rerum
1452 3264 1625 3352 apparatu
1655 3256 1842 3330 instructi:

222 3406 238 3436 u
258 3375 385 3448 horum
420 3399 526 3458 unuS,
563 3376 722 3471 proxime
754 3376 992 3469 sequentibus,
1039 3381 1338 3474 triumphantibus
1379 3381 1630 3477 imperatorum
1664 3382 1847 3454 beatorum

222 3528 239 3559 c
260 3501 467 3594 corporibus
497 3499 603 3573 thure
638 3499 811 3574 honorem
842 3507 1004 3580 faciebat.
1044 3504 1122 3576 Ibat
1163 3503 1290 3576 deinde
1327 3527 1404 3576 cum
1452 3503 1663 3598 primoribus
1697 3503 1849 3576 civitatis

223 3653 240 3686 κ
261 3623 497 3698 Suadurskius
516 3649 544 3697 s.
583 3625 695 3720 regiae
717 3631 914 3724 majestatis
940 3629 1166 3712 secretarius,
1182 3634 1347 3700 strenuus
1368 3651 1480 3701 sacrae
1504 3627 1747 3700 translationis
1769 3650 1848 3722 pro·

223 3779 240 3810 α
260 3755 435 3844 pagator:
456 3747 513 3820 hic
530 3750 747 3846 triumphale
764 3754 830 3826 iter
845 3754 1014 3830 Besteino
1034 3752 1180 3849 pedibus
1199 3752 1347 3824 infirmis
1360 3752 1558 3847 ingressus,
1575 3752 1726 3826 Lindam
1742 3776 1850 3848 usque

223 3903 240 3934 ιι
261 3872 431 3969 perrexit.
463 3872 550 3944 Cum
576 3874 621 3944 ad
654 3874 832 3949 Liudense
864 3878 1059 3950 sacrarium
1085 3886 1246 3948 ventum·
1262 3886 1328 3961 est,
1366 3875 1461 3949 aedes
1492 3877 1649 3972 eleganti
1682 3879 1851 3972 variaque

224 4026 241 4057 α
262 4021 378 4072 rerum
397 4019 576 4070 sacrarum
593 3999 801 4093 supellectili
819 4011 946 4074 ornata
963 3999 1181 4095 resplenduit
1199 4026 1206 4073 :
1227 4000 1339 4072 multa
1351 4001 1387 4071 in
1407 4024 1494 4074 auro
1509 4009 1546 4075 et
1568 4011 1717 4098 argento
1747 4003 1849 4076 Divae

224 4150 241 4182 u
263 4122 392 4194 Matris
424 4121 656 4217 divorumque
686 4124 875 4197 simulacra
893 4125 1069 4198 effulsere.
1119 4123 1250 4198 Sacelli
1275 4125 1429 4218 parietes
1459 4125 1611 4220 pulchro
1653 4126 1849 4221 imaginum

224 4276 241 4307 κ
263 4255 298 4320 et
323 4247 612 4342 peristromatum
644 4257 772 4322 ornatu
804 4251 888 4324 tecti
917 4251 1091 4322 nitebant.
1125 4250 1214 4321 Post
1249 4248 1473 4322 decantatum
1507 4249 1571 4323 SS.
1606 4250 1784 4323 Ambrosii
1818 4257 1854 4324 et

225 4400 243 4432 a
264 4370 458 4466 Augustini
480 4374 662 4467 hymnum,
679 4375 910 4448 concionator
935 4373 1132 4470 gloriosum
1152 4381 1347 4469 martyrum
1377 4365 1594 4469 triumphum
1620 4375 1780 4448 oratione
1805 4375 1854 4448 ad

225 4527 243 4560 κ
265 4496 483 4594 triumphum
505 4499 595 4572 bene
624 4502 793 4596 apposita
824 4502 1028 4576 celebravit.
1077 4501 1147 4573 Ubi
1177 4499 1382 4595 perlitatum
1402 4507 1508 4584 esset,
1533 4499 1644 4573 electa
1673 4525 1693 4575 e
1721 4499 1852 4574 scholis

223 4651 241 4682 a
259 4623 442 4716 juventus,
464 4622 537 4694 suis
556 4629 591 4696 et
603 4623 663 4695 illa
680 4624 782 4697 divos
797 4627 989 4722 praeconiis
1003 4625 1220 4699 collaudavit
1237 4631 1292 4698 etc
1309 4624 1357 4721 (η.
1382 4658 1399 4690 n

272 4747 359 4819 Cum
376 4747 464 4843 ipsis
481 4747 596 4822 beatis
630 4751 841 4847 martyribus
872 4751 1010 4824 illatum
1036 4750 1169 4847 pariter
1197 4749 1438 4846 prodigiosum
1468 4747 1556 4819 illud
1573 4749 1688 4821 crucis
1711 4749 1854 4822 simula·
1945 4767 1962 4820 4

222 4895 334 4954 crum,
346 4872 441 4965 quod
450 4895 562 4968 nuper
575 4896 700 4947 cruore
714 4897 880 4948 manasse
891 4876 935 4972 (v.
952 4875 1015 4948 lib.
1040 4874 1123 4958 Vll,
1136 4897 1233 4946 num.
1249 4873 1309 4968 30)
1340 4871 1571 4944 narravimus.
1592 4873 1742 4952 Quantis
1755 4881 1853 4946 ante·
1881 4846 1994 4914 Signum

1881 4925 2030 4994 crucispro·

222 4998 292 5070 hac
309 5005 343 5069 et
360 4998 656 5091 consequentibus
672 4999 776 5072 annis
793 4999 909 5072 Linda
927 4999 1215 5094 claruerit‚quam
1233 4996 1331 5068 miris
1349 4996 1415 5070 Dei
1432 4996 1624 5079 beneficiis,
1638 4995 1757 5071 dicere
1786 5021 1855 5070 non
1881 5005 2013 5136 ggqiosurn

266 5149 307 5224 (t)
324 5149 404 5208 Plura
416 5153 451 5208 do
463 5148 550 5209 linda
567 5147 830 5232 [scireouptentes]
849 5169 877 5212 v.
894 5151 1135 5210 lotormationcm·
1152 5149 1455 5220 historico-iuridicam
1467 5163 1514 5206 an.
1539 5147 1627 5219 1725,
1647 5155 1676 5208 ct
1698 5147 1855 5209 Enodatio·
1883 5095 2031 5202 sublim·

224 5273 290 5317 uem
301 5259 439 5330 hujusan.
454 5260 544 5329 1⁷26,
570 5261 695 5332 libellos,
707 5275 755 5318 an.
774 5261 852 5319 1725
866 5267 895 5320 et
910 5261 1001 5325 1726.
1016 5260 1120 5318 editos.
