4896 6650
690 763 799 824 mesu
822 763 979 824 ruamus
1000 762 1210 840 (oceo-meo).
1703 753 1763 820 125

153 941 393 1016 «anonam
409 939 632 1036 religionem,
653 941 800 1016 seems
817 943 1014 1026 ‚mensem
1030 941 1143 1038 pum
1169 923 1387 1024 evolaturas,
1407 940 1444 1012 n
1461 939 1517 1013 nn
1543 939 1763 1014 Lemkennm
1789 950 1852 1006 es,

30 1093 31 1104 ¹
152 1089 271 1140 cesse.
293 1066 333 1137 In
367 1087 407 1137 re
435 1073 509 1136 tam
536 1066 723 1140 manifesta
747 1066 830 1160 quia
859 1065 977 1140 nullus
1007 1089 1120 1162 neque
1146 1066 1326 1140 inficiandi
1354 1066 1425 1138 reis
1451 1087 1564 1159 neque
1582 1063 1762 1158 judicibus

151 1223 164 1252 κ
184 1189 374 1264 excusandi
390 1189 488 1264 locus
506 1191 584 1275 furit,
599 1191 787 1287 deprecati
805 1191 942 1278 Socios,
963 1192 1189 1266 securitatem
1212 1191 1368 1285 Collegio
1386 1198 1422 1262 et
1441 1188 1624 1262 catholicis
1641 1187 1763 1285 praesi-

30 1303 31 1360 1
151 1349 165 1378 ο
183 1316 342 1410 diumque
356 1337 378 1386 a
395 1315 605 1409 magistratu
618 1316 841 1411 pollicentur.

193 1443 243 1514 lla
272 1441 384 1513 fretus
412 1441 577 1512 cautione
599 1447 728 1523 rector,
757 1441 1012 1537 quinquaginta
1041 1440 1185 1526 milites,
1218 1464 1305 1535 quos
1335 1441 1427 1513 areis
1461 1439 1765 1512 Dnnaemundenee

148 1567 324 1662 preelectus
341 1564 388 1636 ad
399 1563 587 1636 tutandum
606 1565 802 1660 Collegium
828 1564 1026 1637 adduxerat
1046 1564 1252 1660 (admiratus
1277 1565 1442 1651 hominis,
1473 1567 1618 1661 ejusque
1636 1563 1763 1636 Luthc·

30 1683 31 1774 }
148 1691 229 1774 rani,
244 1688 624 1773 benevolentiam,oum
637 1689 803 1762 habenda
814 1691 1059 1762 immortaliter
1077 1689 1191 1762 eidem
1206 1690 1348 1786 gratia),
1364 1691 1515 1782 remisit.
1537 1685 1583 1760 Et
1594 1688 1765 1785 praesides
1809 1707 1815 1720 ·

30 1933 31 1956 ’
149 1939 242 2034 plebe
255 1939 494 2012 Lutheranica
508 1938 683 2022 excitatis,
707 1961 801 2010 anno
824 1939 917 2012 1585
930 1939 988 2010 vix
1002 1938 1084 2010 dum
1102 1940 1204 2012 inito.
1218 1939 1568 2011 Concionumfluctus
1581 1945 1768 2011 commovit
1789 1973 1840 2030 lia

150 1814 279 1910 quidem
301 1813 455 1886 civitatis
468 1812 575 1885 fidem
588 1836 689 1885 suam
703 1813 786 1885 inde
799 1815 931 1887 nostris
951 1815 1123 1910 praeclare
1141 1815 1384 1909 approbarunt
1401 1816 1437 1886 in
1458 1814 1585 1898 turbis,
1605 1835 1766 1886 rursusa
1788 1809 1920 1947 ima

150 2064 270 2136 scholae
287 2063 505 2136 Lutheranee
518 2069 635 2134 rector
662 2061 847 2146 Mollerus‚
871 2062 1055 2134 Lemkenii
1073 2064 1233 2158 gregalis
1246 2063 1549 2157 germanissimus.
1578 2062 1686 2135 Suam
1708 2063 1767 2135 hic

150 2210 277 2282 quoque
310 2186 503 2258 mandebat
528 2187 648 2271 bilem,
677 2186 877 2280 parturiens
911 2186 1028 2258 animo
1050 2187 1174 2271 multa,
1217 2186 1487 2281 singultansque
1518 2209 1561 2258 ex
1587 2185 1765 2258 cathedris

149 2310 309 2384 adversus
327 2311 494 2405 Papistas
521 2319 556 2382 et
580 2318 790 2396 monstrum,
819 2311 997 2384 haereticis
1015 2313 1142 2384 Romae
1162 2333 1273 2406 nuper
1300 2319 1432 2396 natum,
1454 2309 1618 2404 Gregorii
1633 2309 1768 2382 scilicet
1856 2403 1861 2411 ¹

150 2436 231 2508 XIII
262 2434 530 2519 kalendarium
565 2457 609 2507 ex
627 2455 697 2528 quo
718 2437 795 2524 jam
824 2437 1055 2530 magistratus
1090 2436 1261 2530 Rigensis
1297 2459 1362 2507 sua
1400 2435 1533 2529 agebat
1551 2434 1681 2506 omnia.
1704 2431 1768 2508 Ille

152 2564 287 2632 senatus
310 2558 419 2631 etiam
440 2558 496 2630 sui
519 2557 689 2631 damnare
706 2559 933 2644 sententiam,
949 2567 985 2632 et
998 2559 1231 2632 seditionibus
1246 2558 1383 2655 plebem
1400 2559 1551 2653 agitare.
1570 2557 1768 2652 Effecitque

151 2689 338 2777 praceptor
368 2681 528 2754 oratione
545 2691 689 2778 arguta,
707 2689 749 2754 ut
766 2683 894 2777 vulgus
909 2684 958 2754 IV
978 2705 1090 2755 nonas
1107 2684 1295 2779 januarias
1318 2681 1473 2755 natalem
1496 2682 1628 2754 Christi
1658 2681 1765 2768 diem,

151 2830 224 2878 mox
254 2806 538 2879 circumcisionis
560 2807 610 2880 lV
628 2807 708 2880 idus
726 2807 886 2903 ejusdem
911 2809 1071 2893 mensis,
1101 2807 1201 2902 quasi
1221 2807 1258 2878 hi
1272 2807 1351 2879 dies
1369 2830 1389 2880 e
1406 2807 1507 2879 fastis
1534 2813 1653 2879 essent
1674 2812 1769 2880 vete·

154 2931 255 3018 ribus,
276 2931 429 3003 obirent.
454 2931 537 3004 Non
560 2932 691 3026 placuit
707 2930 897 3027 plerisque,
923 2931 1176 3004 dissidentibus
1208 2933 1326 3014 etiem,
1352 2954 1395 3004 ea
1409 2955 1473 3027 per
1486 2931 1677 3004 Mollerum
1691 2954 1769 3026 per-

154 3053 365 3127 turbatorum
404 3053 550 3148 farrago
577 3062 786 3150 temporum,
820 3055 857 3126 in
892 3055 1023 3150 primis
1063 3053 1213 3128 Nicolao
1253 3055 1410 3139 Halmio,
1446 3054 1613 3128 Praefecti
1658 3054 1771 3126 urbici

151 3177 285 3261 vicario,
307 3184 347 3250 et
362 3177 538 3250 Gottardo
556 3178 739 3272 Vellingo,
761 3175 871 3251 civico
889 3179 1014 3265 actori,
1030 3186 1069 3250 nt
1086 3186 1224 3264 vocant,
1241 3179 1402 3276 syndico.
1423 3177 1479 3250 Ab
1502 3179 1558 3250 his
1578 3179 1772 3252 accersitur

151 3301 182 3372 in
203 3304 406 3397 praetorium
419 3303 548 3376 veteris
566 3304 767 3377 kalendarii
785 3325 896 3376 novus
927 3304 1067 3398 opifex:
1089 3327 1199 3376 causa
1217 3303 1325 3390 dicta,
1354 3303 1483 3376 ibidem
1501 3325 1565 3397 pro
1580 3311 1682 3376 sonte
1700 3311 1772 3374 tra·

153 3423 239 3497 ditur
252 3427 287 3496 in
306 3425 513 3500 custodiam.
553 3427 732 3499 Urebatur
755 3429 906 3500 mammo
921 3429 980 3499 siti
998 3429 1173 3522 captivus,
1205 3451 1251 3500 ex
1278 3451 1413 3523 nupera
1439 3427 1496 3499 vel
1515 3425 1772 3499 declamatione

151 3569 347 3644 suapraecc,
368 3548 424 3621 vel
442 3558 639 3644 potatores
671 3551 838 3644 crapula;
868 3552 914 3624 ad
935 3553 1128 3624 fenestram
1148 3569 1235 3650 ergo
1267 3551 1433 3636 carceris,
1468 3573 1555 3624 voce
1586 3550 1771 3624 clamitans

150 3695 261 3760 rauca,
277 3681 549 3769 praetereuntes
587 3675 818 3748 combibones
848 3676 1001 3748 maxime
1024 3699 1120 3762 suos,
1137 3677 1358 3762 obsecrabat,
1380 3675 1546 3771 poculum
1573 3677 1693 3771 utique
1710 3675 1771 3748 fri-

151 3797 239 3890 gidae
255 3799 382 3872 misere
415 3799 579 3894 pereunti
595 3799 845 3894 impingerent.
872 3800 999 3872 GravIs
1032 3801 1173 3896 oppido,
1210 3811 1316 3896 atque
1347 3800 1519 3896 supplicio
1549 3800 1712 3876 'acerbior
1730 3821 1773 3872 ea

150 3922 309 3996 sitibundi
328 3924 481 3996 hominis
497 3924 638 3997 miseria
655 3947 733 4008 suo,
755 3924 873 3996 nescio
899 3924 967 4008 cui,
990 3925 1129 4020 gregali
1161 3927 1262 4009 risa;
1290 3948 1487 3998 conuocare
1515 3924 1577 3998 ille
1607 3923 1655 3997 ad
1671 3925 1772 3997 fene-

149 4053 251 4118 stram
267 4047 448 4143 populum,
474 4055 600 4120 etcum
622 4048 760 4143 captivo
780 4045 927 4143 ejulare,
948 4071 1050 4142 opem
1073 4047 1263 4144 implorare
1281 4048 1396 4144 plebis
1423 4048 1595 4120 adversus
1614 4048 1774 4143 iniquum
1807 4077 1811 4086 ·

151 4179 248 4266 atque
269 4173 497 4268 impotentem
523 4171 708 4246 consulum
721 4195 868 4244 suorum
886 4172 1118 4244 dominatum.
1138 4173 1291 4268 Vulgus,
1313 4182 1351 4246 ut
1372 4173 1497 4246 mobili
1510 4181 1566 4245 est
1588 4173 1721 4257 anime,
1740 4177 1775 4244 et

150 4305 302 4391 prompto
320 4295 368 4380 ad
384 4295 520 4368 facinus
538 4296 698 4391 quodvis,
716 4304 928 4368 concurrunt
945 4295 1060 4380 facile,
1078 4304 1187 4392 atque
1217 4297 1360 4392 agmine
1377 4298 1484 4382 facto,
1502 4296 1657 4371 effractis
1680 4317 1773 4391 prae-

151 4420 226 4492 torii
248 4420 424 4504 claustris,
445 4420 636 4494 Mollerum
665 4443 768 4493 suum
797 4421 976 4514 eripiunt;
998 4421 1080 4493 inde
1102 4421 1291 4494 frementes
1323 4421 1370 4493 ad
1390 4419 1626 4506 Neunerium,
1646 4419 1774 4516 praedi-

149 4544 296 4616 cantium
313 4567 458 4616 suorum
473 4544 688 4629 antistitem
709 4544 769 4638 qui
785 4543 884 4616 litem
898 4543 1050 4616 Mollero
1068 4543 1164 4639 apud
1188 4555 1377 4638 praetorem
1395 4545 1530 4640 primus
1544 4543 1770 4616 intendisset.

148 4665 214 4739 Pro
227 4667 397 4764 dignitate
415 4669 571 4740 muneris
589 4667 645 4740 sui
658 4668 703 4740 ab
721 4668 846 4741 ovibus
868 4668 942 4739 suis
960 4675 1132 4740 tractatus
1162 4675 1293 4762 pastor.
1314 4668 1412 4741 Male
1437 4676 1511 4740 tum
1531 4667 1598 4740 fuit
1615 4675 1651 4740 et
1668 4667 1774 4762 capiti

149 4811 206 4861 suo
228 4797 264 4864 et
276 4791 442 4887 scapulis.
461 4792 554 4867 Rem
567 4791 613 4865 ad
635 4793 713 4864 haec
726 4792 879 4888 pastoris
900 4791 1111 4864 familiarem
1129 4791 1338 4863 distraxere.
1358 4793 1450 4864 Hinc
1465 4791 1512 4864 ad
1534 4789 1716 4864 Hekkium
1736 4797 1773 4862 et

149 4912 347 5010 Vellingum
364 4917 529 5003 fanatici;
566 4916 614 4988 ad
631 4939 692 4989 eos
714 4916 859 5001 scilicet,
889 4937 977 5010 quos
996 4903 1185 4988 Neunerus
1198 4915 1235 4986 in
1260 4916 1393 4987 crimen
1412 4914 1588 4997 trahebat,
1605 4921 1772 5006 tanquam

147 5060 305 5112 suasores
326 5041 403 5136 ejus
416 5041 529 5136 culpae
548 5065 623 5115 suae
640 5049 747 5137 atque
764 5039 986 5134 impulsores.
1008 5039 1261 5112 Prudentiores
1287 5040 1338 5123 hi,
1369 5037 1453 5131 firgo
1466 5035 1663 5130 periculum
1678 5056 1771 5128 pree-

147 5171 333 5237 verterunt.
349 5165 482 5238 Domus
500 5189 575 5238 suae
602 5166 735 5260 pariter
761 5164 922 5260 direptae.
941 5165 1037 5237 luter
1053 5164 1131 5236 haec
1144 5171 1336 5261 tempestas
1360 5162 1520 5257 Collegio
1535 5160 1774 5258 impendebat
1812 5173 1817 5184 ·
