4930 6634
680 749 788 812 LIBER
812 753 992 815 SEPTIMUS
1016 751 1228 832 (loto-1630).
1751 755 1811 820 287

186 933 363 1007 dioecesim
381 957 477 1008 suam
496 934 668 1018 antistite,
687 931 814 1006 adesse
826 943 901 1004 tum
917 934 1075 1008 1033333
1101 934 1273 1008 maxime:
1307 937 1406 1038 obire
1431 959 1652 1032 paganorum
1678 961 1805 1012 casas:
1842 956 1905 1014 1629

186 1057 302 1130 excire
319 1058 365 1130 ad
384 1057 540 1130 scholam
558 1057 786 1130 christianam
804 1067 964 1152 agrestes
983 1065 1019 1130 et
1031 1057 1215 1131 instituere
1233 1085 1240 1131 :
1258 1060 1368 1132 multa
1391 1061 1503 1156 plebis
1529 1039 1686 1157 agmina,
1710 1062 1809 1136 sestis

184 1181 334 1286 maxime
347 1182 480 1266 diebus,
495 1183 570 1276 ipse
589 1182 734 1253 ductare
763 1190 799 1253 et
812 1181 963 1254 antistiti
976 1179 1116 1254 offerre.
1134 1181 1296 1256 Excessit
1306 1185 1329 1257 J
1332 1207 1478 1272 033333,
1490 1187 1667 1282 perpetuis
1681 1187 1810 1260 contri-

183 1316 240 1380 tus
253 1309 450 1394 laboribus,
466 1309 513 1380 ad
531 1309 717 1403 septimum
735 1308 815 1380 idus
832 1308 955 1402 majas.

236 1435 333 1509 Idem
358 1435 394 1507 in
422 1435 556 1530 primis·
572 1457 675 1507 curas
702 1456 786 1506 suas
811 1440 848 1506 et
878 1435 1069 1507 industrias
1100 1434 1298 1508 contulerat
1329 1435 1365 1506 in
1397 1432 1635 1521 sodalitatem,
1664 1459 1686 1508 a
1718 1435 1809 1511 divis
1839 1453 1921 1510 Vina
1939 1455 1984 1513 So-
2093 1517 2099 1526 ,

183 1564 206 1636 J
210 1564 342 1658 osepho
361 1570 396 1634 et
415 1563 609 1636 Nicodemo
622 1567 872 1656 nuncupatam,
889 1560 1071 1634 Sociorum
1085 1562 1235 1634 maxime
1249 1559 1374 1632 studiis
1388 1559 1505 1631 Vilnae
1518 1560 1670 1656 quinque
1683 1562 1812 1637 abhinc
1837 1531 1984 1672 ἓξιιᾟζέ

184 1689 288 1760 33313
316 1687 527 1772 1331113133,
549 1687 625 1759 boc
654 1709 747 1758 3330
778 1695 1012 1782 propagatam
1038 1709 1080 1760 ac
1110 1685 1315 1761 stabilitam.
1349 1686 1983 1784 (103313301333013133111311001111·

186 1812 354 1884 morbidis
372 1811 467 1884 aedes
484 1810 674 1906 ampliores
691 1837 699 1896 ;
726 1811 886 1884 deductae
904 1833 946 1884 eo
961 1811 1143 1884 canalibus
1162 1834 1265 1905 aquae
1281 1809 1455 1896 fontales;
1476 1810 1629 1885 conditae
1645 1813 1810 1912 vasisque
1836 1775 1983 1914 (mon,

184 1937 257 2012 suis
275 1937 459 2008 instructae
484 1935 646 2020 balineae,
676 1935 782 2007 ducta
809 1936 930 2008 subter
959 1935 1128 2030 templum
1153 1934 1351 2008 recolendis
1378 1935 1509 2008 (1131311
1538 1937 1679 2011 Domini
1696 1941 1807 2035 passi,
1836 1933 1968 2070 {milf-

183 2060 380 2156 sepultique
394 2061 571 2154 mysteria,
593 2061 873 2154 cryptoporticus
891 2089 899 2148 ;
916 2069 1106 2158 corrugata
1123 2060 1251 2134 alendo
1270 2060 1316 2132 ad
1339 2060 1451 2133 aedem
1480 2063 1667 2148 sacerdoti,
1702 2065 1808 2163 inque
1835 2031 1983 2170 3111111.1ης

183 2185 341 2258 redditus
359 2206 495 2256 annuos
510 2183 651 2268 collata,
673 2185 836 2279 pecunia.
859 2187 901 2259 In
919 2211 962 2260 ea
980 2188 1124 2282 gerusia
1143 2186 1326 2261 alebantur
1343 2193 1489 2282 egentes
1507 2188 1680 2285 principio
1709 2191 1808 2286 quin-

183 2309 351 2404 quageni,
372 2308 499 2383 deinde
513 2309 640 2404 duceni
652 2309 815 2404 amplius.
834 2310 1175 2390 Quetuormensium
1189 2308 1376 2382 intervallo
1390 2311 1659 2407 quadringentis
1672 2314 1804 2409 plures,
1835 2309 1969 2384 Anpluu-

180 2433 383 2528 pestilentia
400 2434 571 2529 oppressi,
589 2432 661 2506 alio
675 2433 737 2505 alii
754 2434 921 2506 continuo
940 2434 1110 2507 inlocum
1135 2432 1297 2506 relictum
1323 2434 1546 2508 succedente.
1572 2434 1807 2512 Adfluentibus
1834 2391 1962 2530 gssmssm

180 2559 214 2630 in
246 2558 324 2632 dies
349 2558 509 2653 pluribus
536 2558 687 2632 alterum
714 2560 886 2654 grandius
917 2582 939 2631 a
969 2559 1103 2632 civibus
1129 2557 1351 2652 assignatum
1382 2558 1418 2630 in
1446 2557 1518 2631 alia
1547 2561 1644 2633 urbis
1661 2563 1807 2658 regione
1833 2597 1980 2670 sm„

180 2683 319 2756 miseris
334 2683 618 2778 receptaculum;
639 2683 675 2753 in
694 2706 736 2755 30
754 2684 889 2757 treceni
911 2683 1062 2779 amplius
1090 2683 1335 2754 curabantur:
1369 2682 1495 2754 horum
1526 2692 1663 2757 centurn
1690 2687 1808 2784 capita
1833 2678 1959 2812 ffi'fflffl·

181 2807 351 2879 trimestri
368 2808 481 2901 spatio
500 2829 594 2879 mors
612 2808 768 2879 abstulit.
1875 2797 1922 2955 '4⁰

229 2929 380 3024 Plagam
394 2929 483 3002 adeo
497 2929 725 3016 mortiferam,
744 2931 904 3004 Lituanis
919 2929 1100 3014 inflictam,
1121 2929 1218 3001 baud
1236 2928 1340 3002 dubie
1357 2929 1594 3003 imminentem
1605 2933 1701 3026 genti
1715 2953 1802 3020 suae,
1832 2977 1975 3052 stangno

180 3054 299 3126 multis
312 3054 625 3149 supplicationibus
644 3054 822 3150 deprecati
840 3064 921 3128 sunt
952 3055 1171 3150 Samogitae;
1200 3054 1375 3127 interdum
1401 3051 1453 3126 1111
1478 3055 1667 3130 addacem
1695 3057 1807 3130 millia
1831 3061 1931 3128 pesum
1961 3081 1978 3120 a

180 3201 287 3251 3333
306 3177 471 3250 inlocum
487 3179 707 3272 congregati.
725 3179 844 3251 Unum
863 3201 882 3251 e
904 3201 968 3250 330
982 3179 1111 3251 ¹Crosis
1134 3178 1294 3274 Collegio
1319 3179 1412 3251 Socii
1430 3179 1637 3267 amisemnt,
1657 3204 1807 3278 eumque
1829 3137 1968 3274 mm

177 3303 303 3376 domus
332 3303 533 3398 praesidem,
560 3325 635 3375 suae
662 3304 869 3398 magistrum
892 3304 976 3376 vitae
1004 3302 1321 3397 religiossisimum‚
1339 3304 1485 3376 Petrum
1503 3305 1698 3392 Millerum,
1720 3307 1801 3380 0113
1829 3335 1975 3396 omnm.

177 3427 295 3500 Vilnae
311 3426 465 3499 tironum
483 3432 683 3500 nostrorum
697 3449 811 3498 annos
829 3428 919 3500 Xla
937 3428 1029 3501 1617
1048 3433 1235 3510 rectorem,
1269 3428 1420 3501 antehae
1447 3427 1616 3524 Rigensis
1639 3429 1801 3528 Collegii,
1829 3421 1977 3557 fgiffl·

176 3553 291 3624 virum
306 3551 462 3624 033133
480 3551 645 3646 opinione
663 3559 837 3624 sanctum.
858 3552 995 3624 Rerum
1013 3551 1073 3623 ille
1091 3550 1290 3623 divinarum
1307 3552 1443 3638 sitiens,
1464 3552 1500 3623 13
1510 3575 1571 3625 eas
1584 3553 1804 3630 meditandae
1828 3583 1875 3640 ris.

173 3675 335 3771 quotidie
347 3677 453 3748 horas
470 3684 633 3770 quatuor,
654 3659 829 3749 interdum
848 3674 980 3772 plures,
1001 3675 1105 3748 nixus
1119 3676 1281 3770 genibus,
1302 3675 1663 3774 perfususlacrymis,
1687 3688 1803 3756 mente

172 3824 197 3874 a
214 3823 321 3874 sensu
335 3825 452 3874 rerum
469 3802 661 3886 abstracta,
679 3801 891 3874 insumebat.
912 3799 1116 3881 Sacrificiis,
1153 3807 1324 3895 quotquot
1354 3823 1418 3873 330
1448 3800 1485 3873 13
1506 3802 1637 3899 templo
1662 3803 1801 3890 fierent,

171 3925 338 3998 omnibus
351 3925 489 3998 aderat.
509 3927 531 3999 J
535 3925 677 4020 ejuniis‚
698 3924 869 3996 subucula
883 3922 1034 4008 cilicina,
1052 3922 1218 4016 flagellis,
1239 3923 1363 3996 ferreis
1377 3922 1551 3997 catenulis
1564 3949 1705 4022 corpus,
1727 3929 1803 4025 jam

172 4049 234 4122 diu
247 4050 306 4145 pio
335 4050 423 4122 illud
453 4051 651 4145 obsequens
677 4051 808 4133 anime,
837 4049 1067 4122 inclementer
1093 4048 1294 4122 afflictabat.
1316 4051 1412 4122 Mira
1435 4051 1473 4123 in
1499 4053 1642 4128 homine
1667 4079 1804 4130 morum

173 4174 345 4256 suavitas,
365 4175 635 4269 spectabilisque
649 4174 725 4267 ipso
739 4173 844 4246 etiam
861 4173 897 4244 in
918 4173 1018 4244 vultu
1049 4173 1282 4246 sanctimonia
1309 4175 1574 4248 observantium
1595 4177 1730 4252 331303
1757 4181 1803 4254 ad

172 4321 294 4370 rerum
312 4321 464 4371 amorem
482 4300 677 4372 coelestium
691 4298 827 4370 hortari
840 4297 1035 4369 videbatur.
1054 4295 1146 4369 Hinc
1161 4303 1251 4382 erat,
1272 4304 1319 4380 31,
1336 4322 1416 4371 033
1442 4300 1598 4376 salutare
1623 4303 1804 4399 quidpiam

173 4423 353 4506 suaderet,
371 4423 569 4496 30330133
583 4423 908 4506 concionabundus,
925 4423 987 4494 sed
1001 4422 1222 4496 familiariter
1236 4423 1341 4497 etiam
1354 4427 1609 4513 sermocinans,
1634 4431 1702 4504 etsi
1728 4455 1803 4506 suae

173 4547 338 4642 germani
355 4547 490 4620 voculae
504 4548 649 4621 auribus
680 4546 894 4619 Polonornm
912 4553 1087 4639 corruptae
1104 4545 1306 4621 acciderent
1322 4573 1329 4620 :
1347 4556 1452 4644 grata
1476 4551 1638 4626 omnibus
1653 4561 1799 4654 tamen,

170 4693 216 4744 ac
234 4694 329 4766 saepe
343 4670 503 4766 perutilis
517 4694 582 4745 sua
594 4671 684 4744 foret
702 4672 827 4742 oratio.
850 4670 1009 4742 Decessit
1029 4691 1123 4741 anno
1139 4671 1258 4742 aetatis
1271 4693 1345 4743 suaa
1365 4673 1599 4767 sexagesimo.

226 4794 332 4868 Edita
351 4803 472 4892 strage
489 4796 526 4868 in
543 4795 721 4880 Limenia,
751 4795 789 4865 in
814 4792 995 4864 Poloniam
1016 4793 1172 4865 manavit
1189 4793 1411 4888 pestilentia;
1432 4795 1500 4870 hoc
1525 4797 1619 4873 malo
1635 4822 1748 4898 pagos
1766 4813 1802 4877 et

172 4922 282 4994 urbes
295 4921 500 5017 populante,
526 4922 704 4994 Gustavus
722 4919 912 4992 Succorum
940 4915 1010 4988 dux
1038 4917 1140 4989 irruit
1166 4919 1365 4992 aPruseia.
1388 4921 1557 4996 Perculsa
1578 4931 1651 4997 tum
1674 4928 1711 4998 in
1732 4927 1802 5023 pri·

172 5047 243 5118 mis
268 5045 477 5140 Samogitia.
503 5045 535 5118 A
553 5047 663 5118 leucis
684 5043 836 5140 amplius
855 5062 930 5121 sex,
959 5041 1199 5134 praeeuntibus
1218 5039 1401 5114 Crosensis
1424 5042 1572 5140 Collegii
1594 5045 1719 5134 Sociis,
1740 5071 1803 5145 per

171 5172 254 5244 loca
265 5192 380 5254 sacra,
400 5170 491 5242 dena
504 5193 614 5266 prope
628 5167 901 5266 supplicantium
913 5165 1023 5238 millia
1041 5163 1291 5238 circumducta.
1313 5167 1532 5242 Gementium
1549 5178 1582 5244 et
1596 5195 1698 5266 opem
1715 5174 1801 5246 divi-
