4930 6634
675 823 785 883 nrum
808 819 929 881 nouus
950 817 1166 896 (roso-reso).
1713 817 1774 882 333

165 1009 231 1077 ortu
248 1023 311 1073 suo
329 1008 364 1074 et
386 1004 546 1076 omnibus
570 1004 654 1078 vitae
679 1006 837 1100 partibus
863 1000 1115 1098 integerrimae,
1132 999 1192 1071 ubi
1223 1022 1281 1072 res
1302 999 1547 1096 postulaverit,
1565 1022 1628 1095 per
1646 998 1770 1073 salutis
1800 1028 1863 1084 3333

164 1130 257 1202 etiam
282 1127 496 1214 discrimina,
522 1130 731 1225 dignitatem
755 1133 946 1214 tuiturum;
975 1126 1103 1200 deinde
1135 1123 1270 1198 familia
1295 1125 1396 1220 regia
1426 1150 1433 1197 :
1460 1124 1587 1219 regina
1613 1123 1768 1211 Caecilia,

163 1253 310 1326 loannes
337 1252 540 1335 casimirus,
569 1262 604 1328 et
630 1254 776 1328 Carolus
805 1251 1064 1336 Ferdinandus,
1094 1247 1255 1346 germani
1286 1249 1414 1322 fratres
1440 1247 1638 1333 Vladislai;
1667 1248 1772 1322 Anna

164 1375 343 1449 Catlrarina
367 1382 403 1448 et
429 1375 647 1463 Constantia,
675 1379 800 1451 horum
831 1398 1002 1449 sorores:
1028 1373 1154 1448 deinde
1185 1394 1264 1445 cum
1290 1373 1393 1467 regni
1413 1371 1564 1468 primate
1595 1370 1772 1444 antistites

163 1527 328 1578 sacrorum
350 1529 357 1575 :
378 1511 453 1575 tum
470 1513 652 1579 senatores
669 1528 733 1578 suo
751 1504 873 1576 ordine
894 1528 901 1576 :
923 1502 1042 1574 centeri
1065 1501 1216 1596 denique
1233 1525 1397 1597 proceres
1411 1500 1536 1576 eodem
1551 1509 1771 1575 sacramento

162 1631 318 1724 pietatem
328 1653 428 1703 suam
445 1629 659 1722 obligarunt,
669 1630 761 1703 datis
775 1609 907 1725 pariter
920 1629 957 1700 in
975 1627 1093 1700 album
1110 1628 1323 1711 nominibus,
1336 1651 1465 1724 magno
1482 1629 1630 1723 quisque
1644 1628 1773 1722 gaudio

162 1775 219 1826 suo
231 1758 266 1824 et
280 1751 378 1825 lucro
397 1751 555 1826 salutari.

205 1876 397 1950 Cannensis
426 1879 563 1964 civitas,
586 1879 848 1950 Lituanicarum
874 1879 1065 1951 secundum
1088 1879 1230 1953 Vilnam
1254 1880 1485 1966 nobilissima,
1508 1881 1628 1954 Socios
1654 1880 1772 1955 oblato
1865 1903 1880 1955 r

161 2003 247 2099 apud
261 2027 298 2078 se
316 2003 490 2078 domicilio
509 2012 660 2101 quatuor
683 2006 812 2078 abhinc
838 2014 874 2078 et
901 2006 1023 2080 decem
1043 2009 1147 2080 annis
1164 2008 1350 2082 invitabat.
1375 1985 1444 2082 Cur
1461 2009 1577 2083 adhuc
1589 2010 1774 2084 tardarent
1799 1979 1908 2128 ξζξῗζῐ

160 2128 274 2202 venire
287 2129 439 2213 invitati,
450 2153 568 2202 causae
582 2137 684 2202 erant
698 2130 885 2225 praecipuae
896 2156 904 2202 ε
917 2132 1009 2224 quod
1020 2132 1200 2204 hominum
1211 2132 1366 2221 invidiae,
1383 2133 1440 2206 cui
1450 2156 1567 2207 rerum
1577 2143 1773 2208 nostrarum
1800 2139 1912 2234 domiu-

160 2251 365 2326 incremente
390 2253 562 2328 immensa
578 2253 800 2338 videbantur,
829 2254 1089 2327 concedendum
1111 2262 1207 2329 esset
1220 2281 1233 2328 v:
1261 2257 1299 2328 in
1315 2279 1424 2330 censu
1440 2279 1525 2330 vero
1545 2257 1718 2352 pertenui,
1738 2257 1775 2329 in
1800 2221 1876 2277 Μ’

162 2375 310 2449 aedificia
326 2376 460 2471 templi,
477 2379 613 2463 domus,
629 2376 746 2474 lycaei,
764 2385 799 2450 et
817 2401 894 2450 rem
906 2377 1115 2458 familiarem
1132 2380 1324 2475 assignato,
1342 2380 1510 2476 impedita
1524 2403 1668 2453 suorum
1684 2380 1776 2454 foret

160 2497 267 2572 Sociis
279 2523 464 2574 munerum
481 2503 703 2596 procuratio;
728 2524 839 2597 neque
856 2501 953 2575 locus
967 2500 1142 2575 domicilio
1160 2512 1417 2599 proponeretur
1433 2503 1581 2578 idoneus
1603 2529 1610 2577 :
1632 2504 1774 2577 adhaec

158 2623 467 2714 exhaustaeessent
483 2632 681 2721 temporum
703 2625 833 2720 injuria
851 2647 935 2718 opos
954 2625 1107 2698 civitatis
1126 2625 1229 2709 adeo,
1248 2633 1289 2700 ut
1306 2626 1350 2701 de
1370 2625 1586 2700 liberahtate
1614 2627 1775 2700 Cannen-

157 2747 243 2819 sium
260 2749 298 2820 in
323 2746 495 2823 coloniam
515 2750 612 2822 missi
633 2773 819 2844 operosam
841 2749 994 2844 egestati
1015 2773 1089 2822 suae
1116 2750 1206 2823 nihil
1222 2749 1371 2823 subsidii
1394 2751 1568 2825 haberent
1584 2748 1743 2847 polliceri
1765 2777 1772 2825 :

158 2887 327 2971 praeterea
345 2880 510 2976 oppidum
536 2882 615 2964 hoc,
635 2879 746 2952 leucis
772 2877 957 2951 duodecim
983 2886 1120 2951 tantum
1146 2878 1314 2952 afinibus
1337 2879 1520 2952 Borussiae
1546 2879 1771 2975 disjunctum,

156 3002 411 3075 incursionibus
425 3005 577 3076 hostium
591 3025 669 3076 esse
682 3004 882 3077 obnoxium.
904 3004 993 3077 Haec
1006 3011 1042 3076 et
1063 3002 1170 3076 aliea
1187 3002 1313 3086 Sociis,
1331 3026 1458 3076 munus
1476 3003 1543 3075 sibi
1555 3004 1774 3099 propositum

156 3127 409 3212 recusantibus,
425 3128 461 3197 in
481 3135 727 3222 argumentum
745 3127 896 3222 objecta,
914 3127 1027 3200 levius
1044 3127 1138 3222 apud
1159 3126 1378 3198 visitatorem
1402 3125 1604 3198 Fabricium
1617 3126 1775 3199 habuere

157 3259 366 3323 momentum
391 3251 554 3346 precibus
585 3252 712 3323 civium
739 3251 860 3324 Socios
886 3247 1284 3324 invitantium:videbat
1308 3271 1434 3343 nempe
1463 3249 1501 3321 in
1533 3250 1674 3324 civitate
1700 3249 1771 3322 fre·

156 3375 287 3466 quenti,
304 3375 461 3447 moribus
486 3375 731 3449 haereticorum
749 3397 985 3447 convenarum
1012 3382 1188 3468 corrupta,
1210 3372 1325 3444 locum
1349 3371 1395 3442 ad
1414 3372 1614 3446 subeundos
1622 3371 1773 3468 ⁴labores

157 3501 192 3566 ut
206 3495 364 3570 difficiles
376 3497 427 3569 sic
439 3497 629 3594 frugiferos
644 3498 871 3594 peramplum.

202 3621 299 3694 Urbs
327 3622 406 3694 haec
424 3623 601 3695 Lituaniae
630 3630 743 3705 vetus,
764 3628 800 3694 et
824 3619 1014 3714 aliquando
1038 3617 1249 3711 permunita,
1266 3616 1463 3690 Nemenum
1483 3619 1574 3692 inter
1588 3624 1623 3692 et
1641 3619 1773 3692 Viliam

153 3745 310 3832 flumina,
327 3746 416 3819 coelo
435 3746 581 3830 salubri,
601 3746 678 3820 loco
702 3747 770 3818 sita
796 3743 1047 3828 amoenissimo,
1067 3750 1103 3814 et
1128 3740 1303 3813 mercibus
1330 3741 1482 3826 maxime,
1508 3749 1717 3836 opportuno.
1735 3743 1775 3816 Si

153 3867 282 3955 forum,
299 3871 330 3944 si
356 3871 452 3942 aedes
478 3894 667 3966 earumque
694 3869 963 3965 descriptionem
993 3874 1142 3962 spectes,
1159 3865 1297 3937 urbium
1322 3865 1476 3936 omnium
1512 3865 1775 3939 Lituanicarum

153 3995 402 4089 pulcherrima.
422 3998 576 4092 Antiqua
592 3997 654 4070 illa
672 3996 851 4080 nobilium,
873 3995 965 4089 quod
982 3993 1094 4075 aiunt,
1115 3987 1292 4084 quondam
1311 3988 1377 4060 fuit
1399 3989 1692 4084 emeritorumque
1710 3990 1772 4064 sti·

151 4120 284 4213 pendia
300 4120 447 4193 militum
462 4098 576 4208 eadee,
596 4121 875 4194 immunitatibus
889 4120 1019 4190 donata
1033 4114 1231 4212 praecipuis
1249 4113 1379 4186 lncolae
1392 4137 1455 4208 per
1467 4116 1677 4188 commercia
1690 4139 1769 4190 cum

154 4241 332 4330 Prutenis,
361 4251 397 4318 et
420 4245 638 4316 advenarum
676 4245 887 4327 confluxum,
918 4240 1130 4334 religionum
1156 4247 1258 4312 erant
1286 4237 1486 4324 variarum;
1520 4239 1693 4333 hodieque
1725 4241 1774 4314 ibi

151 4369 313 4462 reperias
343 4368 529 4464 plerosque
570 4369 756 4442 haereticos
782 4391 802 4440 e
832 4373 927 4438 secta
956 4363 1107 4436 maxime
1135 4361 1367 4436 lutheranica.
1391 4361 1547 4435 Perutile
1582 4369 1771 4458 propterea

149 4489 309 4562 tirturum
327 4491 491 4564 Fabricio
504 4491 630 4576 visum,
651 4492 681 4562 si
696 4489 798 4563 labor
811 4490 993 4563 Sociorum
1010 4487 1047 4560 in
1065 4487 1207 4560 civitate
1221 4489 1290 4559 ista
1303 4495 1519 4559 versaretur.
1537 4487 1773 4562 Invitantibus

151 4613 302 4708 proinde
319 4636 451 4688 morem
474 4615 590 4709 gerit:
612 4616 716 4687 mittit
733 4639 816 4689 suos
841 4617 877 4688 in
908 4615 1093 4688 coloniam.
1115 4614 1275 4708 Quinque
1293 4612 1396 4707 primi
1422 4635 1550 4686 venere
1573 4613 1773 4688 sacerdotes
1803 4641 1912 4698 sociiin

150 4737 225 4810 XV
243 4738 416 4814 kalendas
430 4739 541 4812 maias
558 4765 566 4810 ε
582 4739 739 4812 Adamas
753 4739 1005 4813 Sobolevshius
1019 4762 1039 4811 e
1054 4738 1211 4834 Collegio
1234 4737 1412 4820 Grosensi,
1433 4736 1576 4808 aliunde
1596 4737 1771 4833 Georgius
1802 4721 1929 4854 fflffl

151 4863 457 4959 Grunembergus,
489 4870 525 4935 et
557 4872 630 4936 tres
667 4865 827 4958 germani
862 4866 990 4938 fratres
1029 4863 1237 4936 Koielovicii
1259 4887 1267 4934 :
1288 4861 1469 4944 Albertus,
1499 4862 1704 4945 Casimirus,
1738 4869 1774 4936 et
1855 4933 1860 4944 ,

151 4986 297 5060 Petrus.
314 4989 362 5060 Hi
383 4995 457 5060 tres
474 4987 624 5059 maxime
638 4988 838 5060 Fabricium
851 4990 888 5060 in
905 4987 1052 5060 consilio
1066 4993 1227 5083 suscepto
1245 4984 1518 5070 confirmarunt;
1539 4986 1710 5080 appositis
1728 4986 1774 5058 ad

149 5110 392 5184 Cannensium
409 5111 503 5184 dona
519 5112 625 5183 rebus
647 5112 740 5184 suis:
765 5113 841 5185 aede
862 5113 999 5208 lapidea
1016 5113 1052 5182 in
1072 5111 1149 5207 ipso
1169 5111 1266 5181 urbis
1287 5111 1376 5193 soro,
1404 5116 1441 5181 ot
1457 5108 1667 5204 supellectili
1685 5109 1773 5180 mul-

148 5233 286 5327 tiplice.
307 5235 436 5308 Gratas
461 5235 563 5308 bonis
587 5235 735 5321 civibus,
760 5259 825 5308 sua
850 5235 1006 5330 ipsorum
1033 5234 1226 5318 voluntate,
1254 5233 1513 5327 hospitesque
1539 5239 1776 5304 tractarentur

1803 3591 1951 3663 nmium
2058 3556 2064 3568 ’

1795 3671 1884 3734 urbis.
