4930 6634
696 738 806 799 LlBEll
828 735 993 798 OCTAVUS
1012 736 1225 816 (teto-tolo).
1753 735 1814 798 323

191 909 317 999 alsium,
333 916 627 1002 virumnobilem,
642 918 757 1014 pridie
769 920 910 995 kalend.
923 921 1012 994 febr.
1026 928 1061 993 et
1075 918 1290 994 Stanislaum
1302 919 1624 1004 Radzieiovskium,
1638 920 1814 994 Lonciciae
1845 936 1910 992 1638

191 1037 392 1132 palatinum,
425 1042 653 1137 provinciolae
689 1035 882 1118 Lomsensi'
909 1045 1127 1141 praefectum,
1157 1043 1225 1116 VII
1256 1042 1428 1116 kalendas
1453 1043 1654 1138 januarias,
1683 1044 1722 1116 in
1749 1069 1812 1118 suo
1841 1030 1947 1164 &³03ss

191 1162 318 1258 templo
339 1163 558 1239 iunerarunt.
580 1164 698 1240 Vilnae
714 1170 882 1264 exequias
906 1169 995 1242 itum
1024 1167 1159 1241 amanti
1185 1167 1373 1240 Societatis
1400 1167 1562 1252 antistiti,
1588 1167 1742 1262 Kijoviae
1778 1175 1812 1241 ct
1841 1188 1936 1246 Adam

191 1285 363 1360 universa
396 1287 539 1362 Russiae
574 1291 855 1386 metropolitano,
886 1294 908 1365 J
913 1293 1045 1388 osepho
1081 1291 1268 1368 Velamina
1303 1291 1481 1376 Rudzkio,
1515 1289 1698 1364 carissimo
1728 1290 1812 1364 olim
1839 1265 1990 1404 {⁸52⁰ss

190 1409 230 1482 P.
251 1409 432 1484 Valentini
444 1413 615 1500 Fabricii,
635 1438 747 1489 sacrae
768 1416 960 1512 theologiae
985 1417 1022 1488 in
1045 1413 1228 1489 academia
1247 1414 1411 1486 Vilnensi
1440 1414 1605 1500 doctoris,
1623 1414 1808 1511 discipulo,
1838 1421 1959 1480 dzieiovii

189 1533 274 1607 XVI
292 1533 466 1608 kalendas
484 1536 615 1632 apriles
633 1547 784 1625 mortuo,
800 1547 937 1614 mature
954 1539 1002 1612 ad
1014 1540 1147 1612 obitum
1164 1537 1301 1613 felicem
1319 1562 1385 1616 sua
1397 1538 1540 1634 pietate,
1562 1545 1597 1612 et
1614 1539 1809 1622 Sociorum,
1839 1507 1951 1659 ἓξὲξ·

191 1680 268 1732 aso
281 1659 433 1756 collegio
447 1663 649 1736 academico
667 1665 870 1750 accitomm,
892 1687 958 1760 ope
975 1671 1192 1759 comparate.
1208 1663 1412 1736 Antistitem
1428 1663 1522 1736 hunc
1537 1663 1693 1736 laudavit
1710 1664 1813 1735 etiam
1841 1671 1955 1728 Rudzkit

190 1783 373 1858 Romanus
392 1787 558 1860 Pontifex
575 1787 743 1861 Urbanus
759 1789 848 1863 VIII
864 1817 873 1876 ;
893 1812 998 1884 quem
1023 1790 1061 1862 in
1078 1789 1171 1861 datis
1201 1789 1273 1860 suis
1305 1788 1351 1861 ad
1376 1810 1457 1860 eum
1487 1786 1615 1860 litteris
1633 1786 1811 1861 Atlantem
1839 1754 1969 1890 {¹5¹ng

190 1907 326 1984 Groecae
338 1934 424 1984 cum
435 1911 547 1984 latina
564 1912 725 1986 Ecclesia
741 1915 941 2009 conjunctae
960 1938 967 1985 :
989 1913 1186 1986 columnam
1200 1912 1237 1985 in
1254 1913 1378 1985 eadem
1395 1911 1578 2008 religionis
1596 1911 1779 1986 catholicae
1801 1936 1808 1984 :

190 2033 331 2106 Russiae
348 2033 580 2108 Athanasium
597 2035 764 2131 appellat.
782 2035 898 2108 Multa
911 2036 1089 2131 sapienter
1103 2036 1190 2131 egit,
1206 2035 1316 2108 multa
1328 2035 1472 2131 pertulit
1487 2034 1638 2122 fortiter,
1650 2037 1812 2109 Rutenos

188 2157 339 2230 maxime
357 2157 568 2230 conciliandi
592 2160 728 2232 Latinis
758 2161 886 2246 studio,
906 2159 1046 2255 adjutor
1064 2159 1211 2256 op'erum
1237 2161 1339 2233 beato
1357 2160 1380 2232 J
1383 2160 1546 2254 osaphat,
1567 2158 1811 2236 Poloeensium
1844 2185 1849 2199 ·

189 2279 467 2377 enehiepiscopo.
483 2281 539 2354 Ad
557 2283 814 2356 restituendum
827 2283 864 2355 in
878 2306 979 2356 suum
994 2283 1179 2380 dignitatis
1194 2284 1344 2378 gradum
1358 2283 1428 2355 divi
1441 2281 1567 2356 Basilii
1580 2282 1632 2355 M.
1646 2282 1814 2356 Ordinem

187 2403 365 2479 industria
387 2430 452 2480 sua
474 2431 544 2480 non
574 2430 699 2502 parum
724 2407 885 2481 contulit.

237 2531 304 2609 His
322 2530 414 2606 adde
431 2534 660 2606 memoranda
676 2534 829 2606 aliorum
852 2531 959 2605 etiam
977 2531 1062 2604 alibi
1082 2530 1207 2602 funera
1228 2553 1235 2601 :
1257 2528 1451 2602 Smolensei
1469 2529 1628 2611 Helenae,
1653 2530 1698 2605 de
1717 2533 1814 2629 prin·
1842 2529 1948 2588 corvini

188 2655 264 2751 cipe
279 2657 569 2751 Sangusakorum
586 2655 731 2742 familia,
749 2657 910 2753 conjugis
927 2657 1117 2728 fortunatae
1135 2653 1331 2727 Alexandri
1344 2655 1487 2728 Corvini
1505 2655 1700 2742 Gosievski,
1715 2657 1813 2730 smo-
1841 2613 1986 2748 gsslffi

185 2783 421 2858 lenscensium
458 2785 620 2881 palatini,
652 2784 951 2860 commemorabili
992 2784 1123 2878 pietate
1152 2783 1307 2868 feminae,
1340 2780 1589 2878 religiosorum
1623 2783 1808 2873 Ordinum,
1942 2869 1949 2884 ⁸

185 2907 357 3004 inprimis
374 2911 501 2995 nostri,
522 2911 775 2983 amantissimae
793 2936 801 2982 :
818 2909 902 3000 alibi
924 2908 1044 2981 uxoris
1065 2906 1136 3002 piae
1162 2906 1260 2980 Petri
1277 2906 1432 3004 Tryzna,
1454 2905 1622 2979 domicilii
1645 2908 1757 2982 nostri
1774 2909 1811 2980 in
1839 2869 1951 3018 iffi

186 3031 314 3128 oppido
344 3033 524 3106 Bobruisk
550 3033 742 3107 conditoris
764 3058 771 3105 :
796 3033 926 3118 Crosis,
947 3031 1015 3103 viri
1038 3030 1162 3125 opibus
1192 3037 1228 3103 ct
1257 3053 1390 3125 genere
1415 3029 1632 3124 praenobilis,
1661 3031 1809 3106 loannis
1838 3041 1956 3118 uxorqm.

186 3157 300 3230 Ulrici
330 3159 499 3256 Saveryn‚
529 3159 661 3232 domini
688 3159 724 3230 in
748 3158 920 3254 Alsvang.
952 3157 1069 3253 Hujus
1098 3154 1204 3228 funus
1232 3155 1427 3252 intemplo
1457 3155 1608 3251 Collegii
1636 3155 1810 3252 Georgius
1839 3103 1961 3254 &illm

186 3281 426 3378 Tysnkievicz,
457 3285 641 3381 epiecopus
672 3284 891 3378 Samogitiae,
918 3306 997 3354 cum
1021 3304 1086 3354 suo
1102 3260 1362 3353 ¹canonicorum
1392 3280 1556 3376 collegio,
1589 3289 1624 3355 et
1653 3281 1811 3354 affinium
1838 3261 1934 3320 crosis.

185 3429 370 3502 procorum
391 3408 650 3502 amicorumque
667 3407 882 3503 frequentia,
899 3405 1132 3478 celebrarunt.
1148 3405 1265 3477 Natus
1283 3412 1428 3498 parente
1445 3405 1627 3492 haeretico,
1643 3406 1810 3501 praefecto

173 3529 397 3603 'Curiandiaa
419 3532 501 3604 lam
518 3540 554 3604 et
570 3531 732 3603 militiam
750 3530 883 3616 multis,
906 3529 994 3602 duce
1024 3529 1176 3600 maxime
1207 3520 1335 3602 earolo
1359 3528 1605 3612 Ohodkievica,
1628 3537 1806 3626 expertus,

182 3653 477 3728 ethaereticorum
506 3655 725 3749 periclitatus
752 3655 909 3740 fraudes,
936 3651 982 3726 ad
1001 3652 1198 3726 Ecclesiam
1217 3651 1348 3724 Christi
1365 3653 1498 3747 primus
1521 3677 1541 3726 c
1564 3661 1670 3748 ganta
1689 3677 1753 3727 sua
1771 3677 1809 3729 se

183 3777 409 3874 aggregavit,
439 3802 524 3851 cura
549 3779 731 3853 Sociorum
756 3780 919 3851 manime.
945 3777 1103 3850 Nesvisii
1119 3799 1222 3849 suum
1248 3785 1365 3850 rector
1398 3776 1584 3871 dereliquit
1597 3775 1805 3873 Collegium,

181 3899 266 3973 olim
300 3893 524 3996 provincialis
553 3927 699 3999 praeses,
728 3901 883 3975 Michael
911 3902 1080 3985 Ortisius,
1108 3923 1199 3972 anno
1236 3901 1319 3973 vitae
1348 3899 1502 3974 secundo
1529 3924 1636 3997 supra
1666 3910 1807 3998 octogc·
1901 3953 1935 4006 32

183 4023 309 4097 simum
338 4025 534 4099 defunctus.
558 4027 687 4098 Divina
712 4027 747 4098 in
772 4025 894 4120 templi
916 4024 1005 4097 odeo
1040 4023 1279 4108 meditantem,
1296 4032 1332 4097 et
1361 4047 1436 4120 prae
1457 4025 1566 4097 animi
1596 4026 1723 4100 ardore
1763 4050 1807 4101 ex
1835 4033 1867 4086 P·
1888 3999 1995 4126 (lrflaii‘

184 4149 345 4222 oratione
395 4149 601 4236 sudantem,
638 4151 769 4246 frigida
807 4157 951 4244 repente
993 4147 1148 4222 afflatum
1194 4171 1305 4232 aura,
1347 4147 1508 4222 dissolvit
1551 4149 1725 4248 paralysis
1750 4152 1804 4224 ΙΙΙ
1834 4114 1958 4171 Nauna

180 4269 260 4345 idus
288 4274 505 4348 decembres.
1016 4275 1018 4283 ⁸

223 4398 402 4494 Suscepta
418 4401 514 4495 regis
531 4395 706 4472 Vladislai
723 4413 811 4489 erga
826 4391 1039 4465 Societatem
1060 4391 1307 4464 benevolentia
1320 4397 1518 4490 augebatur
1530 4399 1567 4470 in
1585 4397 1674 4485 dies,
1690 4421 1802 4495 eoque
1899 4391 1932 4482 33

181 4521 307 4596 deinde
324 4525 508 4620 processit,
525 4529 563 4595 ut
584 4521 706 4595 Socios
735 4518 840 4591 adse
858 4515 1035 4589 domicilio
1066 4516 1231 4612 princeps
1259 4517 1449 4595 identidem
1467 4533 1681 4611 arcesseret;
1702 4527 1803 4620 quasi
1832 4469 1953 4606 Alrdurdx

182 4667 255 4718 non
270 4646 376 4742 hujus
392 4647 549 4732 Ordinis,
566 4653 710 4718 autnon
728 4644 779 4715 ita
793 4648 928 4737 gratos,
942 4640 1103 4712 homines
1117 4639 1155 4712 in
1168 4663 1234 4712 sua
1251 4650 1381 4736 praesto
1405 4645 1553 4720 haberet
1569 4647 1673 4735 aula;
1694 4649 1802 4722 inter·
1831 4628 1960 4764 '3:22⁸ssss

181 4767 265 4840 dum
287 4770 396 4845 etiem
421 4769 498 4867 ipse
523 4771 664 4855 viseret,
680 4775 730 4852 et,
750 4764 942 4862 praemissis
969 4786 1013 4837 cx
1037 4785 1119 4836 arce
1138 4765 1247 4859 regiis
1263 4765 1405 4840 ferculis
1424 4776 1459 4841 et
1478 4771 1603 4857 abaco,
1619 4796 1699 4845 oum
1715 4773 1803 4869 ipsis
1831 4725 1950 4845 laneat

180 4890 278 4988 apud
311 4915 375 4966 eos
407 4895 608 4968 coenitaret.
641 4892 682 4965 ld
717 4888 888 4986 praestitit
913 4898 988 4960 tum
1021 4887 1122 4970 alias,
1147 4895 1223 4960 tum
1254 4911 1357 4963 saera
1390 4891 1469 4966 luce
1501 4895 1584 4967 divo
1611 4897 1803 4972 Francisco
1830 4867 1927 4925 ww·

180 5015 360 5106 Xaverio;
380 5041 449 5113 quo
478 5019 535 5092 die
556 5016 651 5114 apud
677 5014 800 5089 Socios
833 5013 985 5084 conviva
1000 5035 1093 5099 ,cum
1123 5012 1250 5107 regina
1279 5017 1444 5114 conjuge,
1472 5021 1632 5116 principe
1660 5022 1801 5109 (lamio,

181 5148 220 5216 et
234 5140 340 5216 Anna
356 5165 477 5216 sorore
491 5167 575 5216 usus
593 5150 646 5217 est
669 5139 799 5214 nostris
826 5137 937 5210 hilare
954 5143 1204 5229 amanterque;
1226 5139 1374 5233 quahter
1388 5143 1504 5218 Vilnae
1522 5169 1660 5242 quoque
1680 5147 1804 5221 acade-
