4948 6654
700 823 808 884 LIBER
829 824 998 896 QUARTUS
1020 824 1233 902 (15904600).
1730 823 1790 890 175

171 1007 335 1080 salutaris
354 1005 430 1104 ejus
461 1007 599 1081 consilii
620 1008 873 1094 turbatoribus,
893 1018 966 1083 mm
993 1009 1061 1082 cito
1089 1009 1205 1083 oblitis
1232 1009 1495 1106 promissorum,
1517 1015 1552 1082 et
1568 1006 1650 1080 fidei
1677 1031 1788 1104 nuper
1815 1015 1882 1072 1596

172 1156 278 1228 super
305 1132 424 1206 eadem
442 1156 481 1204 re
513 1132 738 1228 Sigismundo
762 1135 839 1230 regi
858 1135 1047 1230 obligatae;
1075 1135 1238 1229 quicum
1266 1134 1343 1206 istis
1373 1141 1601 1218 armatorum,
1617 1157 1788 1230 poparum

171 1257 379 1353 agrestium,
417 1254 531 1352 glebae
564 1257 808 1353 ascriptorum,
840 1259 978 1343 turmis,
1012 1258 1198 1331 contractis
1232 1258 1337 1330 etiam
1364 1258 1586 1352 alienigenis,
1613 1257 1789 1330 Brestiam

167 1380 390 1475 irrupissent,
410 1389 515 1474 atque
532 1381 622 1453 adeo
650 1382 687 1452 in
712 1383 826 1477 ipsum
851 1391 924 1454 tam
948 1383 1087 1455 illustre
1118 1379 1326 1476 sacrumque
1352 1382 1537 1454 concilium
1555 1381 1784 1456 involassent.

167 1507 326 1580 Ratione
351 1508 435 1579 facti
452 1507 505 1578 sui
531 1503 657 1601 legatis
687 1506 858 1603 exposita,
880 1506 951 1578 dux
969 1505 1262 1600 Ostrogiensium,
1283 1507 1465 1578 turbarum
1490 1508 1637 1579 istarum
1655 1515 1787 1591 auctor,

167 1630 347 1726 palatinus
378 1630 606 1725 Kijoviensis,
636 1631 900 1717 Constantinus
934 1629 1109 1727 pollicitus
1144 1636 1210 1715 est,
1239 1628 1327 1701 nihil
1348 1630 1537 1723 perniciosi
1567 1629 1724 1725 partibus
1751 1653 1789 1704 se

167 1761 397 1838 tentaturum,
409 1753 512 1826 modo
525 1763 644 1849 patres
657 1754 845 1848 conscripti
865 1761 979 1827 certas
993 1756 1088 1851 pacis
1102 1755 1319 1827 conditiones
1331 1778 1354 1826 a
1367 1755 1514 1829 concilio
1528 1779 1591 1827 suo
1605 1753 1784 1828 afferrent.

169 1877 240 1948 Vix
257 1877 342 1949 dum
359 1879 602 1974 hocpatribus
627 1879 664 1951 in
690 1902 858 1952 consessu
876 1882 1115 1954 renuntiatum
1132 1888 1197 1964 est,
1214 1904 1294 1952 cum
1311 1902 1333 1951 a
1352 1879 1424 1952 suis
1438 1887 1635 1964 monentur,
1655 1903 1787 1953 conve-

170 2001 263 2073 nisse
281 2025 325 2073 ex
342 2002 492 2074 adverso
506 2001 542 2073 in
556 2001 861 2077 Volodimiriensis
874 2005 1026 2101 episcopi
1045 2005 1157 2078 sedem
1174 2004 1418 2088 adversarios;
1435 2005 1511 2098 jam
1529 2026 1630 2076 exeo
1649 2003 1788 2076 comitio

171 2125 324 2201 delectos
337 2150 415 2202 esse
427 2129 474 2200 ad
490 2129 795 2224 metropolitanum
808 2129 1055 2202 internuntios.
1077 2129 1129 2201 Εο
1147 2150 1185 2200 se
1210 2151 1346 2221 quoque
1370 2125 1482 2198 nuntii
1497 2123 1591 2219 ‘regii
1613 2124 1787 2221 extemplo

170 2253 600 2347 conserunt300mperiunt
626 2251 674 2336 id,
696 2253 788 2346 quod
814 2251 947 2324 nollent
968 2256 1297 2349 :metropolitanum
1323 2254 1533 2351 reprehendi
1557 2277 1579 2324 a
1606 2254 1771 2340 factiosis

170 2375 260 2470 quod
286 2399 364 2447 cum
382 2373 555 2447 Romanis
573 2375 617 2448 de
643 2378 786 2471 negotio
812 2375 994 2469 religionis
1011 2380 1225 2450 consentiret
1246 2401 1253 2447 :
1275 2375 1368 2470 quod
1394 2373 1568 2469 synodum
1594 2376 1780 2468 coegisset,

171 2523 236 2571 non
255 2499 426 2571 consultis
452 2507 558 2572 sectae
584 2524 658 2572 suae
685 2500 880 2597 episcopis;
910 2500 1002 2595 quod
1023 2502 1090 2572 hoc
1107 2509 1262 2597 tempore
1284 2501 1357 2572 suis
1375 2499 1508 2572 aditum
1527 2499 1780 2594 praecluderet;

171 2627 285 2721 itaque
313 2626 536 2722 profanatum
565 2626 665 2699 factis
691 2627 776 2710 suis,
797 2625 1044 2720 magistratum
1076 2624 1293 2720 pontificium
1320 2621 1386 2694 sibi
1414 2643 1491 2694 esse
1525 2623 1781 2718 abrogandum,

172 2773 274 2845 seque
289 2751 367 2821 dira
380 2752 636 2846 proscriptione
655 2750 916 2846 segregandum
933 2749 978 2821 ab
996 2750 1156 2846 Ecclesia
1170 2748 1389 2820 Graecanica.

216 2875 283 2946 His
297 2876 493 2969 experrecti
510 2874 618 2970 legati
636 2875 726 2969 regii
743 2874 938 2970 palatinum
956 2873 1110 2970 Kijoviae
1118 2873 1341 2956 conveniunt,
1358 2878 1486 2965 rogant
1499 2892 1558 2954 an,
1570 2873 1781 2966 quaeincon·

172 3000 332 3072 ciliabulo
347 3023 490 3073 suorum
499 3008 701 3095 agerentur,
712 3001 818 3073 sciret
825 3001 901 3096 ipse
908 3000 1151 3096 probaretque.
1167 2999 1268 3072 Nihil
1282 2997 1559 3085 dissimulatille;
1572 2997 1654 3092 quin
1664 3006 1784 3071 aucto-

170 3120 238 3196 rem
263 3124 370 3196 etiam
384 3125 460 3219 ejus
472 3126 632 3198 factionis
649 3149 687 3198 se
703 3123 880 3218 gloriosus
890 3124 1017 3218 jactat.
1033 3124 1169 3197 Averso
1188 3123 1365 3196 enimvero
1383 3145 1589 3218 responsum
1603 3128 1784 3216 acceptum

169 3251 295 3323 animo.
316 3251 504 3345 Proposita
530 3259 605 3324 tum
622 3253 673 3324 rei
699 3249 929 3345 indignitas«
956 3249 1048 3321 male
1072 3250 1138 3321 boc
1166 3256 1269 3345 pacto
1297 3247 1432 3320 consuli
1461 3247 1566 3318 famae
1583 3270 1670 3331 suae,
1693 3248 1784 3320 male

171 3403 185 3432 α
206 3373 312 3445 saluti
329 3374 543 3456 mortalium,
563 3374 655 3446 male
669 3375 798 3447 divinae
817 3375 939 3471 gloriae
960 3377 1089 3448 :modo
1106 3374 1203 3470 pacis
1218 3373 1435 3447 conditiones
1455 3373 1540 3468 peti,
1560 3373 1663 3446 modo
1682 3374 1785 3448 civile

171 3497 336 3571 «bellum
366 3498 588 3576 inflammari.
614 3500 860 3573 consideraret
876 3524 981 3596 porro
1010 3500 1186 3596 palatinus
1205 3523 1336 3584 secum,
1357 3521 1461 3594 quam
1487 3498 1643 3594 iniquum
1676 3507 1782 3582 esset,

171 3623 288 3696 “ferri
315 3625 523 3697 sententiam
546 3624 658 3720 priua,
679 3632 715 3697 et
732 3648 912 3699 sacrorum
929 3625 1155 3699 condemnari
1168 3623 1358 3708 antistites,
1389 3645 1495 3717 qnam
1519 3645 1661 3697 causam
1686 3645 1785 3696 suam

171 3779 186 3806 α
201 3747 381 3820 dixerint:
402 3748 573 3821 celebrari
587 3757 780 3824 conventus
793 3751 963 3823 adversus
977 3752 1083 3836 cinea,
1110 3753 1258 3834 'amicos
1279 3755 1314 3822 et
1332 3756 1503 3843 cognatas
1523 3749 1590 3821 sibi
1606 3749 1757 3822 familias
1775 3775 1783 3822 :

170 3902 185 3932 a
206 3873 383 3945 hominem
398 3872 547 3968 denique
565 3875 749 3968 profanum
769 3876 812 3949 de
831 3875 1060 3969 religionibus
1075 3874 1284 3982 disceptare,
1304 3879 1339 3946 et
1351 3873 1524 3944 arbitratu
1539 3879 1693 3945 statuere
1706 3897 1784 3958 suo,

169 4027 184 4057 a
205 4000 285 4093 quis
303 3999 383 4094 pius
397 4006 460 4070 aut
476 4001 631 4094 prudens
645 4003 841 4074 sustineatl
861 4003 900 4073 ld
916 4002 1071 4075 muneris
1084 4009 1180 4074 certe
1199 4024 1243 4073 ne
1256 4002 1331 4095 ipse
1345 3999 1484 4094 quidem
1502 4001 1694 4073 communis
1713 4026 1786 4073 om-

168 4154 183 4184 s
203 4125 303 4196 nium
317 4125 445 4197 civium
459 4126 629 4221 Princeps
647 4149 785 4199 sumere
804 4128 871 4199 sibi
888 4126 998 4198 voluit
1017 4133 1075 4198 aut
1088 4127 1223 4220 potuit;
1245 4147 1354 4219 quare
1367 4125 1459 4197 idem
1473 4125 1618 4196 arbitrio
1633 4127 1793 4224 ipsorumn

166 4275 181 4304 ι
201 4246 385 4319 bominum
403 4246 651 4342 religiosorum
668 4249 938 4322 commisissem
953 4271 1022 4342 qua
1034 4248 1243 4322 auctoritate
1257 4245 1499 4342 magisterium
1516 4247 1785 4344 metropolitano

166 4401 181 4431 a
202 4393 343 4443 sacrum
357 4371 535 4466 palatinus
549 4396 627 4444 cum
644 4375 716 4445 suis
734 4374 994 4447 centurionibus
1009 4377 1076 4447 iret
1092 4373 1327 4466 abrogatuml
1346 4372 1450 4444 Omni
1463 4370 1610 4466 profano
1638 4373 1675 4444 id
1689 4381 1785 4468 pote-

163 4522 179 4552 «
202 4497 310 4568 statis
328 4495 490 4591 superius
502 4518 580 4569 esse
598 4497 803 4570 subsellio.»
826 4499 1009 4593 Ejusmodi
1026 4496 1220 4570 rationibus
1239 4494 1409 4566 adductus
1424 4492 1572 4586 denique
1592 4503 1646 4568 est
1658 4495 1785 4591 palati-

160 4639 241 4702 nuS,
263 4627 304 4690 ut
319 4618 487 4692 adessent
508 4643 529 4693 e
551 4643 615 4692 suo
631 4629 722 4693 coetu
736 4623 915 4705 haeretico,
937 4623 1143 4716 quibuscum
1157 4617 1320 4691 catholici
1334 4641 1453 4690 coram
1484 4620 1527 4690 de
1545 4622 1688 4714 negotio
1706 4646 1786 4694 con-

158 4725 392 4815 serrent.Duo
411 4743 458 4814 ad
474 4743 510 4816 id
527 4746 658 4839 exejus
676 4745 825 4839 collegio
843 4743 1244 4829 lecti,Premisliensium
1257 4742 1360 4826 alter,
1372 4741 1463 4814 alter
1479 4742 1777 4837 Leopoliensium,

156 4865 337 4938 antistites
360 4865 537 4939 Rutenici.
559 4867 616 4940 Ad
637 4869 702 4941 hos
725 4870 904 4964 regiorum
933 4870 1133 4964 legatorum
1150 4867 1241 4939 alter
1270 4866 1422 4938 instituit
1441 4867 1657 4954 orationem;
1680 4893 1783 4963 quam

156 4989 312 5074 anobis,
332 5014 374 5062 ex
388 4992 578 5065 vernaculo
595 4993 690 5088 apud
710 4995 854 5066 Petrum
873 4993 1013 5088 Skarga
1026 4993 1073 5090 (1),
1094 4993 1130 5064 in
1148 4991 1313 5063 Latinum
1331 5012 1549 5073 conversam,
1570 4993 1715 5087 accipe:

198 5148 239 5224 (1)
269 5147 306 5208 V.
329 5148 440 5220 librum,
467 5165 549 5221 qrrem
576 5149 620 5206 hic
639 5149 782 5222 inscripsit
801 5148 932 5206 Koresia
959 5148 1149 5229 praypodbowc
1171 5142 1237 5227 [scu
1258 5146 1405 5204 Coucioues
1418 5148 1536 5238 divorsis
1549 5155 1576 5206 ct
1588 5150 1671 5210 variis
1695 5166 1782 5224 opus-

155 5256 227 5312 culis
243 5259 340 5315 auctae
353 5256 425 5312 iutcr
440 5270 502 5327 quan
519 5254 586 5314 illud
602 5257 636 5312 dc
652 5255 753 5335 synodo
768 5251 936 5334 Brereenst]
