4948 6654
683 809 791 868 LlBER
814 809 975 880 QUINTUS
996 808 1206 885 (ibbo-idib).
1713 803 1773 868 209

147 1011 331 1085 fraudibus
348 1013 518 1086 Demetrii
536 1013 707 1088 adversus
735 1015 892 1088 Polonos
920 1016 1076 1100 incitata,
1100 1014 1249 1087 Carolus
1274 1013 1345 1084 dux
1367 1010 1632 1084 Sudermunnus
1654 1011 1774 1105 copias
1802 1003 1882 1134 “⁵⁰39
1991 1041 1999 1048 ·

148 1160 232 1210 suas
245 1136 384 1210 Baltico
402 1139 492 1210 mari
509 1138 547 1210 in
561 1139 746 1211 Livoniam
759 1139 890 1225 intulit,
920 1147 1072 1235 quatuor
1086 1160 1193 1234 snpra
1207 1137 1327 1210 decem
1341 1134 1451 1208 millia
1468 1143 1698 1208 armatorum.
1800 1121 1910 1214 uituli

199 1263 295 1342 Quos
317 1262 375 1335 hic
401 1264 618 1358 gubernator
645 1264 805 1337 Livoniae
831 1263 980 1337 Carolus
1001 1261 1244 1336 Chodkiewicz
1263 1261 1431 1355 objiceret
1448 1259 1596 1344 infestis,
1623 1260 1689 1332 tria
1711 1283 1775 1355 per
1801 1237 1935 1371 fgfflm

151 1387 347 1459 exinanitos
364 1409 434 1482 qua
457 1388 743 1484 populationibus
773 1389 921 1462 Sueticis
936 1410 1006 1483 qua
1022 1387 1114 1458 fame
1143 1394 1178 1458 et
1195 1384 1398 1480 pestilentia
1420 1406 1526 1480 agros
1544 1383 1775 1457 Lituanorum
1801 1392 1949 1450 exercitum.

152 1510 273 1597 millia,
307 1519 342 1584 et
359 1512 572 1607 quingentos
605 1513 740 1608 equites
770 1511 1014 1596 subsidiarios,
1048 1533 1071 1583 a
1100 1510 1258 1605 principe
1271 1508 1474 1582 Curlandiae
1492 1508 1675 1582 Friderico
1693 1510 1774 1581 sub-

153 1639 290 1722 missos,
311 1637 490 1711 ductabat.
521 1638 654 1734 Rigam
685 1639 819 1712 Suecns
838 1637 993 1734 perrexit
1010 1643 1131 1721 recta;
1152 1633 1235 1706 inde
1253 1634 1319 1706 sibi
1336 1656 1359 1704 a
1377 1640 1479 1728 tergo
1497 1640 1670 1718 metuens,
1693 1633 1775 1705 Kir-

155 1762 342 1849 cholmum,
354 1764 414 1836 ubi
428 1763 571 1836 Lituani
586 1763 949 1848 castrametabantur,
972 1761 1164 1834 exercitum
1183 1759 1366 1831 convertit.
1378 1757 1438 1831 Fit
1446 1757 1621 1854 praelium,
1636 1758 1777 1831 caedun-

155 1893 209 1959 tur
232 1888 365 1959 hostes.
389 1887 655 1960 Sudermannus
677 1885 761 1972 dux,
782 1895 818 1959 et
846 1885 922 1981 ipse
952 1885 1106 1969 saucius,
1125 1882 1267 1955 amissis
1297 1880 1418 1954 decem
1448 1904 1591 1954 suorum
1608 1881 1775 1965 millibus,

155 2013 245 2085 inter
270 2035 332 2084 eos
350 2010 601 2085 Brunsvicensi
620 2019 655 2084 et
671 2011 942 2106 Lunebnrgensi
969 2008 1129 2093 ducibus,
1148 2005 1416 2102 quadringentis
1433 2005 1470 2076 in
1488 2006 1608 2100 fugam
1627 2007 1775 2092 aversis,

157 2136 249 2208 solus
267 2160 308 2209 se
323 2135 370 2208 ad
387 2161 469 2210 suas
483 2161 592 2211 naves
611 2137 686 2232 agit
703 2136 930 2232 praecipitem.
948 2132 1167 2206 Admirando
1186 2130 1292 2228 plane
1309 2131 1376 2204 Dei
1393 2132 1564 2205 beneficio
1583 2155 1626 2204 ea
1643 2140 1778 2205 nostra-

157 2259 247 2332 tibus
270 2260 418 2358 victoria
435 2259 532 2334 stetit
561 2261 595 2330 V
611 2259 785 2334 kalendas
802 2261 977 2344 octobres,
998 2259 1055 2332 die
1068 2255 1311 2330 anniversario
1329 2253 1571 2327 translationis
1587 2254 1683 2327 beati
1701 2255 1778 2328 Sta·

158 2381 259 2455 nislai
273 2383 460 2480 Martyris,
480 2384 620 2480 patroni
639 2383 741 2478 regni
754 2383 937 2456 ¹Poloniae.
961 2383 1016 2456 Ex
1038 2381 1111 2454 acie
1135 2379 1322 2473 sexaginta
1343 2376 1473 2450 vexilla
1491 2377 1633 2451 Suetica
1649 2378 1780 2473 Rigam

160 2508 358 2580 aLituanis
374 2508 674 2603 triumphantibus
707 2508 829 2595 illata;
857 2508 951 2603 capti
982 2507 1137 2581 hostium
1164 2504 1433 2601 quadringenti;
1467 2503 1676 2576 nostratium
1699 2505 1782 2576 caesi

158 2631 411 2726 quinquaginta
436 2656 508 2706 non
528 2632 692 2728 ampliuS,
719 2632 896 2706 vulnerati
926 2631 1175 2728 quadraginta.
1198 2631 1401 2704 Occisurum
1431 2653 1592 2725 corpora,
1626 2653 1708 2725 pars
1743 2631 1780 2702 in

158 2756 392 2842 coemeteriis,
417 2780 502 2852 pars
533 2757 569 2828 in
600 2756 770 2851 sepulcris
795 2757 957 2842 condita;
989 2756 1065 2850 ipso
1097 2755 1184 2828 duce
1210 2754 1377 2849 exequias
1395 2773 1538 2826 suorum
1554 2755 1776 2827 honestante.

161 2879 291 2952 Gratiae
314 2879 389 2952 Deo
408 2903 471 2975 pro
489 2881 637 2952 victoria
652 2882 784 2977 hymno
801 2879 1035 2953 Ambrosiano
1050 2880 1085 2950 in
1103 2877 1232 2974 templo
1254 2877 1402 2972 Collegii
1417 2877 1627 2950 decantatae.
1649 2879 1779 2952 Ducem

161 3009 274 3074 rector
291 3001 572 3096 gratulabundus
601 3001 780 3076 salutavit.
796 3001 966 3096 ,Insignis
989 3001 1065 3096 ejus
1080 3001 1215 3075 laetitiae
1239 2993 1322 3096 pars
1343 3002 1389 3073 ad
1408 3000 1602 3095 Collegium
1621 3002 1780 3098 Rigensc

161 3125 348 3218 pertinuit;
388 3127 488 3222 cujus
519 3125 756 3212 domicilium,
789 3126 983 3221 templum,
1021 3131 1057 3197 et
1095 3126 1231 3220 praedia
1266 3126 1557 3211 Sndermannus‚
1595 3127 1782 3214 haereticos

162 3245 339 3341 Rigenses
357 3247 404 3320 ad
424 3247 636 3322 deditionem
654 3249 822 3334 invitans,
842 3249 1051 3320 donaturum
1071 3271 1110 3322 se
1129 3250 1343 3324 Lutheranis
1361 3247 1581 3346 promiserat.
1860 3259 1901 3313 20·

206 3369 473 3466 Brunsbergam
490 3395 562 3445 non
580 3395 599 3445 e
617 3373 765 3444 Prussia
790 3379 938 3458 tantum,
969 3371 1069 3445 sede
1088 3374 1216 3459 Dania,
1248 3374 1443 3468 Norvegia,
1470 3375 1619 3470 aliisque
1643 3375 1781 3472 longin-
1809 3333 1956 3482 fflffi.

163 3493 341 3587 quioribus
370 3496 559 3592 provinciis
589 3495 787 3569 litterarum
825 3518 934 3567 causa
968 3496 1212 3570 adolescentes
1248 3497 1529 3592 frenquentiores
1561 3498 1596 3570 in
1627 3500 1703 3573 dies
1737 3501 1784 3574 ad
1810 3488 1957 3622 diupmiro

162 3601 347 3688 Societatis
376 3619 599 3714 gymnasium
617 3617 852 3692 confluebant.
888 3620 926 3690 Id
958 3621 1144 3714 populares
1175 3644 1258 3693 suos
1284 3620 1449 3716 deinceps
1478 3621 1594 3694 facere
1623 3623 1784 3698 haeretici
1810 3584 1955 3715 {ibidis

161 3742 390 3836 magistratus
407 3742 530 3816 edictis
560 3743 728 3837 gravibus
757 3749 922 3828 vetuere;
950 3744 1050 3815 inviti
1081 3744 1201 3839 itaque
1235 3753 1400 3840 parentes
1430 3745 1662 3842 Brunsberga
1692 3748 1784 3821 filios

162 3866 391 3940 revocabant.
425 3867 516 3939 Eam
547 3866 793 3940 haereticorum
817 3867 1101 3941 malevolentiam
1130 3870 1264 3964 insigni
1293 3871 1454 3966 prodigio
1481 3872 1577 3944 Deus
1607 3873 1781 3968 coarguit,

161 4011 298 4085 unaque
330 3991 677 4085 Brunsbergensium
707 3991 812 4064 fidem
843 3992 1076 4065 confirmavit.
1110 3993 1188 4066 Duo
1206 4017 1248 4066 eo
1280 3995 1316 4066 in
1353 3993 1494 4090 oppido,
1527 3996 1701 4068 mercibus
1722 3997 1785 4068 illa

161 4114 313 4188 maxime
341 4123 551 4210 tempestate
570 4115 715 4212 inclyto,
738 4116 907 4188 suburbia
926 4124 1039 4204 erant,
1063 4116 1180 4211 ampla
1198 4117 1281 4189 olim
1299 4092 1578 4214 negotiatoribus
1596 4121 1752 4215 emporia
1773 4147 1780 4212 ;

161 4237 324 4324 alterum,
349 4246 500 4334 quatuor
526 4240 629 4312 simul
647 4239 852 4336 regionibns
868 4240 1052 4313 incensum
1069 4239 1226 4326 fulmine,
1248 4241 1457 4336 deflagravit
1479 4267 1487 4316 :
1509 4243 1622 4330 alteri,
1640 4252 1786 4318 tonante

161 4361 385 4436 continenter
397 4385 439 4435 ac
451 4363 659 4436 fulminante
673 4363 774 4448 coelo,
790 4361 1039 4458 'universaeque
1054 4365 1131 4436 urbi
1146 4363 1291 4437 exitium
1308 4387 1372 4458 par
1386 4365 1621 4460 impendebat.
1638 4367 1786 4441 Nullum

161 4484 289 4560 incolis
306 4489 561 4561 servandarum
581 4512 699 4562 rernm
717 4511 861 4560 suarum
875 4495 1059 4583 supererat
1072 4488 1278 4574 consilinm;
1299 4496 1403 4560 vento
1423 4490 1575 4564 maxime
1588 4493 1788 4567 vehementi

163 4632 205 4682 ac
227 4611 402 4712 pertinaci
418 4619 555 4707 pestem
572 4613 714 4707 igneam
733 4611 818 4684 vicis
833 4611 995 4684 omnibus
1014 4620 1242 4707 propagante.
1263 4612 1321 4684 Ad
1340 4612 1535 4710 Collegium
1561 4617 1688 4713 trepidi
1705 4642 1785 4692 con·

162 4744 312 4808 currunt
340 4737 448 4809 cives.
481 4719 764 4809 Misericordiam
793 4736 857 4808 Dei
895 4735 1096 4830 implorant.
1137 4738 1233 4810 lnter
1262 4737 1505 4813 lamentabiles
1535 4741 1654 4837 populi
1685 4766 1788 4817 voces

161 4861 321 4935 defertur
339 4861 559 4936 asacerdote
576 4872 698 4935 nostro
718 4884 820 4933 sacra
838 4859 1003 4934 exaltari
1022 4860 1141 4932 hostia
1158 4860 1192 4931 in
1208 4861 1406 4955 proximum
1419 4862 1555 4935 flumini
1573 4865 1699 4950 vicum,
1729 4868 1789 4962 qui

163 4985 346 5058 flammam
365 4987 441 5081 jam
468 4994 687 5082 conceperat.
710 4985 786 5057 Res
804 4985 894 5057 mira
923 5009 930 5056 :
959 4983 1063 5056 simul
1080 4984 1237 5055 divinum
1254 4982 1425 5057 ferculum
1446 4987 1596 5061 flammis
1615 4989 1790 5086 obJeotnm

169 5116 237 5194 est,
260 5109 367 5181 simul
384 5115 522 5193 ventus,
543 5117 778 5204 contorquens
797 5131 848 5193 se,
869 5116 964 5180 rotro
982 5115 1116 5202 pestem
1130 5129 1261 5191 secum,
1285 5131 1431 5180 vacuam
1453 5110 1634 5205 regionem
1651 5137 1788 5199 versus,

167 5233 354 5328 corripuit.
371 5231 580 5306 Exclamare
591 5233 639 5304 ad
651 5234 731 5316 hoc,
752 5231 937 5328 gratulari,
957 5231 1112 5303 divinam
1126 5230 1344 5306 clementiam
1362 5233 1565 5310 collaudare
1582 5237 1789 5313 incolumes.

1630 5359 1662 5416 27
