4896 6650
683 759 790 820 urana
813 757 969 822 rannus
992 759 1206 835 (raso-raon).
1691 751 1760 818 rav

137 965 194 1038 per
211 942 361 1015 consilia
389 942 558 1039 principis
588 943 830 1038 prospiceret:
857 951 895 1015 ut
912 941 1063 1038 denique
1089 940 1322 1036 experiretur,
1343 962 1402 1024 an,
1424 938 1455 1010 si
1480 937 1556 1033 ipse
1585 944 1622 1009 et
1650 935 1759 1030 aliqui
1786 969 1850 1025 1585

22 1159 23 1170 ἵ
141 1090 251 1139 secum
273 1068 440 1140 abessent
458 1067 565 1153 Socii,
583 1067 709 1162 reliqui
722 1067 856 1139 invidia
879 1068 1007 1140 civium
1022 1063 1239 1138 levarentur.
1259 1062 1397 1135 Vendee
1414 1063 1570 1158 hospitio
1586 1062 1758 1158 ‘principis
1785 1049 1909 1106 Rutenos

22 1175 23 1194 ³
142 1213 232 1274 usus,
255 1199 331 1262 tum
347 1213 412 1286 per
429 1213 467 1262 se
486 1191 562 1285 ipse
575 1190 774 1286 oppidanis,
796 1199 869 1262 turn
882 1213 946 1285 per
960 1191 1083 1263 Socios
1096 1213 1140 1261 ex
1156 1188 1243 1260 urbe
1258 1187 1421 1258 dimissos
1435 1186 1599 1281 paganis,
1616 1207 1761 1280 operam
1784 1209 1879 1262 nasu

1786 1127 1882 1184 Vende

22 1385 23 1388 ,
143 1314 278 1386 navavit
298 1315 441 1400 utilem;
466 1315 687 1410 benignitate
713 1315 833 1386 divina
851 1313 973 1388 famuli
991 1315 1046 1385 sui
1065 1312 1296 1408 aegritudines
1319 1310 1437 1382 multis
1456 1309 1685 1403 abstergente
1707 1332 1762 1381 so·
1786 1287 1886 1422 {ffil'm

142 1439 242 1512 latiis.
262 1438 320 1512 Ad
337 1462 415 1514 eum
439 1438 634 1524 Volmarie‚
655 1439 876 1533 Romburgo,
898 1439 1088 1522 Pernavia‚
1108 1435 1257 1530 aliisque
1284 1459 1327 1507 ex
1352 1435 1517 1530 paroeciis
1542 1433 1758 1520 sacerdotes

142 1571 303 1658 tanquam
320 1562 367 1634 ad
384 1563 605 1658 magistrum,
627 1562 823 1659 disciplinae
845 1562 1095 1635 ecclesiasticae
1121 1559 1331 1645 consultum,
1352 1557 1554 1652 frequentes
1580 1581 1619 1629 se
1644 1559 1761 1630 confe-

22 1775 23 1780 ,
143 1688 282 1772 rebant;
307 1693 415 1781 utque
437 1687 473 1756 in
492 1688 688 1781 gymnasiis
708 1686 895 1760 Societatis
914 1694 1016 1759 erent
1033 1685 1200 1767 instituti,
1224 1707 1266 1755 ac
1283 1690 1471 1778 propterea
1490 1681 1634 1754 Ordinis
1656 1681 1761 1775 hujus

144 1818 310 1895 amantes,
331 1810 508 1884 revisendi
540 1812 645 1884 etiam
677 1813 795 1906 gratia
824 1810 984 1883 adibant.
1017 1811 1125 1905 Rigae
1152 1809 1288 1881 interea
1314 1806 1589 1879 consenescebat
1614 1805 1759 1878 invidia.
1789 1823 1910 1890 Rigensi-

144 1935 285 2008 Taedere
297 1935 373 2031 jam
391 1937 497 2031 coepit
528 1937 603 2031 ejus
630 1934 743 2008 civilis
772 1935 852 2008 belli
875 1935 1087 2007 turbulentis
1105 1933 1333 2006 concionibus
1359 1930 1492 2004 tamdiu
1511 1933 1675 2024 agitatos.
1706 1932 1764 2004 ln·
1787 1903 1933 2055 affl

145 2060 274 2154 quietos
288 2061 496 2154 compressit
519 2059 623 2132 edicti
640 2068 754 2134 metus
784 2061 888 2154 regii,
906 2060 1008 2131 nonis
1024 2059 1117 2155 junii
1139 2083 1202 2154 per
1234 2056 1450 2131 cardinalem
1470 2057 1664 2128 antistitem
1682 2078 1763 2150 pro·
1788 2084 1834 2124 su.
1948 2157 1951 2163 Ι

146 2185 298 2280 mulgati.
321 2185 399 2257 Hoc
417 2184 617 2256 ardeliones
636 2185 893 2257 Lutheraniccs
915 2184 965 2256 sic
990 2183 1153 2279 perculit,
1174 2191 1224 2268 ut,
1250 2182 1351 2255 obliti
1376 2182 1544 2254 continno
1566 2187 1602 2253 et
1622 2179 1763 2252 iuvidiae
1789 2178 1856 2272 ΟΨ
1874 2177 1918 2232 ¹¹³³·

147 2311 290 2382 recenb's
322 2317 357 2382 et
372 2295 488 2394 rixae,
513 2308 606 2380 ultro
637 2332 675 2380 se
702 2310 832 2381 nostris
858 2308 1041 2392 dederent,
1070 2315 1106 2380 et
1131 2309 1327 2381 Possevino
1347 2307 1425 2402 jam
1450 2307 1521 2402 (qui
1547 2307 1679 2400 Rigam
1702 2328 1765 2401 per
1788 2260 1919 2393 iffi?

148 2443 346 2508 autumnum
381 2433 583 2524 advenerat)
609 2432 838 2528 deprecatore
858 2433 953 2529 apud
971 2455 1091 2527 regem
1114 2433 1166 2504 uti
1186 2432 1331 2517 vellent,
1348 2432 1454 2527 idque
1466 2433 1617 2527 primum
1635 2436 1762 2503 orant:

148 2558 303 2644 alterum,
325 2567 364 2632 ut
379 2561 627 2656 magistratum
651 2564 687 2630 et
708 2558 859 2652 plebem,
880 2557 996 2629 adhuc
1015 2557 1106 2630 inter
1125 2545 1164 2630 se
1186 2555 1411 2640 dissidentes,
1437 2556 1572 2628 arbiter
1589 2555 1762 2628 conciliet.
1913 2635 1916 2644 ¹

149 2682 227 2776 Egit
249 2683 322 2768 ille,
352 2683 445 2779 quod
468 2683 604 2778 potuit3
636 2683 687 2753 sic
721 2682 924 2755 moderatus
947 2681 1109 2764 officium,
1141 2687 1180 2752 ut
1208 2681 1385 2753 hominem
1414 2680 1602 2753 Societatis
1625 2680 1768 2775 religio·
1859 2671 1860 2676 ’
1976 2715 1986 2730 ·

150 2827 220 2876 sum
234 2805 369 2891 decuit;
395 2806 617 2879 commonitis
635 2807 785 2900 primum
805 2806 978 2900 partibus,
1004 2835 1019 2866 a
1041 2803 1232 2899 tranquille
1250 2803 1368 2877 omnia
1389 2803 1663 2900 prudenterque,
1685 2804 1769 2875 civi·

154 2956 168 2986 a
187 2935 294 3002 tatum
306 2931 398 3003 bene
411 2937 628 3003 moratorum
648 2929 807 3024 exemplo
821 2938 970 3025 agerent
988 2955 996 3002 :
1018 2930 1256 3024 disceptantes
1270 2929 1314 3002 de
1326 2929 1501 3023 religione
1518 2929 1647 3024 pacati,
1664 2936 1771 3023 atque

154 3079 169 3110 κ
189 3053 293 3145 ipsius
316 3053 573 3148 cognoscendae
595 3055 755 3126 veritatis
785 3053 917 3148 cupidi,
937 3053 1181 3128 auscultarent
1199 3079 1207 3125 :
1225 3053 1314 3126 nulli
1339 3053 1459 3148 utique
1485 3077 1548 3149 per
1574 3053 1770 3126 doctrinam

155 3203 169 3233 e
190 3174 394 3248 catholicam
418 3176 488 3248 vim
512 3176 616 3249 fieri:
646 3177 822 3250 neminem
848 3177 894 3248 arl
920 3176 1154 3272 profitendum
1179 3177 1272 3271 cogi.
1299 3176 1573 3250 considerarent
1597 3183 1772 3271 praeterea

155 3327 170 3356 u
191 3299 393 3394 dignitatern
420 3309 456 3374 et
486 3301 769 3374 benevolentiam
798 3301 894 3396 regis
921 3301 1179 3394 augustissimi,
1208 3322 1322 3394 neque
1351 3322 1416 3372 sua
1441 3301 1672 3373 abuterentur
1702 3300 1771 3374 cle·

155 3449 170 3480 ss
190 3423 341 3496 mentia:
365 3425 550 3498 criminum
570 3425 707 3498 veniam
730 3426 806 3519 ipse
828 3447 892 3521 per
910 3447 949 3496 se
966 3431 1172 3519 matureque
1189 3431 1431 3520 exposcerent.
1456 3458 1472 3490 e

200 3546 249 3617 lta
262 3548 405 3621 monitis
423 3549 583 3643 beneque
596 3571 738 3644 sperare
745 3548 857 3643 jussis
875 3547 1095 3642 Rigensibus
1113 3554 1308 3643 sequester,
1329 3547 1376 3619 ad
1392 3548 1473 3620 lites
1487 3548 1593 3620 etiam
1606 3547 1772 3620 dirimen-

154 3667 225 3753 das,
253 3693 332 3764 quae
352 3669 595 3758 Vendensium
617 3671 779 3766 episcopo
800 3669 879 3742 ou'm
897 3672 971 3743 suis
993 3670 1127 3742 civibus
1146 3671 1279 3767 iraeque
1301 3673 1578 3756 intervenerant,
1603 3671 1771 3744 invitatus
1796 3683 1916 3778 Venden-

154 3789 234 3863 abit.
258 3790 411 3866 Perfecit
432 3793 594 3880 consilio,
611 3801 649 3866 ut
665 3794 866 3866 Vendensis
888 3795 986 3868 urbis
1011 3795 1198 3894 praesectus
1220 3794 1502 3869 Vclmariensem
1524 3819 1656 3879 arcem,
1677 3795 1769 3890 quod
1794 3765 1942 3922 ζζῖοῗξξ
2000 3781 2002 3784 ’

154 3911 263 3986 adhuc
295 3918 524 4011 pertinaciter
558 3918 756 4005 abnuebat,
791 3919 984 3992 dimitteret
1012 3920 1199 4015 episcopo,
1226 3920 1310 4014 jure
1340 3943 1404 3992 suo
1438 3919 1644 4014 postulanti.
1682 3917 1770 3990 lude
1794 3931 1881 3986 einer.

156 4036 340 4134 Derpatum
354 4041 450 4125 visit,
467 4041 539 4127 ubi,
557 4042 722 4136 quoniam
733 4042 862 4137 populo
877 4043 1037 4114 doctrina
1050 4043 1224 4116 catholica
1235 4043 1368 4138 linguis
1381 4049 1459 4116 erat
1475 4041 1649 4115 tradenda
1661 4041 1771 4113 variis
1844 4098 1876 4153 31

154 4164 397 4254 proverietate
419 4187 504 4236 usus
522 4165 558 4236 in
580 4166 700 4260 vnlg0,
721 4165 875 4237 lotavica
893 4164 1039 4250 scilicet,
1062 4167 1232 4252 estonica,
1253 4167 1470 4261 germanica,
1486 4165 1667 4248 lituanica,
1692 4188 1773 4238 sue·
1796 4137 1895 4261 verpi-

156 4281 242 4370 dica,
267 4288 444 4381 polonica,
472 4288 613 4375 latina;.
628 4290 863 4363 Seminarium
889 4293 1134 4384 interpretum,
1160 4313 1308 4384 quorum
1326 4313 1434 4383 opera
1457 4289 1552 4362 Socii
1575 4295 1769 4372 uterentur,
1795 4253 1912 4396 {iffi

157 4403 314 4494 instituit,
331 4410 482 4484 deducta
502 4413 538 4508 (1)
556 4436 575 4484 e
595 4413 752 4516 Collegio
775 4414 1061 4507 Brunsbergensi
1084 4411 1237 4486 colonia.
1262 4413 1405 4485 Triceni
1422 4435 1465 4484 ex
1486 4434 1528 4486 eo
1551 4411 1773 4485 alumnorum
1800 4404 1923 4536 ww

157 4529 331 4606 Pontificio
354 4536 510 4607 Romani
527 4537 692 4609 sodalitio
707 4544 898 4622 venerant;
922 4539 978 4610 his
1001 4545 1148 4610 conatus
1172 4537 1355 4611 Sociorum
1381 4561 1446 4633 pro
1468 4559 1534 4610 sua
1555 4544 1656 4633 parte
1674 4537 1774 4632 adju·
1799 4497 1937 4628 scutagii.r

157 4657 320 4743 tentibus,
349 4658 457 4732 latius
480 4683 542 4754 per
572 4661 773 4746 LivonicaS,
808 4661 1052 4748 Curiandicas‚
1085 4669 1120 4735 et
1149 4663 1382 4758 Samogiticas
1411 4664 1578 4758 regiones
1607 4663 1705 4735 labor
1729 4661 1776 4733 ad
1800 4637 1944 4771 {ffel

159 4779 338 4854 utilitatem
352 4784 512 4878 gentium
530 4785 707 4857 manabat.
724 4785 879 4858 Subinde
892 4786 929 4882 (a)
943 4787 1064 4860 schola
1077 4789 1319 4881 grammaticae
1332 4787 1420 4860 duas
1434 4788 1469 4860 in
1489 4769 1630 4860 classes¹
1641 4785 1775 4861 divisa:
1801 4793 1874 4850 libri·

161 4904 361 4979 attributum
379 4906 417 5002 (a)
437 4905 594 5002 Collegio
617 4907 797 5003 templum,
824 4911 1010 5004 augustius
1029 4910 1130 4997 illud,
1158 4912 1282 4984 Beatae
1307 4912 1435 4986 Mariae
1457 4911 1600 5006 Virgini
1624 4933 1776 4999 sacrum,

162 5049 238 5100 cum
258 5051 341 5102 area
359 5038 395 5102 et
412 5030 538 5103 vicinis
563 5031 697 5127 aliquot
718 5032 951 5109 domunculis.
984 5037 1077 5110 Data
1101 5038 1228 5110 horum
1248 5060 1270 5108 a
1292 5060 1377 5132 rege
1399 5037 1579 5132 Stephano
1599 5037 1777 5131 possessio

205 5177 1777 5266 (tillumniPontificii,Brunsbergnacciti‚Sociosadjutant.-(2)Scholainstitrrtoe.-t3)Collegiiresaucta.
