4896 6650
655 724 763 785 niens
786 724 975 786 snuuuous
997 724 1210 800 (terr-taso).
1738 723 1779 787 oa

170 933 183 965 κ
201 902 371 977 desiderio
388 902 582 993 satisfaciet
599 903 800 998 evestigio.
823 904 887 976 Est
905 903 998 976 enim
1015 903 1179 998 princeps
1196 903 1255 975 hic
1271 925 1401 996 magno
1420 901 1572 998 quodam
1589 909 1628 974 et
1642 902 1780 976 excelso
1807 905 1871 960 1⁵⁷9

44 1009 46 1050 '
169 1059 183 1090 a
201 1029 313 1101 animo
330 1027 525 1123 praeditus;
545 1051 611 1100 nec
628 1050 651 1098 a
667 1050 843 1123 quoquam
860 1025 942 1112 sibi,
955 1034 1087 1123 praeter
1101 1050 1206 1123 quam
1224 1050 1246 1099 a
1264 1027 1339 1099 solo
1357 1028 1446 1114 Dee,
1461 1025 1618 1102 metuere
1631 1027 1777 1113 dicitur;
1806 1009 1936 1150 ἕψω

44 1081 46 1174 i
169 1160 235 1224 «ut
251 1159 349 1254 certa
375 1175 438 1248 spe
455 1154 578 1238 simus,
602 1153 634 1224 si
658 1151 760 1226 modo
786 1152 938 1225 voluerit
956 1130 1056 1225 Dom.
1075 1153 1218 1237 Vestra,
1239 1153 1332 1248 quod
1351 1153 1447 1226 nullo
1466 1153 1610 1248 negotio
1628 1153 1701 1225 voti
1727 1152 1782 1224 sui
1807 1109 1953 1243 niiiion.

170 1307 183 1338 a
200 1299 336 1372 compos
355 1277 535 1348 efficietur.
559 1277 652 1356 Quid
671 1285 787 1348 autem
806 1276 897 1350 velle
915 1276 1030 1371 magis
1048 1276 1166 1362 debet,
1183 1279 1266 1372 quid
1284 1277 1418 1369 majore
1435 1276 1551 1350 studio
1570 1277 1783 1349 contendere
1806 1251 1954 1401 ffism'

170 1408 232 1474 “et
244 1400 441 1486 elaborare,
458 1423 562 1495 quam
580 1407 619 1471 ut
633 1401 741 1472 saluti
759 1401 815 1472 sni
832 1401 954 1496 gregis
974 1401 1184 1496 prospiciat;
1201 1424 1265 1473 nec
1282 1401 1316 1473 ei
1333 1401 1537 1497 pestiferum
1555 1402 1651 1474 virus
1669 1399 1783 1474 afflari
1807 1408 1926 1466 seudum
1983 1408 1985 1412 ’

169 1529 400 1624 «permittatl
419 1530 506 1609 Quae
532 1534 648 1624 potest
673 1529 786 1623 major
812 1551 891 1602 esse
916 1528 1145 1614 abominatio,
1165 1552 1269 1625 quarn
1293 1553 1372 1624 quae
1399 1536 1452 1602 est
1481 1530 1517 1601 in
1546 1530 1685 1625 templis
1705 1530 1781 1602 Deo

170 1654 340 1734 edicatis:
361 1655 422 1727 ubi
446 1655 502 1749 pie
528 1654 624 1726 Deus
643 1660 782 1748 patrum
799 1660 1000 1726 nostrorum
1019 1652 1158 1740 colitur,
1179 1664 1214 1727 et
1232 1654 1264 1726 ei
1283 1654 1466 1741 sacrificia,
1487 1678 1566 1750 quse
1593 1655 1778 1740 debentur,

170 1779 418 1852 «offerunturz
438 1789 477 1852 ut
495 1779 642 1853 eximius
669 1779 701 1851 ei
728 1779 842 1852 cultus
868 1785 1069 1874 praestetur,
1091 1802 1158 1873 quo
1181 1780 1292 1874 possit
1308 1802 1331 1850 a
1348 1779 1486 1851 caeteris
1505 1779 1713 1854 mortalibus
1731 1779 1781 1850 di-

170 1905 341 1998 agnoscit
360 1913 495 1989 contra,
514 1903 553 1977 in
569 1926 756 1999 synagoga
780 1909 929 1988 satanae,
958 1925 1064 1998 quam
1082 1925 1247 1976 acervum
1268 1885 1407 1988 vocant,
1428 1909 1463 1976 et
1479 1913 1539 1976 est·
1559 1926 1684 1977 revera
1709 1926 1782 1975 om-

170 2055 185 2085 u
204 2027 297 2098 nium
314 2027 488 2100 malorum
501 2050 662 2113 acervus,
683 2027 791 2100 alieni
808 2027 858 2099 dii
877 2025 1051 2136 coluntur,
1070 2026 1151 2099 novi
1171 2033 1412 2120 recentesque,
1428 2049 1515 2122 quos
1531 2026 1783 2122 ignoraverunt

171 2179 185 2210 ι
203 2157 364 2246 parentes
393 2149 530 2238 nostri;
560 2152 720 2225 Christus
746 2159 878 2235 autem,
897 2152 1070 2246 abrogato
1089 2151 1284 2224 sacerdotio
1303 2159 1339 2225 et
1356 2150 1540 2238 sacrificia,
1560 2151 1599 2224 in
1625 2152 1783 2224 ordinem

172 2305 186 2335 a
204 2277 355 2372 cogitur;
371 2277 488 2350 nullus
510 2285 550 2350 ut
569 2277 603 2352 ei
620 2276 734 2350 cultus
755 2276 977 2360 exhibeatur,
994 2298 1061 2371 quo
1074 2275 1188 2371 possit
1202 2298 1224 2347 a
1237 2275 1445 2347 mortalibus
1461 2276 1623 2350 discerni.
1644 2276 1783 2349 Tollen·

172 2428 186 2458 ι
204 2399 282 2471 dam
307 2407 420 2484 curet,
440 2423 504 2496 per
520 2400 635 2476 Deum
652 2400 896 2484 immortalem,
918 2399 1216 2472 abominationem
1232 2399 1349 2485 hanc;
1369 2421 1436 2472 nec
1461 2423 1540 2473 eam
1564 2401 1602 2473 in
1630 2398 1783 2487 civitate,

172 2547 277 2596 «suae
293 2523 540 2598 ecclesiasticae
563 2515 800 2618 jurisdictioni
830 2522 1002 2619 subjecta,
1023 2524 1114 2596 ferat
1144 2524 1286 2596 diutius.
1310 2521 1449 2596 Bonum
1481 2525 1580 2597 illum
1610 2532 1787 2619 pastorem

172 2646 407 2722 «Vilnensem
427 2649 583 2723 imitetur
611 2647 658 2746 (1),
675 2671 720 2722 ne
744 2647 840 2721 solus
861 2671 925 2743 pro
939 2647 1053 2721 salute
1070 2648 1125 2720 sui
1139 2648 1260 2743 gregis
1271 2648 1419 2742 vigilare
1432 2649 1605 2722 videatur.
1620 2651 1690 2722 Det
1703 2670 1785 2743 ope-

172 2801 187 2832 «
205 2793 291 2856 ram,
306 2781 345 2845 ut
357 2773 513 2867 ejusdem
530 2771 671 2867 generis
684 2772 853 2845 mandata
866 2772 993 2845 dentur
1006 2771 1053 2844 ad
1064 2770 1260 2866 palatinum
1274 2771 1554 2858 cracoviensem
1568 2771 1628 2868 qui
1641 2796 1704 2846 cur
1715 2796 1786 2846 non

173 2925 186 2954 a
208 2918 307 2990 aeque
320 2895 412 2968 sicut
427 2895 608 2969 Vilnensis
626 2918 749 2990 parere
761 2894 901 2979 debeat,
918 2919 1061 2968 causam
1078 2893 1182 2968 video
1196 2892 1351 2968 nullam:
1368 2920 1447 2969 cum
1461 2921 1561 2992 aeque
1579 2898 1625 2970 sit
1641 2903 1790 2992 uterque

172 3046 187 3076 κ
206 3017 380 3112 majestati
393 3019 505 3113 regiae
518 3019 709 3114 subjectus.
732 3020 851 3092 Etiam
866 3029 974 3115 atque
986 3021 1093 3093 etiam
1108 3020 1211 3092 Dom.
1232 3020 1398 3093 Vestram
1412 3043 1487 3106 oro,
1508 3022 1567 3094 det
1580 3045 1735 3117 operam,
1751 3027 1790 3093 ut

172 3140 282 3213 «haec
309 3141 525 3215 abominatio
555 3144 668 3239 primo
696 3166 832 3239 quoque
855 3150 1013 3240 tempore
1041 3142 1198 3216 tollatur.
1220 3142 1317 3217 Deus
1343 3145 1445 3216 Dom.
1466 3144 1633 3219 Vestram
1658 3145 1789 3218 incolu-

173 3293 188 3323 ι
206 3287 296 3338 mem
314 3275 432 3340 servet
455 3274 491 3339 et
513 3267 664 3353 felicem,
685 3275 720 3340 et
739 3268 771 3340 ei
792 3269 954 3364 spiritum
980 3266 1117 3341 consilii
1131 3268 1394 3342 etfortitudinis
1407 3270 1590 3365 largiatur.
1614 3308 1631 3339 n
1661 3272 1790 3344 Datum

171 3387 291 3462 Romae
309 3390 359 3463 24
379 3390 533 3463 octobris
554 3391 658 3465 1577.

213 3539 282 3610 lta·
305 3539 384 3611 aliis
417 3547 523 3636 atque
557 3540 636 3612 aliis
656 3541 726 3612 ista
755 3539 939 3612 Valeriani
970 3541 1258 3636 proponebantur
1293 3538 1451 3634 exempla
1472 3537 1522 3634 (a).
1548 3536 1659 3611 Plura
1680 3539 1790 3612 multo

169 3663 416 3757 spectabantur
447 3665 482 3735 in
519 3687 574 3750 ec,
602 3687 681 3758 quae
711 3664 839 3758 partim
862 3664 909 3735 ad
935 3665 1197 3738 observantiam
1219 3664 1298 3749 viri,
1324 3663 1452 3759 partim
1486 3661 1533 3734 ad
1560 3662 1791 3735 imitationem

169 3787 301 3860 animos
322 3787 529 3861 invitarant.
555 3789 644 3860 Erat
665 3788 857 3872 enimvero,
881 3795 920 3859 ut
950 3788 1184 3874 nobilissimo,
1205 3787 1242 3858 in
1269 3787 1450 3872 Lituania,
1474 3785 1656 3880 provincia
1678 3787 1791 3858 Mine·

169 3910 276 3995 censi,
292 3933 437 4005 genere,
459 3909 503 3984 de
521 3909 655 3983 familia
676 3911 784 3982 armis
807 3901 1004 4005 gentilitiis,
1026 3913 1196 3984 Drzevica
1217 3910 1331 3993 dictis,
1355 3910 1503 4004 insigni,
1524 3909 1575 3980 sic
1593 3907 1640 3980 ad
1658 3931 1793 3980 summa

169 4055 315 4127 quaeque
333 4041 439 4106 natus
452 4033 502 4130 (s).
522 4033 578 4106 Ab
599 4035 743 4106 ineunte
758 4035 835 4129 jam
858 4041 965 4106 aetate
988 4034 1130 4128 pietatis
1155 4041 1189 4107 et
1216 4033 1415 4106 litterarum
1435 4029 1724 4117 studiosissimus,
1750 4054 1792 4103 ac

169 4165 355 4252 propterea
380 4156 544 4252 Augusto
575 4159 591 4229 l
622 4159 712 4253 regi,
746 4158 846 4252 cujus
872 4157 907 4228 in
931 4157 1014 4228 aula
1043 4158 1251 4230 adolescens
1273 4158 1365 4228 inter
1390 4155 1601 4228 honorarios
1631 4163 1792 4228 versatus

169 4288 258 4364 erat,
274 4281 433 4376 apprime
455 4305 572 4354 carus
598 4283 711 4354 Paulo
733 4281 785 4353 lV
811 4280 984 4353 Pontifice
1003 4282 1072 4368 Μ.,
1095 4303 1188 4353 anno
1212 4281 1305 4356 1555
1326 4303 1349 4351 a
1371 4278 1597 4351 Luceoriensi
1626 4278 1672 4351 ad
1696 4281 1792 4375 prin·

1806 1870 1956 1936 Hareticor

1807 1965 1946 2020 synagogae

171 4535 332 4601 monstra
365 4528 556 4602 haeresium
587 4529 765 4624 suscepit,
801 4528 966 4601 defensor
996 4528 1178 4625 religionis
1221 4527 1268 4600 ad
1308 4549 1509 4620 supremum
1552 4551 1664 4624 usque
1702 4529 1794 4604 diem

211 4703 254 4780 (l)
277 4703 454 4764 Valerianum
477 4707 641 4780 episcopum
667 4705 830 4764 imitandum
852 4705 996 4779 proponit.
1016 4703 1108 4782 —‚(t)
1132 4704 1261 4784 Elegium
1283 4704 1421 4766 Valeriani
1453 4707 1510 4765 vid.
1537 4708 1610 4779 apud
1632 4707 1665 4764 P.
1691 4694 1812 4765 luam

170 4809 365 4872 Naramowsli
391 4813 419 4872 in
434 4811 519 4870 Facie
537 4812 643 4870 Rerum
659 4810 890 4870 Socraticorum.
908 4813 928 4872 l.
947 4814 976 4884 t,
992 4828 1018 4870 c.
1039 4812 1067 4882 9,
1087 4826 1152 4890 pag.
1172 4812 1230 4871 358
1253 4819 1281 4872 ct
1305 4813 1422 4889 Gaspar.
1448 4813 1588 4874 Nicsieeki
1611 4816 1661 4874 lib.
1679 4813 1795 4876 Korona

171 4921 285 4979 Polska.
308 4953 348 4964 -
372 4921 412 4998 (3)
439 4921 560 4980 Generis
586 4920 718 4979 nobilitas
743 4927 772 4978 ct
794 4921 892 4980 virtus.
912 4918 944 4977 ln
966 4921 1029 4977 aula
1051 4921 1129 4992 regie
1151 4920 1318 4979 adolescens
1347 4929 1485 4980 versatur.
1513 4922 1536 4980 E
1561 4923 1742 4983 Luceoricnsi
1769 4925 1797 4982 in

171 5023 335 5087 Vilnensem
346 5027 508 5087 cathedram
526 5029 688 5086 translatus.
716 5027 825 5086 Primus
838 5027 867 5085 in
890 5025 1017 5086 Ιάῑυαηίιι
1040 5025 1158 5100 opponit
1173 5041 1205 5085 se
1220 5029 1369 5089 haereticis.
1387 5027 1548 5101 adiutorem
1565 5031 1689 5090 muneris
1702 5030 1797 5090 adsci-

171 5135 236 5194 scit.
254 5135 433 5194 Academiam
448 5135 556 5205 condit,
572 5135 639 5194 item
654 5135 844 5194 seminarium.
1282 5149 1287 5158 ·
