4948 6654
717 793 824 852 ursus
843 779 1011 864 oulnrus
1036 794 1244 868 (reso-reon).
1374 874 1381 886 .
1747 787 1804 852 177

242 1009 258 1040 a
279 979 450 1063 Primum,
464 969 600 1050 tantum
618 976 719 1048 abest
729 981 767 1046 ut
775 965 894 1071 nege't,
907 982 946 1048 ut
959 975 1141 1070 percupiat
1154 976 1260 1046 etiam
1276 997 1318 1048 ac
1331 974 1491 1060 mandet;
1504 982 1688 1069 propterea
1700 975 1806 1047 inter·
1833 985 1896 1041 1596
1937 999 1941 1005 ·

194 1132 210 1162 κ
232 1102 372 1174 nuntios
387 1102 456 1173 huc
473 1100 581 1183 misit,
602 1101 662 1195 qui
688 1106 798 1171 coatus
825 1100 938 1171 nostri
956 1100 1066 1172 otium
1083 1106 1119 1171 et
1139 1096 1429 1190 tranquillitatem
1446 1073 1684 1192 procurarent:
1705 1095 1807 1175 Quod

193 1257 210 1287 «ι
229 1227 383 1301 alterum
400 1250 478 1298 cum
493 1248 556 1297 suo
573 1225 730 1319 palatino
748 1223 967 1319 postularent
983 1222 1153 1308 haeretici,
1176 1223 1252 1316 ejus
1278 1221 1345 1293 hoc
1374 1219 1453 1292 loco
1483 1220 1572 1292 nihil
1603 1222 1773 1294 interesse
1795 1243 1802 1290 :

193 1381 209 1412 α
230 1350 290 1422 ubi
306 1350 440 1422 scilicet
457 1349 552 1444 ipsos
571 1371 709 1444 graecos
725 1349 818 1422 inter
835 1355 871 1421 et
893 1346 1086 1420 catholicos
1100 1367 1264 1417 romanos
1281 1344 1472 1439 praesidum
1491 1369 1707 1420 summorum
1724 1368 1806 1417 con-

191 1503 209 1535 «
229 1495 331 1546 cassu
358 1473 538 1566 negotium
566 1481 788 1545 tractaretur.
820 1471 921 1551 Quod
947 1474 994 1545 ad
1021 1473 1260 1568 Nicephorum
1278 1475 1416 1559 attinet,
1438 1481 1537 1546 utne
1555 1498 1633 1547 cum
1651 1497 1693 1547 eo
1711 1497 1804 1546 com-

192 1626 208 1658 α
229 1599 488 1670 municaremus
513 1599 551 1669 in
581 1596 740 1679 oonsilio,
777 1621 841 1670 rex
869 1599 945 1692 ipse
971 1621 1054 1670 suos
1082 1606 1203 1671 cautos
1229 1599 1360 1684 voluit,
1395 1622 1473 1670 cum
1490 1598 1807 1671 hominevidelicet

191 1753 207 1784 u
227 1745 394 1820 perverso
412 1748 419 1795 :
437 1724 495 1816 qui
522 1724 726 1795 Rosvanum
757 1723 950 1796 addixisset
967 1721 1004 1795 in
1021 1723 1242 1796 Vallachiam
1265 1724 1349 1818 :qui
1372 1725 1519 1797 consilia
1544 1749 1632 1797 cum
1649 1725 1809 1798 hostibus

191 1879 207 1910 α
228 1846 443 1919 Polonorum
460 1847 585 1918 Turris
616 1845 852 1919 consociasset
874 1846 917 1918 de
930 1847 1123 1941 republica.
1147 1848 1197 1920 Ut
1214 1848 1365 1941 denique
1394 1871 1416 1918 a
1440 1870 1541 1920 sacro
1558 1848 1606 1920 ad
1624 1849 1809 1943 profanum

191 2003 206 2034 a
228 1994 397 2068 provoces
414 1971 541 2056 forum,
563 1969 792 2066 appellationi
809 1971 1015 2066 principem,
1026 1970 1146 2064 legum
1164 1976 1199 2042 et
1216 1971 1411 2065 majestatis
1427 1971 1677 2044 ecclesiasticae
1690 1972 1809 2044 obser·

191 2129 207 2159 «
228 2100 485 2180 vantissimum,
509 2095 676 2168 assentiri
701 2097 796 2168 haud
814 2121 918 2192 posse
939 2122 946 2169 :
967 2097 1133 2169 nimirum
1159 2095 1301 2168 comitia
1318 2097 1410 2168 inter
1428 2102 1464 2168 et
1489 2098 1661 2193 synodum
1672 2105 1809 2168 tantum

191 2248 208 2280 κ
230 2244 308 2294 esse
331 2221 555 2305 discriminis
576 2227 745 2313 quantum
764 2219 810 2291 sit
823 2221 916 2290 inter
928 2218 1115 2314 profanum
1123 2220 1184 2314 jus
1198 2227 1233 2292 et
1251 2242 1403 2292 sacrum.
1669 2206 1676 2222 ’

242 2378 258 2408 a
279 2348 335 2421 Ad
352 2349 553 2432 basauchis
577 2349 693 2444 palam
712 2347 873 2420 omnibus
891 2353 945 2419 est
970 2347 1038 2418 ista
1057 2345 1236 2418 contentio
1263 2354 1336 2417 tam
1350 2345 1470 2440 iniqua
1487 2371 1494 2417 :
1513 2369 1606 2432 nam,
1627 2345 1686 2440 qui
1699 2369 1811 2442 nuper

193 2504 209 2534 a
229 2475 402 2569 synodum
419 2474 624 2568 flagitarent
650 2473 718 2569 ipsi
742 2474 861 2568 prius,
874 2493 979 2565 quam
996 2477 1093 2542 esset
1112 2469 1285 2552 instituta,
1307 2470 1418 2542 eidem
1444 2469 1549 2542 hodie
1578 2479 1651 2543 tam
1668 2479 1813 2567 repente

193 2629 209 2661 κ
230 2599 458 2672 inclinatione
471 2599 665 2671 voluntatis
684 2597 835 2671 adversa
854 2599 1076 2671 obnuntiant.
1102 2596 1228 2688 Neque
1243 2592 1280 2663 id
1292 2592 1393 2664 nobis
1409 2615 1480 2664 non
1493 2593 1729 2677 manifestum,
1746 2619 1813 2689 quo

195 2755 210 2783 u
232 2723 379 2794 consilio
409 2724 477 2796 iste
507 2724 660 2817 equitum
688 2724 914 2819 peditumque
943 2727 1159 2793 armatorum
1191 2726 1266 2790 tam
1300 2718 1466 2812 frequens
1501 2719 1669 2793 coaluerit
1703 2729 1814 2794 coetus

197 2874 213 2906 e
234 2853 363 2930 vester,
388 2853 510 2918 contra
528 2868 637 2940 quam
648 2845 716 2941 ipsi
742 2845 951 2928 statueritis,
969 2844 1007 2915 id
1024 2842 1117 2937 quod
1142 2865 1186 2914 ex
1202 2841 1302 2913 vobis
1329 2842 1457 2913 vestris
1484 2844 1640 2935 ipsorum
1670 2844 1811 2931 litteris,

199 2969 376 3042 “nomine
394 2968 676 3043 Volhiniensium
702 2969 829 3041 civium
858 2968 962 3054 datis,
995 2968 1131 3062 riteque
1161 2964 1394 3050 communitis,
1424 2965 1681 3040 confirmamus.
1704 2969 1814 3048 Quem

201 3123 218 3154 κ
239 3093 381 3166 taudem
398 3092 504 3188 hujus
524 3101 713 3188 conspectu
734 3093 910 3165 exercitus
927 3091 1124 3165 territatisl
1144 3089 1350 3163 itascilicet
1369 3090 1551 3182 promissis
1568 3089 1675 3174 fidem
1701 3092 1814 3164 exsol-

200 3245 216 3275 κ
236 3217 341 3288 vitisl
354 3216 473 3310 Atqui,
491 3215 631 3300 fratres,
648 3216 683 3287 in
698 3217 878 3289 comitium
896 3240 1033 3290 sacrum
1048 3216 1170 3289 nonin
1188 3214 1313 3299 aciem,
1331 3213 1377 3285 ad
1391 3215 1703 3308 conglutinandam
1722 3217 1815 3289 inter

200 3371 217 3401 u
236 3341 328 3412 cives
354 3341 399 3411 de
415 3339 588 3434 religione
613 3337 836 3412 concordiam
856 3365 926 3414 uon
952 3342 998 3413 ad
1016 3363 1171 3436 pugnam
1189 3339 1397 3410 convenisse
1424 3362 1497 3422 nos
1516 3342 1758 3413 memineritis.
1777 3343 1816 3414 Si

201 3492 217 3521 a
238 3463 412 3534 antistites
437 3462 692 3558 religiososque
709 3463 804 3536 viros
823 3465 1025 3537 deterritum
1051 3488 1073 3534 a
1091 3461 1236 3534 consilio
1255 3469 1289 3534 et
1305 3459 1559 3555 suffragatione
1583 3464 1697 3537 libera
1713 3486 1815 3537 aver-

166 3609 169 3612 ·
202 3613 218 3643 u
239 3608 383 3679 sumque
399 3585 471 3668 itis,
491 3585 528 3656 id
546 3587 722 3659 enimvero
741 3587 815 3682 pati
839 3610 910 3659 non
929 3610 1115 3681 possumus
1142 3613 1149 3657 ε
1174 3594 1308 3659 certum
1326 3588 1382 3659 hic
1400 3589 1501 3661 nobis
1526 3613 1589 3684 pro
1615 3568 1816 3664 nostrorum

203 3737 220 3768 κ
241 3708 352 3781 salute
370 3717 509 3804 patrum
533 3711 643 3782 vitam
661 3713 768 3784 etiam
785 3709 1007 3805 profundere.
1037 3710 1113 3782 Nos
1133 3712 1294 3805 precibus
1312 3713 1439 3784 vestris
1465 3716 1715 3809 promissisque
1733 3739 1815 3788 con·

203 3861 220 3890 a
242 3831 306 3915 fisi,
334 3831 534 3935 tranquillis
552 3833 691 3918 animis,
725 3835 874 3928 placide,
894 3837 995 3928 quasi
1021 3834 1058 3906 in
1084 3833 1258 3929 templum
1277 3835 1322 3904 ad
1354 3839 1626 3930 comprecandos
1646 3841 1812 3934 Superos

202 3983 219 4014 a
241 3957 484 4042 convenimus;
505 3981 575 4028 non
588 3959 718 4053 ignari,
738 3961 783 4031 ad
802 3961 973 4054 ejusmodi
992 3958 1152 4044 consilia,
1174 3960 1300 4052 quibus
1314 3959 1388 4052 ipse
1405 3969 1528 4032 auctor
1545 3964 1642 4057 pacis
1665 3965 1816 4059 Spiritus

204 4107 221 4138 κ
244 4079 391 4152 Sanctus
408 4083 531 4175 praesit
548 4105 590 4154 ac
608 4083 820 4166 moderetur,
841 4083 1130 4186 tranquillitatem
1148 4083 1258 4154 animi
1275 4089 1311 4154 et
1336 4084 1559 4155 concordiam
1577 4087 1697 4160 afferri
1716 4112 1818 4184 opor-

204 4234 221 4265 κ
245 4211 328 4276 tere.
344 4207 391 4277 At
406 4204 503 4277 vobis
517 4207 710 4286 consultius
727 4209 845 4294 fuerit,
874 4232 943 4280 non
969 4229 1116 4302 rogasse
1133 4205 1183 4291 id,
1203 4204 1296 4298 quod
1315 4228 1384 4277 non
1402 4209 1509 4278 vestri
1526 4208 1618 4281 foret
1633 4213 1816 4307 propositi,

202 4357 220 4388 a
244 4351 357 4422 quam,
379 4331 439 4402 ubi
456 4332 739 4426 impetraveritis,
768 4357 843 4405 rem
860 4342 933 4406 tam
950 4332 1123 4404 violenter
1143 4331 1329 4430 dissipare.
1359 4331 1439 4403 Jam
1462 4333 1682 4408 multitudine
1700 4345 1818 4410 vestra

201 4481 218 4512 a
242 4459 280 4524 et
295 4454 357 4525 isto
384 4449 557 4549 apparatu
578 4455 670 4538 freti,
691 4479 730 4529 re
752 4479 866 4552 neque
890 4457 1068 4553 disputata
1084 4477 1197 4548 neque
1216 4476 1259 4525 ex
1277 4454 1378 4526 nobis
1404 4457 1565 4550 quaesita,
1587 4461 1820 4536 secessionem

202 4603 220 4633 a
242 4573 384 4661 fecistis,
406 4577 507 4648 irrito
539 4586 645 4660 coetu,
670 4580 814 4674 ejusque
833 4583 924 4652 inter
942 4603 1004 4652 vos
1023 4577 1174 4675 praeside
1200 4576 1323 4660 electo,
1353 4589 1475 4651 contra
1499 4580 1597 4676 leges
1623 4585 1757 4680 patrias
1788 4595 1823 4661 et

204 4727 222 4758 κ
246 4699 483 4773 auctoritatem
502 4702 597 4796 regis
616 4703 848 4790 serenissimi;
869 4707 927 4798 qui
946 4727 1009 4776 nos
1028 4727 1069 4777 eo
1087 4704 1155 4776 huc
1173 4706 1308 4777 miserit
1325 4708 1484 4796 consilio,
1516 4719 1553 4782 ut
1570 4712 1636 4807 ipsi
1661 4719 1823 4811 praesidis

204 4851 223 4881 a
246 4845 369 4897 munus
382 4826 419 4896 in
437 4826 505 4900 isto
522 4835 696 4899 conventu
716 4828 913 4913 obiremus;
930 4828 997 4922 ipsi
1011 4832 1047 4898 et
1062 4825 1191 4898 arbitri
1209 4829 1341 4902 ordinis
1358 4831 1454 4918 boni,
1475 4839 1510 4905 et
1522 4840 1693 4930 sequestri
1710 4843 1821 4936 pacis,

204 4975 224 5006 a
248 4953 283 5018 et
299 4951 512 5022 coniectores
530 4951 676 5046 negotii.
704 4950 935 5023 contraxistis
954 4951 1072 5046 copias
1090 4949 1229 5024 delectu
1259 4977 1329 5026 non
1359 4957 1488 5052 optimo
1510 4986 1517 5032 :
1539 4961 1698 5036 homines
1724 4965 1822 5039 vide·

205 5104 225 5136 κ
248 5075 329 5148 licet
360 5100 431 5150 non
456 5077 560 5150 modo
586 5055 768 5174 religionis
798 5079 955 5162 incertae,
991 5076 1054 5148 sed
1080 5075 1226 5149 infames
1257 5079 1376 5164 etiam,
1403 5091 1439 5155 et
1467 5085 1581 5179 capite
1611 5087 1820 5176 diminutos;

207 5227 227 5260 ι
251 5203 408 5298 quodque
433 5205 571 5299 turpius
588 5213 654 5285 est,
679 5204 860 5298 praeclarae
881 5203 1052 5299 panegyri
1072 5211 1201 5274 vestrae
1218 5201 1466 5297 Nicephorum,
1487 5208 1693 5300 greculum,
1713 5211 1823 5284 honri·

1664 5333 1697 5386 23
