4948 6654
639 809 701 911 ἱ194
1026 839 1303 903 LlTllleCdltUbl
1324 838 1538 902 socntrlrls
1557 837 1645 900 lESU
1667 837 1920 904 lllSl'OllldliUll

639 1053 740 1138 tidie,
773 1078 851 1127 cum
878 1077 941 1149 per
956 1053 1195 1126 valetudinem
1224 1053 1358 1136 liceret,
1385 1071 1515 1146 magna
1542 1073 1621 1122 curn
1638 1049 1824 1125 devotione
1854 1053 1962 1126 animi
1992 1052 2155 1126 sacerdos
2186 1053 2261 1127 Deo

639 1177 776 1251 litabat.
793 1181 874 1274 lpse
890 1201 954 1273 per
971 1201 1009 1250 se
1026 1184 1112 1272 quot
1140 1177 1243 1248 annis
1260 1199 1360 1248 suam
1373 1174 1548 1246 lustrabat
1564 1174 1745 1248 dioecesim
1761 1183 1835 1248 tum
1849 1177 1923 1250 sive
1939 1175 2098 1250 initiaret
2112 1185 2259 1274 mystas,

640 1304 713 1376 sive
740 1303 919 1376 dedicaret
940 1301 1083 1397 templa,
1106 1303 1180 1374 sive
1208 1301 1377 1395 populum
1400 1298 1542 1371 fidelem
1576 1308 1797 1373 sacramento
1823 1302 2072 1390 confirmaret;
2104 1309 2203 1374 tanta
2228 1302 2265 1373 id

639 1428 820 1502 alacritate
854 1435 889 1500 et
915 1428 1087 1522 religione
1112 1424 1316 1520 praestabat,
1350 1430 1389 1495 ut
1418 1423 1652 1495 admiratione
1681 1423 1849 1519 populum
1886 1424 2053 1510 afficeret,
2086 1432 2191 1519 atque
2219 1424 2266 1495 ad
2341 1507 2344 1512 ¹

637 1552 876 1625 amoremDei
891 1560 925 1625 et
939 1549 1122 1644 religionis
1140 1547 1295 1620 studium
1309 1547 1557 1618 inflammaret.
1578 1547 1663 1640 Ejus
1677 1543 1734 1619 vel
1748 1547 1917 1643 exemplis
1928 1547 1984 1621 vel
2003 1547 2146 1621 monitis
2160 1545 2267 1620 etiam

636 1675 863 1749 ecclesiarum
880 1682 1062 1746 curatores
1080 1673 1236 1754 excitati,
1257 1669 1462 1764 diligentius
1481 1692 1547 1742 sua
1560 1669 1705 1741 obibant
1718 1692 1887 1755 munera;
1905 1669 2078 1743 coenobiis
2095 1669 2267 1764 religiosa

638 1797 820 1892 disciplina
834 1797 1024 1892 impensius
1037 1796 1293 1867 commendata.
1312 1795 1351 1865 ln
1371 1791 1533 1864 omnibus
1554 1792 1611 1865 his
1630 1793 1817 1888 plurimum
1836 1797 1948 1870 valuit
1966 1797 2020 1869 sui
2035 1797 2193 1870 suavitas
2215 1797 2269 1866 in-

638 1924 734 2018 genii
743 1930 778 1996 et
788 1923 957 1995 orationis
971 1920 1220 2006 mansuetud0;
1233 1943 1312 2012 quae
1321 1918 1408 1989 satis
1419 1917 1496 2012 ipsa
1513 1918 1744 1990 acerbitatem
1755 1915 1916 2010 quamvis
1927 1913 2122 1987 edulcaret.
2136 1913 2267 1988 Secun-

637 2049 720 2119 dum
744 2047 857 2119 Deum
882 2047 1014 2141 primas
1044 2043 1239 2116 officiorum
1266 2049 1385 2136 partes
1407 2049 1551 2114 senator
1579 2043 1658 2136 pius
1677 2038 1858 2112 tribuebat
1876 2037 2016 2133 patriae.
2038 2036 2157 2110 Multa
2174 2061 2267 2110 com·

616 2169 754 2270 'munis
772 2191 880 2241 causa
905 2169 987 2240 boni
1005 2168 1077 2263 egit
1094 2165 1263 2262 praeclare
1281 2191 1288 2236 :
1309 2164 1442 2260 templa
1467 2164 1636 2258 impensis
1664 2164 1737 2236 suis
1755 2162 1814 2235 vel
1835 2163 2016 2257 reparavit
2042 2161 2264 2249 collabentis,

637 2292 694 2366 vel
711 2315 803 2364 nova
820 2315 842 2362 a
859 2291 1095 2363 fundamentis
1126 2289 1303 2363 excitavit.
1325 2290 1365 2360 ln
1393 2285 1553 2382 Collegia
1582 2286 1789 2371 Societatis,
1817 2287 1988 2359 Vilnense
2013 2287 2048 2358 in
2080 2286 2202 2381 primis
2233 2293 2269 2358 et

638 2417 865 2500 Lnblinense,
902 2417 939 2487 in
969 2415 1158 2487 seminaria
1179 2409 1407 2484 instituendae
1436 2410 1626 2506 juventuti,
1664 2410 1701 2480 in
1736 2408 1908 2492 coenobia,
1939 2430 2109 2503 gynecaea
2147 2431 2263 2492 sacra,

638 2539 949 2636 orphanotrophia,
964 2539 1179 2638 nosocomia,
1202 2535 1473 2630 ptochotrophia
1486 2535 1646 2606 fortunas
1664 2555 1748 2603 suas
1763 2533 1930 2628 profudit.
1952 2531 2131 2604 Exhausto
2144 2533 2193 2604 ita
2203 2533 2269 2604 ali-

638 2665 777 2757 quando
792 2663 837 2733 ad
855 2683 986 2757 paucos
1004 2683 1166 2732 nummos
1185 2657 1326 2737 aerario,
1351 2678 1430 2727 cum
1447 2664 1484 2728 et
1503 2679 1562 2728 res
1576 2657 1652 2750 ipsa
1672 2665 1708 2728 et
1727 2654 1883 2750 praelecti
1909 2655 2070 2750 pecuniae
2087 2662 2271 2729 monerent

637 2788 843 2881 principem,
863 2785 1063 2880 ponendum
1080 2782 1285 2856 liberalitati
1310 2779 1477 2851 modum:
1499 2780 1575 2874 ipse
1603 2781 1699 2852 Deus
1725 2778 1803 2851 auri
1820 2779 1972 2872 aerisque
1993 2778 2178 2851 thesauros
2205 2803 2270 2851 suo

544 2949 550 2960 ·
636 2909 718 2980 huic
735 2931 870 3004 promo,
886 2909 924 2979 in
940 2906 1057 2978 fundis
1075 2905 1247 2978 bonorum
1270 2904 1525 2998 pontificalium
1548 2928 1692 2996 suorum
1718 2904 1966 2979 Kielcensibus
1980 2907 2154 2990 conditos,
2173 2913 2270 3001 pate·

638 3033 731 3112 iecit.
751 3031 962 3104 Societatem
979 3028 1143 3102 multiset
1160 3031 1300 3102 ornavit
1317 3031 1498 3116 laudibus,
1510 3037 1545 3104 et
1555 3031 1704 3104 munivit
1716 3031 1906 3127 praesidiis
1924 3039 1959 3102 et
1971 3030 2061 3103 fovit
2073 3029 2265 3104 beneficiis.

471 3189 597 3260 sepultus
686 3157 912 3228 Testamenta
946 3154 1052 3237 cavit,
1089 3155 1416 3250 commendavitque
1451 3156 1669 3242 executoris,
1695 3165 1745 3242 ut,
1784 3157 1841 3228 cui
1876 3157 2008 3228 viventi
2030 3157 2065 3226 in
2101 3177 2180 3228 eam
2201 3179 2267 3251 per

467 3262 613 3398 ἒοξζῇξξζ
634 3287 750 3375 certas
767 3280 922 3351 rationes
946 3301 1016 3350 non
1035 3278 1146 3363 licuit,
1168 3286 1326 3351 mortuus
1345 3281 1463 3374 utique
1490 3281 1525 3352 in
1545 3281 1727 3353 Sociorum
1745 3303 1929 3352 commune
1955 3275 2154 3376 sepulcrum
2176 3281 2268 3353 reci-

637 3413 791 3501 peretur.
825 3405 948 3476 Funus
968 3403 1051 3474 boni
1076 3403 1257 3498 principis,
1281 3403 1385 3499 jussu
1410 3405 1602 3478 Clementis
1620 3404 1722 3489 Vlll,
1744 3406 1886 3501 majoris
1904 3404 2121 3500 celebritatis
2144 3429 2267 3492 causa,

639 3553 701 3624 per
722 3531 799 3624 ipsa
825 3529 995 3624 pontificii
1020 3528 1134 3622 spatia
1159 3526 1283 3622 palatii
1306 3528 1515 3614 deductum;
1542 3553 1673 3624 magno
1698 3529 1975 3614 omniumluctu,
1997 3530 2032 3600 in
2056 3530 2133 3603 aede
2158 3531 2271 3603 nomi-

526 3701 557 3755 18
639 3655 694 3726 nis
712 3655 799 3727 Jesu
821 3661 957 3738 nostra,
980 3651 1106 3723 Romae
1136 3651 1315 3723 conditum
1347 3652 1396 3747 (1).
1425 3654 1466 3724 ln
1484 3653 1634 3725 Polonia
1652 3653 1793 3726 difficile
1813 3662 1847 3727 et
1870 3663 1973 3727 atrox
1992 3663 2130 3749 tempus
2152 3654 2269 3748 reipu-

466 3792 596 3883 sestilen·
639 3777 752 3849 blicae.
793 3775 1021 3870 superiorum
1047 3772 1269 3846 sterilitatem
1301 3797 1474 3848 annorum
1509 3763 1634 3862 sames,
1661 3779 1788 3850 famem
1821 3786 2011 3850 consecuta
2046 3778 2266 3872 pestilentia,

466 3870 615 4002 {Jssffit
640 3903 766 3974 misere
791 3901 916 3972 afflixit
941 3899 1114 3970 civitates.
1142 3899 1303 3970 Exeunte
1333 3872 1451 3970 sextili
1468 3909 1637 3995 concepta
1655 3903 1763 3995 pestis
1783 3903 1987 3988 Varsaviae;
2009 3901 2068 3974 ubi
2090 3908 2166 3973 tum
2184 3924 2272 3994 qua·

640 4033 720 4098 tuor
738 4047 758 4097 e
776 4023 952 4097 Societate
975 4021 1191 4106 sacerdotes,
1213 4029 1248 4092 et
1265 4021 1334 4093 duo
1368 4023 1550 4118 adjutores
1572 4025 1655 4097 laici
1682 4025 1896 4120 domicilium
1919 4025 2086 4097 habuere.
2107 4025 2157 4096 Hi
2186 4048 2271 4119 ope-

639 4173 716 4222 ram
737 4148 885 4232 civitati‚
905 4147 1053 4242 dilapsis
1070 4153 1166 4218 metu
1193 4144 1342 4240 periculi
1372 4147 1626 4234 sacerdotibus
1647 4149 1875 4244 praebuerunt
1896 4149 2087 4242 insignem.
2112 4147 2171 4220 llli
2195 4156 2271 4221 tum

638 4275 705 4369 ipsi
731 4273 828 4346 obire
845 4271 982 4368 plateas
1012 4271 1230 4364 domosque:
1253 4278 1437 4364 exceptare
1459 4271 1699 4347 confessiones
1721 4299 1728 4345 :
1751 4273 1879 4345 adesse
1909 4273 2128 4345 moribundis
2150 4298 2158 4344 :
2178 4272 2271 4344 fame

468 4435 601 4490 Sociorum
641 4397 862 4493 pereuntium
893 4417 1023 4490 greges
1051 4387 1238 4486 colligere,¹
1260 4400 1297 4466 et
1323 4405 1512 4489 corrogata
1542 4396 1633 4490 stipe
1667 4404 1879 4469 sustentare.
1909 4396 2037 4469 Alieno
2065 4396 2217 4467 antehac
2248 4419 2272 4468 a

467 4516 588 4651 ἓξὲξ
642 4520 754 4594 Sociis
772 4521 888 4592 animo
906 4521 1001 4592 cives
1028 4519 1138 4590 fuisse
1156 4516 1384 4601 videbantur;
1405 4517 1487 4590 inde
1505 4518 1557 4590 illi
1574 4528 1717 4592 nostros
1733 4543 1798 4614 pro
1829 4520 2034 4612 parentibus
2052 4521 2126 4592 suis
2148 4542 2271 4592 amare

466 4679 588 4734 ministe-
641 4653 676 4718 et
715 4642 856 4716 colere:
876 4641 959 4714 inde
999 4641 1094 4735 ipsos
1123 4640 1276 4712 civitatis
1318 4663 1393 4713 suae
1431 4651 1699 4716 conservatores
1724 4643 1917 4738 appellare.
1957 4643 2036 4716 Hoc
2073 4642 2167 4715 malo
2203 4666 2267 4714 va-

467 4755 515 4810 ¹¹⁸·
640 4773 756 4839 stante
795 4765 990 4849 Poloniam,
1019 4763 1134 4836 eidem
1162 4763 1287 4836 eadem
1308 4771 1518 4859 tempestate
1550 4767 1682 4840 bellum
1713 4767 1856 4863 duplex,
1889 4767 1972 4839 hinc
2009 4766 2263 4850 aVallachia,

624 4889 739 4962 'illinc
760 4888 926 4961 aSuecia
944 4886 1162 4960 imminebat.

688 5012 887 5086 Vallachiae
913 5010 1099 5084 Palatinus
1122 5009 1278 5083 Michael
1311 5009 1512 5085 Simeonem
1544 5012 1705 5110 Mohyla,
1732 5013 1917 5109 expulsum
1942 5038 1963 5088 e
1992 5013 2194 5099 Vallachia,
2223 5022 2261 5087 et

637 5139 742 5234 hujus
771 5138 916 5209 fratrem
943 5132 1158 5206 Hieremiam
1187 5133 1380 5206 Moldaviae
1410 5135 1617 5230 palatinum,
1640 5137 1853 5211 Polonorum
1879 5138 2060 5224 clientem,¹
2075 5139 2182 5209 armis
2201 5139 2257 5208 in-

681 5279 721 5354 (l)
737 5276 885 5351 Epitaphia
900 5273 964 5334 vide
979 5271 1007 5330 in
1023 5273 1177 5346 appendice
1191 5273 1273 5346 hujus
1289 5273 1365 5330 libri.
