4948 6654
1079 1583 1853 1652 LITUANmARUM

1309 1859 1521 1920 sociemus
1542 1859 1627 1919 JESU

802 2029 2032 2288 'Hieronranuu
2191 2211 2193 2214 -

1151 2429 1396 2520 LIBER
1463 2419 1769 2514 SEXTUS

1360 2679 1583 2764 (roro-1620.)

1372 2897 1565 2934 μήκη.-

479 3502 611 3633 viculum
753 3507 893 3579 obviam
915 3527 1092 3601 proceres
1113 3506 1376 3599 gratulabunda
1401 3508 1436 3578 in
1475 3509 1585 3602 portis
1612 3508 1684 3578 suis
1711 3508 1834 3580 civitas
1854 3507 2178 3589 Vilnensis,.n0stri
2198 3507 2297 3580 deni-

481 3657 630 3726 sigismun.
757 3651 824 3724 que
853 3615 1052 3701 academici
1075 3628 1121 3699 ad
1152 3637 1306 3701 erectum
1324 3653 1346 3701 a
1363 3653 1401 3702 se
1417 3652 1537 3703 arcum
1562 3630 1821 3724 triumphalem,
1842 3639 1878 3704 et
1895 3629 2065 3725 disposita
2083 3632 2129 3702 ad
2146 3653 2298 3725 conspe·

479 3738 621 3874 pppptcole·
662 3763 757 3827 ctum
789 3751 941 3825 recentis
966 3751 1091 3844 gloriae
1115 3752 1286 3846 trophaea,
1308 3752 1521 3824 salutarunt.
1551 3751 1605 3823 Ob
1635 3753 1781 3825 eandem
1816 3753 1998 3825 victoriam
2024 3755 2062 3826 in
2092 3753 2240 3826 Varmia
2275 3775 2300 3824 a

479 3897 635 3968 presentem
662 3877 820 3974 principe
855 3897 917 3948 suo
944 3881 977 3946 et
1005 3872 1174 3960 antistite,
1214 3877 1356 3948 Simone
1386 3876 1600 3960 Rudnickio,
1636 3875 1769 3948 indicta
1800 3877 2021 3971 supplicatio,
2054 3877 2299 3970 Brunsbergae

478 3977 629 4109 {ffltess
666 4003 852 4077 deductam
889 3998 1005 4073 medio
1031 3999 1107 4070 foro
1138 4022 1302 4094 pompam
1328 4006 1501 4070 ornarunt
1526 4023 1546 4073 e
1576 3999 1757 4096 gymnasio
1797 4009 1917 4070 nostro
1952 3998 2111 4094 discipuli
2146 3998 2299 4070 arcubus

484 4130 584 4184 Bruns-
665 4122 949 4220 triumphalibus,
971 4120 1082 4217 regiis
1107 4143 1128 4195 e
1154 4121 1263 4216 stirpe
1291 4121 1509 4215 Sigismundi
1542 4121 1766 4215 dagellonica
1788 4124 1912 4217 signin,
1941 4123 2154 4195 carminibus
2176 4122 2294 4209 festis,

480 4209 628 4290 bergenses.
666 4247 944 4346 symphoniaque
972 4245 1147 4340 exquisita
1172 4245 1408 4318 celebrarunt.
1428 4247 1461 4318 A
1480 4239 1625 4318 meridie
1649 4249 1879 4322 dramaticum
1907 4250 2168 4322 Smolenscanae
2186 4273 2299 4344 expu-

482 4375 641 4443 AEsompa-
665 4373 843 4470 gnationis
861 4371 906 4444 ab
925 4371 1058 4444 eisdem
1084 4371 1261 4466 plaudenti
1286 4373 1415 4466 populo
1442 4374 1574 4446 editum
1600 4371 1837 4446 simulacrum.
1867 4374 1963 4446 Inter
1988 4373 2114 4468 spolia,
2135 4373 2299 4445 hostibus

483 4466 642 4588 fflffi'
667 4499 838 4580 detracta,
860 4496 1034 4567 invectum
1052 4495 1191 4567 Vilnam
1210 4519 1260 4568 aes
1285 4496 1388 4569 molis
1405 4499 1606 4592 praecipuae,
1626 4496 1708 4567 sano
1726 4496 1948 4568 Rutenorum
1966 4494 2160 4567 Smolensci
2177 4494 2302 4572 adem-

482 4609 637 4750 3ῗέῗέδῖ
664 4633 774 4721 ptum.
796 4623 875 4695 Hoc
904 4621 1054 4716 spolium
1067 4645 1130 4693 rex
1148 4621 1229 4692 divo
1257 4620 1441 4704 Casimiro,
1460 4619 1677 4715 lagellonidi
1703 4642 1780 4704 suo,
1801 4620 1846 4690 ad
1872 4617 2041 4714 templum
2059 4619 2302 4714 professorum

484 4735 555 4826 miri]
664 4759 865 4824 nostrorum
885 4747 1014 4830 Vilnee,
1038 4755 1122 4818 tunc
1140 4747 1255 4819 adhuc
1280 4749 1373 4819 inter
1393 4769 1517 4818 manus
1536 4747 1805 4818 architectorum
1835 4764 2009 4827 crescens,
2033 4742 2221 4815 dedicavit.

716 4871 826 4945 Primi
852 4869 1033 4943 Sociorum
1059 4869 1096 4940 in
1119 4869 1301 4964 provincia
1325 4869 1489 4943 reducem
1517 4891 1539 4940 a
1566 4867 1659 4942 bello
1677 4871 1868 4967 principem
1888 4872 2002 4953 Orsee,
2023 4894 2136 4966 nuper
2154 4895 2232 4946 eam
2260 4876 2301 4950 in

489 3425 547 3480 1611
662 3405 910 3664 Aaronem
939 3380 1143 3454 Smolensco
1186 3383 1341 3458 victricia
1370 3385 1579 3457 referentem
1624 3385 1728 3479 signa
1753 3382 2016 3478 sigismundum
2045 3404 2167 3477 regem
2194 3381 2298 3454 effusi

486 4945 563 5078 33⁸
571 4945 639 5078 ἓξὲξ
666 4996 840 5071 coloniam
862 4993 973 5076 missi,
995 4992 1160 5064 domicilii
1180 4992 1477 5076 conditoremsui,
1498 4995 1750 5088 gratulabundi
1766 5001 1987 5090 acceperunt.
2009 4995 2101 5077 Rex,
2122 5003 2161 5068 ut
2179 5021 2303 5074 arcem

482 5105 640 5242 ffim
666 5120 785 5204 subiit,
802 5117 976 5214 extemplo
1006 5116 1187 5190 descendit
1204 5119 1251 5191 ad
1269 5118 1416 5212 Collegii
1428 5119 1624 5214 .templum;
1646 5121 1720 5192 Deo
1733 5127 1877 5191 acturus
1895 5142 1958 5214 pro
1976 5119 2124 5190 victoria
2144 5122 2300 5212 gratias,

666 5251 701 5318 et
719 5242 868 5316 subinde
887 5241 1026 5314 aedificii
1048 5241 1103 5314 sui
1121 5243 1260 5314 visurus
1278 5242 1506 5315 incrementa.
1523 5243 1697 5316 Affectum
1722 5242 1837 5314 adhuc
1862 5250 1940 5314 erat
1956 5242 2078 5338 templi
2095 5243 2301 5321 aedificium.
