4930 6634
681 839 789 898 LIBER
813 835 992 898 supultus
1014 836 1227 912 (toto-1630).
1751 821 1813 886 283

187 1023 318 1097 strictis
330 1023 503 1109 faucibus,
518 1025 666 1096 horrore
682 1023 858 1119 perfusus,
874 1019 1078 1116 interceptis
1096 1027 1203 1105 metu,
1226 1043 1305 1116 quae
1323 1019 1369 1092 ad
1386 1015 1589 1090 concionem
1616 1006 1807 1090 attulisset,
1838 1029 1902 1084 1626

188 1151 293 1224 toties
318 1152 472 1224 haereret
496 1151 533 1222 in
550 1151 636 1246 ipsis
663 1150 780 1222 statim
809 1149 990 1245 principiis
1016 1146 1156 1221 dicendi
1190 1154 1226 1220 ct
1248 1145 1518 1226 obmutesceret,
1551 1129 1700 1236 quoties
1717 1132 1813 1228 loqui
1838 1120 1977 1270 333}ng

188 1281 385 1374 conaretur.
415 1273 582 1369 Supellex
612 1273 735 1369 templi
762 1274 889 1369 partim
916 1272 1079 1356 contrita,
1106 1271 1234 1366 partim
1259 1292 1338 1342 cum
1360 1267 1585 1350 bibliotheca,
1612 1271 1648 1335 et
1677 1277 1812 1354 organo
1840 1283 1912 1335 veut

187 1398 335 1483 musice,
352 1397 445 1492 quod
459 1405 537 1472 erat
550 1399 727 1493 praecipuo
745 1405 983 1471 constructum
995 1396 1159 1480 artificio,
1176 1396 1213 1466 in
1230 1392 1393 1467 Sueciam
1407 1395 1599 1486 asportata.
1838 1358 1918 1415 ⁹⁰⁰⁸·

237 1524 550 1599 Latrocinantibus
567 1526 605 1598 in
621 1525 768 1598 Vermia
784 1525 944 1599 hostibus
962 1523 1150 1608 haercticis,
1169 1519 1374 1617 prodigiosa
1394 1537 1452 1590 res
1470 1513 1609 1587 accidit.
1632 1501 1815 1582 Conscele·

187 1648 386 1722 ratissimus
404 1671 526 1720 eorum
551 1648 690 1743 aliquis,
711 1648 805 1720 inter
834 1647 1087 1721 commilitones
1112 1644 1303 1743 improbos,
1324 1639 1466 1714 Goelites
1484 1656 1648 1710 execrans
1677 1649 1811 1712 omnes,

187 1779 290 1866 etque
321 1773 436 1867 ipsum
462 1773 567 1846 etiam
599 1772 834 1857 salvatorem,
855 1796 958 1868 quem
988 1772 1145 1845 colerent
1174 1765 1350 1850 catholici,
1377 1761 1501 1836 incidit
1529 1761 1566 1832 in
1592 1752 1815 1853 pendentise

187 1917 291 1968 cruce
305 1896 437 1968 Christi
450 1895 685 1981 simulacrum,
708 1903 863 1969 erectum
880 1919 983 1969 secus
1000 1895 1107 1978 viam,
1128 1916 1198 1987 qua
1215 1891 1373 1986 proxime
1391 1888 1519 1960 subeas
1532 1882 1663 1958 moenia
1679 1879 1813 1951 Bruns·
1840 1894 1954 1952 simun·

187 2017 320 2112 bergae.
354 2019 547 2092 Proiectus
564 2017 600 2089 in
618 2016 817 2103 maledicta,
838 2018 989 2113 effigiem
1008 2018 1201 2090 diviname
1227 2013 1347 2086 fistula
1375 2013 1491 2084 ferrea
1523 2009 1643 2083 furens
1669 2003 1809 2100 trajicit.
1838 1987 1943 2106 {ffiffi

189 2144 338 2218 Ostento
356 2145 444 2217 miro
462 2144 602 2238 injuriae
619 2166 693 2215 suae
708 2142 833 2235 impios
851 2143 1034 2215 admonuit
1051 2143 1159 2214 Deus.
1180 2139 1310 2212 Tribus
1324 2139 1432 2210 ictum
1449 2133 1652 2230 glandibus,
1668 2128 1814 2202 totidem
1841 2127 1970 2198 prodigio·

186 2273 326 2367 aperuit
350 2272 511 2356 vulnere,
527 2271 697 2365 largoque
728 2269 883 2343 manavit
905 2268 1080 2361 sanguine
1107 2262 1331 2337 simulacrum
1349 2260 1396 2356 (ι).
1419 2259 1678 2331 Cohorrescunt
1704 2253 1749 2326 ad
1774 2249 1812 2322 id
1839 2228 1973 2348 fflegco.

186 2417 306 2466 omnes
320 2401 425 2488 atquo
437 2393 494 2464 hic
511 2394 617 2466 etiam
635 2390 761 2464 scelus.
785 2391 1000 2485 Pervulgato
1016 2388 1199 2470 miraculo,
1220 2391 1434 2458 concurrunt
1455 2384 1502 2456 ad
1523 2382 1676 2477 signum,
1697 2376 1813 2450 adhue
1839 2391 1986 2522 {pffmssgp

184 2517 419 2612 sanguineus,
441 2541 520 2590 cum
535 2517 711 2590 haereticis
731 2513 896 2588 catholici
917 2541 924 2587 :
946 2512 1109 2609 explorat
1136 2512 1319 2585 veritatem
1336 2508 1490 2605 prodigii
1515 2507 1622 2581 etiam
1643 2505 1713 2576 dux
1736 2502 1815 2573 hos·
1841 2535 1916 2600 „m
1943 2551 1987 2589 os-

183 2643 300 2715 tium:
322 2649 419 2714 certa
436 2644 513 2715 visa
531 2651 614 2716 sunt
638 2641 800 2716 omnihus
814 2641 941 2714 offensi
958 2641 1063 2736 signa
1079 2637 1246 2711 numinis.
1277 2636 1433 2708 Rumore
1463 2629 1623 2704 miraculi
1654 2632 1809 2721 acceptu,
1840 2615 1921 2668 unm.

184 2766 306 2861 regius
332 2767 508 2861 princeps,
537 2766 743 2840 Vladislaus
758 2766 988 2860 Brunsberga
1017 2764 1112 2836 haud
1135 2762 1255 2856 longe,
1284 2783 1326 2832 ex
1357 2757 1485 2853 oppido
1510 2754 1694 2850 Regimen,
1722 2749 1815 2823 unde
1936 2797 1940 2804 -
2029 2773 2041 2786 ·

186 2892 340 2964 hostium
359 2891 571 2964 observabat
588 2891 728 2976 itinera,
750 2893 928 2964 cohortem
949 2887 1091 2983 expedit
1104 2885 1282 2970 continuo,
1303 2906 1383 2979 quae
1407 2905 1482 2954 rem
1495 2880 1640 2976 propius
1665 2899 1812 2973 cognos-

155 3033 160 3042 ·
185 3023 293 3098 ceret,
308 3021 426 3108 atque,
443 3015 474 3086 si
491 3014 631 3110 quidem
645 3015 695 3087 ita
716 3022 822 3097 esset,
839 3012 883 3086 ad
899 3020 1017 3096 castra
1039 3033 1104 3083 sua
1118 3007 1262 3084 afferret
1280 3008 1517 3082 simulacrum.
1539 3008 1739 3081 Veneratus
1755 3005 1814 3101 pie

185 3139 302 3212 insua
316 3137 488 3212 offensum
508 3139 624 3234 effigie
650 3139 884 3223 salvatorem,
906 3136 1115 3208 Varsaviam
1133 3136 1229 3208 misit
1253 3135 1495 3230 prodigiosum
1524 3133 1590 3204 hoc
1607 3131 1747 3226 signum
1769 3127 1815 3202 ad

183 3285 304 3358 regem
331 3264 609 3359 Sigismundum.
632 3265 828 3337 Ferebatur
853 3261 1060 3356 asignifero
1089 3261 1256 3344 cohortis
1288 3259 1411 3330 labaro
1438 3259 1603 3331 decenter
1620 3257 1809 3353 illigatum.

185 3387 382 3481 Exceptum
399 3390 526 3484 ubique
545 3391 676 3484 pietate
698 3387 951 3462 catholicorum
970 3407 1114 3479 magna,
1132 3383 1303 3456 Meelsaci
1326 3381 1503 3478 praecipue
1519 3383 1556 3453 in
1575 3382 1703 3476 oppido
1720 3381 1811 3452 Var-

183 3511 322 3595 miensi,
338 3512 490 3608 denique
504 3513 701 3596 Varsaviae,
718 3514 778 3586 ubi
791 3513 827 3584 in
842 3513 941 3607 regio
955 3510 1115 3584 conclavi
1128 3512 1295 3607 religiose
1308 3515 1354 3586 ad
1370 3535 1535 3608 suprema
1550 3514 1572 3585 J
1576 3514 1701 3586 oannis
1712 3512 1809 3585 Cesi·

186 3635 266 3708 miri
278 3637 375 3731 regis
395 3643 555 3732 temp'ora
571 3648 749 3712 servatum
770 3644 835 3712 est.
855 3634 1077 3710 Efferebatur
1095 3635 1269 3708 interdum
1287 3635 1334 3707 ad
1356 3637 1487 3709 cultum
1504 3636 1693 3732 publicum,
1711 3635 1810 3708 sestis

185 3758 337 3832 maxime
361 3758 490 3832 'diebus
515 3760 770 3857 Theophoriae;
790 3760 915 3854 quibus
940 3756 1194 3834 Varsavienses
1225 3760 1271 3831 ad
1298 3783 1381 3832 aras
1399 3769 1549 3855 quatuor
1566 3760 1812 3856 supplicabant

185 3881 340 3955 vicatim.
355 3882 460 3957 Anno
475 3883 601 3958 deinde
619 3886 713 3958 1668
733 3886 756 3958 J
759 3905 903 3966 oannes,
921 3881 1020 3976 regio
1035 3903 1073 3952 se
1093 3881 1261 3954 abdicans
1276 3882 1500 3978 magistratu,
1517 3868 1657 3978 signum
1670 3905 1809 3956 sacrum

187 4008 443 4103 Neporentam,
460 4033 559 4082 suam
572 4009 608 4080 in
626 4010 759 4094 villam,
776 4011 974 4094 transtulit;
996 4011 1082 4082 aedis
1101 4009 1149 4081 ibi
1167 4015 1300 4082 ecocto
1313 4008 1431 4103 lapide
1444 4009 1689 4082 construendae
1702 4032 1810 4106 nego-

186 4128 238 4202 tio
251 4128 335 4202 dato
347 4129 606 4225 Kijoviensium
622 4130 869 4204 canonicorum
883 4107 1072 4226 praeposito
1086 4131 1263 4204 Stanislao
1280 4132 1530 4228 Vengierskio.
1553 4133 1682 4206 Decem
1697 4155 1809 4206 annos

185 4254 415 4327 Vermienses
451 4254 533 4327 belli
550 4254 682 4328 Suetici
699 4262 907 4350 tempestate
926 4257 1073 4351 jactati;
1109 4256 1176 4328 hac
1206 4256 1355 4352 denique
1386 4265 1612 4341 commutata,
1642 4241 1736 4330 Socii
1762 4257 1807 4331 ad
1842 4259 1952 4356 virute

185 4403 306 4454 rerum
320 4404 463 4452 suarum
478 4381 580 4453 busta
593 4383 742 4454 rediere.
760 4383 918 4456 Primum
936 4383 999 4468 illi,
1021 4380 1315 4477 quemadmodum
1332 4381 1461 4466 decuit,
1477 4405 1594 4454 rerum
1611 4381 1809 4455 divinarum
1838 4341 1968 4477 ,8322ss

185 4505 272 4598 angi
285 4525 367 4577 cura
383 4529 391 4576 :
409 4503 576 4600 colligere
590 4505 779 4600 dissipatas
792 4507 913 4601 templi
928 4506 1096 4601 reliquias
1114 4533 1121 4579 :
1139 4506 1212 4579 aris
1227 4503 1298 4581 suis
1318 4506 1503 4578 restituere
1521 4527 1663 4600 sparsas
1676 4506 1807 4602 passim
1837 4500 1894 4555 unt.

186 4627 346 4700 divorum
371 4627 573 4722 imagines:
603 4630 725 4702 usibus
755 4630 865 4702 sacris
883 4649 1077 4726 ¹corrogare
1109 4627 1362 4725 supellectilem
1392 4638 1596 4724 :tropaeum
1626 4630 1807 4726 religionis

186 4773 262 4822 suec
277 4751 533 4846 prodigiosum,
554 4776 693 4826 crucem
711 4753 810 4825 illam
827 4753 997 4849 reliquam
1022 4778 1101 4828 cum
1118 4754 1274 4848 imagine
1297 4775 1400 4825 sacra
1424 4753 1506 4825 olim
1524 4754 1742 4847 profanatam
1761 4755 1806 4827 ab
1895 4785 1900 4798 ·

183 4874 315 4969 impiis,
335 4874 440 4949 hodie
458 4876 659 4971 religiosius
673 4878 740 4950 coli
754 4887 905 4974 coeptam
922 4879 1036 4974 epiis,
1058 4876 1188 4950 sacello
1203 4875 1441 4962 circumdare;
1462 4877 1499 4948 in
1516 4899 1636 4950 omnes
1651 4902 1689 4952 se
1703 4903 1804 4951 cura·

186 5019 265 5070 rum
282 5005 401 5093 partes
421 4989 655 5074 versante'P.
677 5003 816 5074 loanne
844 5001 1014 5084 Berendt,
1041 5000 1181 5073 afflictae
1216 5003 1340 5073 domus
1370 5001 1535 5096 praeside.
1564 5001 1720 5076 Restitui
1742 5027 1807 5077 rex

179 5119 291 5214 jussit
307 5145 408 5194 suum
427 5123 778 5218 Brunsbergensibus
795 5126 936 5219 pignus,
959 5123 1174 5220 Neporentae
1194 5125 1403 5219 depositum,
1427 5124 1609 5197 orantibus
1636 5125 1670 5198 id
1699 5129 1812 5203 Sociis

230 5254 273 5336 (t)
288 5259 352 5320 Vid.
370 5261 523 5322 Historiam
536 5263 655 5322 prussiae
669 5262 788 5321 loannis
804 5263 908 5322 Leonis
919 5279 986 5341 pag.
1005 5263 1074 5322 502.
