4936 6658
686 819 746 885 352
1056 815 1333 879 LlTUleCARUM
1355 817 1568 880 socturtrls
1588 819 1675 882 JESU
1698 820 1950 882 ursromauuu

686 1005 803 1100 Atque
828 1005 905 1076 haec
931 1027 1003 1076 una
1033 1002 1156 1078 Suecis
1183 1008 1272 1086 erat,
1295 1001 1388 1097 quod
1417 1003 1653 1090 meminimus,
1677 1004 1853 1101 hodieque
1883 1028 1992 1078 causa
2021 1011 2074 1076 tot
2091 1011 2248 1076 motuum
2274 1025 2318 1076 ac

687 1135 866 1200 tantorum
892 1128 927 1198 in
961 1125 1112 1200 Polonia
1128 1125 1354 1198 tumultuum.
1377 1125 1454 1197 Hoc
1478 1125 1538 1198 ille
1564 1135 1723 1224 tempore
1748 1137 1821 1201 tam
1839 1129 1979 1202 turbido
1998 1152 2099 1203 suam
2128 1127 2212 1202 belli
2237 1151 2317 1199 cum

688 1252 843 1324 hostium
873 1251 988 1324 causis
1018 1273 1238 1324 communem
1264 1249 1357 1334 fecit,
1395 1248 1544 1336 facilius,
1572 1254 1664 1349 quod
1694 1256 1856 1340 ambiret,
1889 1263 2104 1327 extorturus.
2128 1252 2318 1326 Contendit

688 1401 767 1450 cum
784 1377 895 1470 signis
914 1375 1049 1448 infestis
1068 1383 1165 1446 recta
1177 1375 1214 1445 in
1233 1374 1431 1460 Poloniam,
1453 1376 1653 1470 agitaturus
1675 1401 1796 1473 regem
1822 1379 1998 1453 loannem
2024 1385 2112 1462 toto,
2132 1377 2164 1450 si
2180 1383 2314 1472 posset,

687 1502 829 1574 mundo.
860 1502 989 1574 Decem
1018 1508 1054 1574 et
1079 1509 1211 1595 septem
1240 1499 1351 1571 millia
1369 1522 1513 1572 suorum
1544 1501 1704 1586 ductans,
1728 1503 1914 1576 Poloniam
1931 1503 2157 1599 peragrabat.
2193 1501 2316 1573 Cincto

514 1621 629 1676 J„„„„
688 1625 841 1720 undique
866 1626 1031 1722 periculis
1053 1627 1227 1720 reliquum
1254 1634 1332 1698 erat
1360 1627 1506 1712 loanni,
1534 1651 1572 1700 se
1597 1635 1637 1700 ut
1666 1617 1790 1700 cautus
1821 1627 2042 1700 subduceret.
2083 1625 2245 1720 Perfugit
2277 1625 2312 1693 in

515 1715 640 1847 ἷξὲῑὲῃῗ
688 1750 850 1823 Silesiam
878 1774 949 1823 una
975 1774 1053 1824 cum
1072 1748 1251 1822 Ludovica
1269 1751 1431 1846 conjuge,
1450 1753 1668 1824 nostratibus
1684 1750 1855 1845 tantisper
1879 1752 2017 1856 hostem
2043 1749 2311 1823 sustinentibus.

516 1856 622 1926 querit.
689 1875 911 1972 Glogoviam,
933 1877 969 1948 in
995 1877 1161 1971 oppidum
1189 1876 1327 1950 Silcsiae
1353 1876 1523 1947 munitum
1553 1884 1716 1971 acceptus
1748 1898 1820 1948 rex.
1857 1876 1898 1946 Iu
1930 1877 2055 1950 relicta
2086 1877 2136 1948 ita
2166 1875 2314 1947 Polonia

688 2003 825 2074 animos
842 2001 972 2073 civium
989 1973 1176 2072 'Gustavus
1192 1999 1373 2093 promissis
1392 2005 1427 2071 et
1448 1999 1699 2093 largitionibus
1726 2023 1947 2095 oppugnare,
1963 2007 2165 2095 mutatoque
2193 1999 2316 2071 hostili

687 2126 841 2210 nomine,
879 2131 1111 2219 protectorem
1148 2124 1225 2217 jam
1267 2145 1305 2194 sc
1345 2123 1446 2216 regni
1486 2121 1631 2195 Polonis
1674 2123 1812 2198 offerre.
1851 2124 2041 2198 Nostrates
2084 2146 2190 2218 porro
2231 2122 2314 2217 quid

689 2274 753 2347 per
794 2257 1018 2334 conventum,
1055 2247 1269 2344 Tyszoviciis
1315 2248 1487 2350 habitum,
1530 2248 1623 2320 inter
1663 2272 1702 2322 se
1747 2251 2007 2334 constituerint,
2044 2272 2088 2322 ex
2127 2247 2312 2320 annalibus

691 2374 910 2446 Kochovslrii
939 2372 973 2468 (rt
1006 2373 1155 2467 accipe:

519 2514 646 2570 nonnula
743 2529 759 2559 κ
782 2500 888 2571 Haud
903 2499 1023 2570 c'redat
1041 2496 1412 2590 orbis,necquisquam
1431 2493 1597 2567 adhibeat
1615 2495 1906 2593 fidem,inclytam
1925 2495 2140 2568 Polonorum
2159 2503 2312 2589 gentem,

518 2596 615 2735 10ῗίξῖξέ
615 2597 639 2652 fl
694 2654 710 2686 a
731 2623 871 2699 blandis
889 2622 1077 2695 intrusoris
1104 2621 1234 2693 domini
1252 2618 1432 2714 promissis
1449 2619 1671 2701 fascinatam,
1693 2620 1738 2691 ab
1756 2621 1867 2694 electo
1880 2621 2001 2694 liberis
2025 2619 2207 2715 suffragiis
2233 2641 2317 2714 rege

694 2779 710 2811 κ
730 2749 921 2822 descivisse
951 2768 1132 2840 unquam:
1156 2743 1238 2816 etsi
1256 2743 1434 2815 fatendum
1465 2743 1524 2824 sit,
1544 2751 1618 2815 tum
1646 2744 1911 2816 serenissimum
1937 2767 2060 2838 regem
2091 2743 2311 2824 Casimirum‚

694 2905 710 2936 κ
732 2880 806 2947 tum
841 2877 1039 2967 equestrem
1074 2867 1246 2950 ordinem,
1284 2867 1468 2960 iniquitate
1502 2866 1723 2941 adversantis
1755 2890 1955 2962 oppressos,
1989 2865 2024 2937 in
2061 2889 2121 2939 eas
2148 2865 2315 2938 recidisse

693 3028 710 3059 κ
729 3020 848 3070 rerum
865 2993 1063 3089 angustias,
1085 3001 1136 3073 ut,
1157 2992 1193 3062 in
1211 2989 1354 3063 exitium
1377 2989 1537 3062 Poloniae
1554 2990 1800 3084 ingruentibus
1818 2991 1972 3084 undique
1984 2990 2139 3062 hostium
2158 2989 2316 3063 exerciti·

694 3153 710 3184 κ
731 3123 810 3207 bus,
828 3128 863 3193 et
880 3118 1165 3214 regia-majestas
1183 3114 1312 3187 finibus
1330 3113 1434 3207 regni
1453 3115 1634 3199 excedere,
1651 3123 1685 3186 et
1701 3114 1865 3186 nobilitas
1887 3116 1924 3184 in
1944 3114 2203 3208 protectionem
2222 3113 2316 3207 regis
2437 3149 2438 3180 t

695 3277 711 3309 κ
733 3247 864 3321 Suetici
899 3244 1104 3326 concedere,
1137 3262 1320 3312 necessum
1351 3237 1534 3324 habuerit;
1568 3239 1636 3320 cui,
1658 3238 1849 3311 secundum
1879 3239 2147 3311 conventionem
2179 3238 2314 3322 initam,

695 3404 712 3435 κ
733 3370 965 3446 conveniebat
981 3367 1086 3438 fidem
1105 3363 1252 3447 servari,
1273 3363 1340 3434 nisi
1354 3361 1450 3456 prior
1468 3362 1543 3456 ipse
1570 3362 1688 3433 datam
1707 3362 1887 3436 violasset.
1904 3362 1987 3434 lam
2010 3385 2094 3434 vero
2117 3360 2315 3434 revocando

696 3529 712 3560 a
734 3497 768 3568 in
789 3493 1004 3576 memoriam,
1029 3487 1184 3562 utnulla
1208 3488 1348 3581 penitus
1372 3485 1454 3559 belli
1479 3509 1599 3572 causa,
1631 3509 1676 3558 ne
1706 3492 1880 3579 praetextu
1907 3484 2060 3579 quidem,
2090 3483 2160 3556 imo
2196 3493 2318 3557 contra

695 3651 711 3682 a
732 3619 893 3692 inducias
910 3641 988 3690 cum
1005 3613 1187 3686 Vladislao
1206 3611 1255 3682 lV
1272 3610 1477 3682 Stumdorfii
1494 3611 1596 3695 ictas,
1616 3611 1756 3705 injustis
1779 3608 2032 3703 rempublicam
2052 3609 2160 3680 armis
2176 3631 2318 3703 oppres·

695 3776 712 3807 a
733 3745 840 3830 serit;
862 3751 897 3816 et
915 3740 1087 3837 quamvis,
1116 3760 1139 3808 a
1164 3737 1297 3831 majore
1326 3742 1426 3830 parte
1455 3735 1557 3828 regni
1583 3734 1779 3807 incolarum
1805 3741 1982 3827 protector
2000 3731 2212 3827 appellatus,
2233 3732 2317 3804 fidei

697 3901 713 3932 κ
736 3867 1090 3942 catholico-romanae
1107 3858 1410 3956 conservationem
1428 3858 1692 3954 spopondisset;
1721 3882 1802 3930 mox
1824 3858 1936 3934 eidem
1956 3856 2075 3951 gravis
2105 3862 2141 3929 et
2159 3856 2318 3951 injurius,
2436 3945 2437 3954 ἵ

695 4024 712 4055 κ
733 3993 852 4066 omnia
871 4013 973 4064 sacra
990 3989 1148 4082 ritusque
1173 3983 1288 4056 avitos
1311 3982 1540 4055 intervertere
1566 3982 1701 4077 coepit:
1723 3982 1873 4054 ditiones
1891 3980 1995 4075 regni
2021 3980 2065 4050 ab
2083 3979 2238 4052 exercitu
2256 4001 2321 4050 suo
2436 3965 2437 3996 ³

695 4149 711 4181 a
734 4129 896 4193 evastare
925 4142 932 4187 :
961 4116 1077 4188 curias
1102 4110 1273 4185 nobilium
1299 4109 1337 4181 in
1367 4108 1508 4201 praedas
1543 4108 1662 4179 dare:
1695 4114 1825 4178 statum
1855 4113 2052 4199 equestrem
2078 4103 2320 4176 exactionibus
2361 4161 2367 4168 .

695 4276 711 4308 a
734 4267 885 4341 gravare
907 4269 914 4315 :
936 4237 1163 4336 magistratus
1183 4244 1218 4310 et
1233 4233 1371 4342 judicia
1386 4240 1461 4304 tum
1486 4231 1727 4304 ecclesiastica
1753 4239 1825 4302 tum
1844 4227 2030 4301 saecularia
2047 4228 2173 4302 tollere
2194 4254 2201 4300 :
2222 4228 2323 4323 leges

697 4400 712 4430 a
735 4370 901 4464 antiquas
919 4375 955 4440 et
972 4361 1243 4438 consuetudines
1261 4355 1503 4453 pessumdare,
1524 4379 1566 4430 ac
1585 4357 1677 4452 juris
1704 4354 1847 4427 dicundi
1864 4375 2025 4425 normam
2049 4351 2095 4425 ad
2118 4362 2321 4437 extrancos

697 4494 853 4589 «legum
881 4490 1073 4585 imperitos,
1096 4486 1316 4558 transferre:
1338 4477 1539 4554 sacerdotes
1570 4505 1608 4553 ac
1637 4478 1787 4565 nobiles,
1816 4501 1881 4551 nec
1907 4477 2057 4562 delatos,
2094 4499 2208 4572 neque
2237 4501 2325 4549 con-

700 4647 716 4678 ιι
738 4617 863 4698 victos,
883 4615 953 4684 imo
979 4634 1045 4684 nec
1070 4610 1221 4694 auditos,
1244 4608 1443 4680 carceribus
1468 4605 1683 4699 mancipare,
1705 4611 1741 4675 ct
1756 4601 1935 4674 trucidare
1964 4601 2191 4694 permiserit:
2212 4601 2325 4674 cultui

702 4773 718 4803 a
740 4741 860 4813 divino
879 4739 1039 4832 dedicata
1056 4734 1188 4829 templa
1207 4733 1301 4806 omni
1319 4732 1506 4828 splendore
1524 4739 1559 4803 et
1576 4735 1750 4825 apparatu
1768 4727 1913 4823 spoliari
1935 4752 1942 4799 :
1964 4749 2154 4822 campanas
2172 4727 2324 4822 pulsari,

700 4895 716 4925 κ
740 4864 807 4937 nisi
824 4862 951 4957 grandi
971 4883 1042 4933 aere
1060 4858 1329 4942 redimerentur,
1351 4856 1553 4953 prohiberi:
1576 4852 1758 4926 basilicam
1785 4851 2169 4938 Cnenstochoviensem,
2186 4875 2257 4925 non
2288 4853 2326 4924 in

701 5019 717 5050 κ
737 4996 813 5062 tota
837 4987 941 5060 modo
965 4983 1126 5070 Polonia‚
1156 4985 1217 5058 sed
1244 4984 1371 5079 ubique
1392 4983 1467 5055 lere
1483 4979 1661 5077 inclytam,
1684 4977 1812 5073 grandi
1834 4975 1989 5051 exercitu
2019 4979 2170 5051 cinctam
2195 4983 2230 5050 et
2258 5001 2327 5073 op·

700 5145 716 5175 κ
738 5120 943 5211 pugnatam,
971 5108 1147 5204 sacrilego
1174 5109 1210 5179 in
1237 5108 1466 5203 direptionem
1491 5128 1578 5177 ausu
1600 5102 1798 5176 destinari:
1820 5124 1945 5197 nempe
1978 5109 2031 5187 ut,
2051 5101 2168 5174 diruto
2183 5102 2252 5173 hoc
2286 5100 2327 5173 in

738 5253 780 5331 (t)
801 5252 861 5310 Lib.
879 5250 916 5321 11,
939 5247 1066 5308 Climact.
1088 5249 1117 5308 t.
