4948 6654
664 802 773 862 urana
797 763 938 862 sauros
967 795 1186 881 (raro-raas).
1709 793 1771 858 aaa
1822 862 1827 872 ,

148 989 327 1086 patientiae
344 1014 419 1064 suae
439 991 659 1086 magistram,
677 989 883 1065 clementem
901 988 1106 1063 delictorum
1132 986 1292 1061 ultricem
1319 1009 1475 1069 suorum,
1496 978 1769 1056 immortalitatis
1795 985 1860 1044 tora
1942 989 1946 997 ·

148 1116 393 1210 praenuntiam,
413 1115 629 1212 appellaret;
662 1138 809 1211 eamque
835 1140 898 1212 per
919 1116 998 1189 loca
1026 1115 1209 1188 beatorum
1240 1111 1439 1208 Martyrum
1457 1110 1558 1205 quasi
1576 1105 1771 1180 circumdu-

33 1331 34 1342 .
149 1247 253 1326 cerat,
276 1240 420 1335 Deoqua
455 1239 609 1312 offerret.
632 1241 684 1312 lta
718 1241 979 1336 peregrinatus,
1008 1237 1200 1338 praemissis
1230 1235 1405 1317 omnibus,
1437 1257 1517 1330 quae
1550 1231 1597 1304 ad
1629 1229 1768 1302 felicem

33 1343 34 1418 Ῐ
151 1361 277 1439 exitum
294 1363 463 1445 facerent,
493 1363 671 1435 intercidit
688 1363 830 1435 victima
857 1363 1051 1436 charitatis.
1073 1363 1141 1443 Qui
1171 1362 1360 1457 aliquando
1390 1367 1473 1432 ante
1499 1360 1642 1431 Patrem
1665 1355 1771 1427 Nico·

150 1484 240 1558 laum
269 1486 563 1580 Brunsbergense
596 1488 686 1560 rexit
710 1487 917 1582 Collegium,
939 1486 1063 1560 eodem
1094 1508 1188 1585 anno
1220 1483 1357 1558 Gadani
1390 1481 1562 1566 occubuit,
1596 1478 1772 1583 confectus
1798 1458 1927 1591 9·ngsp

151 1611 342 1696 laboribus
371 1611 393 1683 J
396 1633 529 1682 oannes
559 1612 737 1696 Huberus,
770 1611 914 1682 natione
944 1632 1147 1703 germanus,
1167 1610 1283 1703 patria
1315 1599 1470 1680 Franco‘
1487 1603 1767 1699 Herbipolensis,
1799 1636 1842 1712 ms
1859 1617 1946 1674 aeda·

155 1733 185 1806 in
201 1733 387 1828 provincia
404 1733 557 1806 Lituana
571 1733 787 1828 theologiam
800 1733 980 1828 professos
997 1733 1201 1818 triennium,
1219 1734 1367 1807 subinde
1382 1734 1623 1827 Brunsbergae
1640 1754 1775 1828 praeses
1800 1715 1836 1752 ¹¹¹·

154 1856 328 1929 seminarii
357 1856 572 1941 scholastici,
605 1856 793 1950 theologus
820 1865 855 1929 et
880 1857 1106 1929 concionator
1123 1858 1283 1942 eximius,
1313 1859 1504 1930 insectator
1528 1857 1775 1928 haereticorum

153 1979 304 2052 victoriis
346 1979 511 2076 inclytus.
540 1979 699 2075 Reliquit
723 1981 928 2053 memoriam
954 1980 1009 2053 sui
1026 1982 1062 2052 iu
1088 1981 1188 2053 libris
1213 2004 1236 2053 a
1262 2004 1301 2054 se
1319 1982 1436 2066 aditis,
1458 1989 1493 2054 et
1518 1980 1658 2074 scriptis
1676 1979 1770 2064 aliis,

33 2093 34 2098 ¹
153 2103 225 2176 luce
242 2103 377 2199 pariter
394 2103 524 2198 dignis.

33 2323 34 2336 ἵ
197 2227 320 2300 Status
337 2224 472 2321 aliquot
487 2227 524 2297 in
537 2227 605 2299 hac
625 2225 806 2321 provincia
826 2228 1063 2322 Collegiorum
1081 2249 1175 2298 anuo
1206 2227 1299 2300 1613
1318 2232 1353 2299 et
1367 2227 1548 2322 superiore
1565 2228 1630 2299 fuit
1647 2227 1774 2322 oppido

33 2379 34 2388 ¹
154 2353 267 2425 miser.
289 2351 399 2424 Fame
417 2350 496 2422 dira
515 2361 675 2425 enectum
692 2353 817 2427 fuisset
834 2377 913 2425 com
927 2353 1068 2424 civitate
1081 2349 1278 2445 Collegium
1296 2351 1597 2440 Smoleuscanum,
1619 2351 1775 2424 Moschis

157 2476 273 2550 urbem
294 2476 550 2562 obsidentibus,
572 2479 639 2550 uisi
665 2479 754 2572 regii
789 2486 920 2574 praetor
951 2477 1140 2558 exercitus,
1162 2475 1346 2571 eruptione
1371 2499 1435 2572 per
1459 2476 1593 2550 medios
1622 2478 1776 2550 hostium
1798 2471 1943 2606 smoidmct

157 2624 284 2674 cuneos
314 2600 421 2684 facta,
459 2601 604 2697 dejectis
632 2602 862 2674 barbarorum
897 2602 1160 2686 munitionibus,
1199 2624 1238 2672 re
1272 2601 1512 2690 frumentaria¹
1531 2602 1775 2674 laborantibus
1799 2627 1950 2697 collegium

158 2747 304 2798 annonae
320 2726 456 2821 copiam
473 2727 662 2800 intulisset.
684 2729 797 2811 orsae,
818 2752 881 2824 per
896 2730 1091 2802 absentiam
1117 2729 1229 2814 ducis,
1250 2728 1473 2802 infectiones
1491 2730 1579 2802 duas
1605 2731 1774 2802 discesse-
1800 2706 1950 2852 {2³¹5}AEssss

157 2861 207 2924 rat
221 2853 418 2938 exercitus;
439 2854 562 2948 etjam
592 2854 702 2925 coorti
726 2853 773 2924 ad
805 2876 960 2948 pugnam
978 2855 1142 2926 tubarum
1164 2861 1479 2949 tympanorumque
1497 2854 1614 2925 sonitu
1642 2855 1779 2926 animos

160 2977 294 3072 irasque
313 2977 499 3050 acuebant.
530 2977 646 3049 Exciti
673 2977 823 3049 tumultu
848 2986 1038 3050 accurrunt
1069 2975 1181 3049 Socii:
1219 2977 1253 3047 in
1273 2975 1408 3048 madias
1437 2976 1635 3072 irrumpunt
1659 2976 1774 3051 acies:

158 3101 310 3196 dereptis
329 3101 423 3172 tubis
453 3108 489 3174 et
522 3102 712 3198 tympanis,
745 3103 964 3175 commonitis
995 3101 1146 3197 partium
1178 3100 1324 3172 ducibus
1355 3099 1507 3194 gratiam
1532 3100 1775 3173 reconciliant.
1863 3182 1897 3236 la

158 3223 347 3297 Constabat
373 3225 546 3298 exercitus
578 3249 597 3298 a
627 3226 735 3320 copiis
769 3225 951 3298 catholicis
987 3225 1232 3320 haereticisque
1251 3225 1461 3321 promiscue.
1481 3227 1598 3320 AEque
1625 3225 1777 3297 studium
1805 3260 1951 3318 omentu-

159 3348 329 3421 sociorum
348 3355 384 3420 et
401 3371 509 3443 opera
534 3349 692 3444 partibus
711 3355 815 3443 grata
833 3348 918 3418 fuit:
949 3357 987 3419 ut
1017 3356 1201 3443 propterea
1219 3350 1373 3422 omnium
1396 3351 1634 3422 centuriarum
1653 3349 1777 3422 suffra·
1805 3343 1952 3473 {ffitoffij

157 3474 221 3568 giis
242 3472 436 3568 eCollagio
471 3480 706 3568 rogarentur,
741 3473 799 3568 qui
827 3473 1022 3567 disciplinae
1053 3473 1253 3546 christianae
1287 3475 1360 3546 suis
1393 3475 1429 3545 in
1459 3476 1585 3548 castris
1615 3477 1777 3571 magistri
1804 3455 1867 3555 turs

155 3603 359 3691 praeessent.
377 3595 551 3668 Pultoviae
563 3603 638 3667 tota
658 3596 804 3690 Collegii
828 3621 885 3670 res
904 3599 1096 3670 continenti
1114 3598 1211 3670 urbis
1238 3597 1399 3670 incendio
1417 3599 1660 3695 conflagravit.
1691 3601 1776 3672 Der·
1802 3580 1930 3712 Putidus

154 3722 227 3814 pati
244 3722 282 3793 in
299 3721 559 3816 praeteritarum
591 3719 703 3791 bustis
730 3719 894 3806 cladium,
926 3721 1036 3795 ferme
1061 3722 1176 3794 adhuc
1205 3721 1432 3808 fumantibus,
1453 3745 1550 3818 aegre
1568 3730 1699 3819 septem
1732 3724 1775 3796 de
1801 3736 1888 3824 iucen-

153 3853 224 3919 toto
244 3845 400 3940 Collegio
415 3844 519 3917 sociis
539 3845 693 3938 inopiam
722 3845 863 3941 aliaque
880 3846 1100 3918 incommoda
1126 3846 1379 3919 sustinentibus
1408 3848 1446 3919 in
1463 3871 1596 3919 summa
1621 3871 1774 3920 annonae
1798 3812 1880 3868 orum.

151 3971 324 4066 gravitate
345 3995 385 4044 ac
398 3971 513 4054 fama;
530 3970 686 4043 haeretici
704 3969 776 4042 alia
789 3994 835 4043 ex
846 3971 924 4042 aliis
941 3969 1163 4043 facessebant
1180 3971 1336 4064 negotia.
1359 3970 1468 4066 Rigas
1485 3971 1522 4042 in
1551 3970 1774 4066 procuranda
1801 3938 1945 4087 9311}ng

149 4094 277 4168 civium
293 4093 408 4166 salute
422 4101 569 4165 conatus
587 4094 770 4166 Sociorum
800 4119 902 4168 orcus
933 4097 1121 4170 haereticus
1135 4095 1319 4168 fraudibus
1337 4097 1563 4192 infringebat.
1595 4098 1773 4178 Quantum
1800 4097 1837 4190 εἰῇ
1868 4095 1947 4150 ⁰0¹10·

149 4223 206 4295 hic
223 4222 270 4294 ad
284 4219 497 4317 perdendam
511 4220 689 4294 civitatem
715 4221 907 4306 laborarat,
928 4219 1152 4292 manifestum
1170 4227 1259 4290 erat.
1280 4219 1501 4314 Magicorum
1515 4220 1608 4310 inea
1639 4221 1773 4294 malefi·
1798 4190 1946 4312 aucupans:
1997 4273 2001 4280 -

148 4347 285 4421 ciorum
298 4344 468 4440 comperti
486 4345 580 4417 cives
599 4346 764 4439 quinqua,
787 4345 879 4438 iique
894 4343 1086 4438 lutherani.
1104 4345 1157 4415 De
1170 4344 1351 4416 nocturnis
1366 4343 1439 4416 suis
1465 4347 1693 4420 conventibus
1710 4370 1774 4443 per
1798 4335 1945 4468 ss32{:¹¹¹⁸·

150 4481 318 4547 tortorem
332 4471 486 4568 quaesiti‚
507 4470 618 4542 multa
641 4470 792 4543 nefanda
810 4469 1061 4564 prodiderunt:
1082 4475 1118 4540 et
1142 4467 1259 4540 locum
1276 4470 1416 4563 quidem
1441 4471 1667 4544 consiliorum
1694 4496 1772 4546 suo·
1797 4491 1881 4561 llige.

149 4622 229 4669 rum
249 4621 286 4669 ac
303 4593 653 4670 scelerumhabuisse
684 4593 722 4664 in
738 4593 834 4678 fano,
863 4593 947 4666 olim
974 4595 1098 4670 Beatae
1123 4593 1265 4688 Virgini
1294 4594 1419 4668 ritibus
1446 4596 1628 4670 catholicis
1655 4621 1769 4683 sacro,

146 4719 257 4792 hodie
271 4703 451 4814 impietate
467 4717 636 4790 haeretica
666 4725 895 4811 exaugurato.
920 4747 936 4778 a
959 4717 1027 4789 Hic
1052 4718 1188 4812 regium
1215 4719 1430 4815 (narrabant)
1456 4719 1582 4793 solium
1611 4722 1772 4796 sublimis

72 4891 77 4904 ·
150 4876 167 4906 ι
188 4845 362 4928 insidens,
396 4842 512 4938 spacia
529 4843 698 4925 humana,
719 4865 849 4915 corona
879 4843 1108 4916 circumfusus
1133 4842 1318 4937 frequenti,
1339 4844 1501 4940 princeps
1524 4845 1628 4940 hujus
1650 4848 1772 4920 muudi

148 4997 164 5030 e
188 4992 326 5041 saevum
345 4967 379 5038 iu
394 4967 523 5040 devota
536 4955 601 5038 sibi
616 4967 693 5038 diro
718 4975 939 5041 sacramento
958 4967 1073 5061 capita
1100 4967 1287 5040 exercebat
1312 4965 1509 5063 imperium,
1542 4970 1665 5043 tributi
1694 4971 1773 5046 loco

147 5123 165 5153 a
186 5093 237 5166 ab
257 5114 463 5187 unoquoque
489 5091 673 5187 exigebat:
696 5097 780 5184 quot
797 5114 902 5186 qoam
927 5093 1025 5163 diras
1041 5098 1159 5187 pestes
1176 5092 1331 5177 familiis,
1363 5095 1561 5188 pecoribus,
1583 5096 1682 5182 satis,
1703 5098 1771 5170 for·

148 5247 165 5276 u
187 5213 290 5289 tonis
306 5216 518 5289 attulissent.
541 5213 698 5309 Singulis
725 5237 790 5286 sua
822 5214 977 5288 facinora
1005 5213 1160 5309 gloriose
1185 5216 1487 5309 percensentibus,
1520 5219 1621 5312 quasi
1636 5243 1772 5304 ,omnes
