4930 6634
681 808 743 874 334
1068 816 1344 879 ulrulruclsuu
1366 817 1578 880 souisvlsls
1599 821 1684 881 JESU
1708 819 1961 880 fflsvuulluou

614 1022 616 1030 ¹
687 996 889 1092 benignius,
908 997 1094 1092 praefectus
1109 999 1206 1072 urbis
1231 1000 1308 1094 ejus
1325 1009 1360 1072 et
1375 1001 1577 1095 provinciae,
1594 1002 1755 1097 princeps
1769 1001 1808 1074 S.
1821 1003 1927 1075 Rom.
1945 1001 2088 1096 Imperii
2103 1001 2307 1075 Stanislaus

685 1117 900 1203 Radivillus‚
916 1120 1147 1194 cancellarius
1171 1123 1359 1209 Lituaniae,
1373 1124 1522 1220 Collegii
1544 1125 1747 1199 Pinscensis
1761 1125 1935 1213 conditor,
1951 1125 2043 1198 datis
2057 1126 2103 1198 ad
2118 1125 2306 1220 magistra·

686 1252 761 1317 tum
782 1245 911 1318 litteris
937 1245 1127 1342 diligenter
1149 1249 1418 1322 commendavit.

736 1370 997 1442 Incommodum
1026 1373 1074 1444 ibi
1105 1373 1205 1444 novis
1220 1372 1419 1468 hospitibus
1435 1373 1501 1445 fuit
1518 1371 1720 1456 maximum,
1741 1371 1834 1466 quod
1865 1395 1909 1444 ne
1933 1375 2146 1470 temporario
2166 1373 2308 1469 quidem

686 1493 816 1567 sacello
837 1495 935 1568 locus
957 1505 1051 1570 esset
1064 1498 1311 1570 construendo.
1337 1497 1478 1569 Annum
1495 1518 1604 1591 prope
1622 1493 1771 1568 solidum
1788 1497 1825 1568 in
1843 1497 1994 1569 aliorum
2007 1499 2160 1594 templis,
2177 1499 2308 1594 saepius
2349 1483 2353 1492 ’

593 1652 599 1667 ·
685 1619 722 1690 in
739 1620 862 1692 curiali
880 1620 937 1693 vel
950 1621 1052 1694 Beati
1065 1621 1218 1704 Nicolai,
1239 1629 1311 1691 tum
1325 1620 1506 1694 sacrificiis
1520 1627 1593 1692 tum
1607 1619 1833 1692 concionibus
1846 1641 1990 1713 operam
2003 1619 2080 1691 dari
2098 1619 2304 1714 oportebat;

684 1745 813 1840 populo
828 1752 1028 1817 nostrorum
1054 1745 1204 1816 maxime
1226 1743 1340 1816 officia
1365 1744 1559 1840 flagitante.
1582 1745 1674 1823 Quot
1704 1742 1827 1816 diebus
1856 1744 1969 1830 festis,
1998 1744 2179 1817 matutinis
2208 1743 2306 1816 horis

684 1867 880 1940 habebatur
898 1868 1032 1952 concis,
1048 1867 1300 1963 pomeridianis
1312 1855 1587 1941 instituebantur
1600 1868 1731 1941 scholae
1747 1868 1963 1941 catechismi.
1985 1869 2079 1940 lnita
2096 1889 2191 1962 saepe
2208 1869 2306 1941 theo·

684 1996 798 2090 logica
816 2018 894 2067 cum
921 1993 1091 2066 ministris
1117 1993 1363 2066 haereticorum
1394 1995 1607 2080 certamina;
1627 1994 1847 2090 adductaque
1864 1997 1968 2068 toties
1995 1996 2032 2067 in
2057 1993 2308 2068 verecundiam

683 2120 815 2193 frustra
845 2118 1076 2193 obnitentium
1107 2119 1317 2213 pervicacia.
1343 2118 1483 2192 Convisi
1514 2121 1645 2192 circum
1674 2120 1830 2214 pagani:
1857 2121 2073 2216 percognitae
2090 2119 2308 2214 sublataeque

685 2246 804 2319 multis
825 2245 912 2317 locis
934 2243 1224 2339 superstitiones:
1246 2243 1409 2337 frequens
1427 2250 1727 2315 sacramentorum
1748 2264 1832 2314 usus
1851 2266 1981 2339 magno
1997 2243 2113 2316 fructu
2129 2265 2307 2315 commen·

660 2357 800 2443 datus.
824 2370 910 2442 lnde
940 2368 1040 2440 multi
1069 2367 1269 2440 desiderare
1285 2367 1468 2463 templum,
1489 2391 1557 2462 quo
1584 2367 1630 2438 ad
1658 2375 1811 2452 nostros,
1831 2369 2032 2463 magistros,
2053 2377 2091 2440 ut
2119 2368 2305 2454 vocabant,

690 2517 773 2567 suos
789 2495 1014 2578 ventilarent
1031 2494 1186 2586 ipsorum
1203 2499 1332 2586 rogatu
1341 2514 1530 2586 procurare
1547 2492 1582 2564 id
1598 2501 1716 2566 rector
1727 2490 1919 2564 academici
1937 2492 2055 2566 Vilnae
2074 2493 2235 2588 Collegii,
2252 2492 2312 2564 oui

685 2618 898 2691 domicilium
917 2619 1102 2690 Cannense
1127 2615 1332 2711 adjunctum
1356 2623 1445 2702 erat,
1465 2616 1624 2688 loannes
1647 2616 1895 2689 Gruaevskius
1918 2617 2089 2690 Locatum
2107 2617 2309 2690 Cannensis

684 2743 833 2816 coloniae
860 2743 1031 2836 praedium
1049 2739 1243 2812 vexillifero
1268 2741 1373 2836 hujus
1403 2739 1630 2836 provinciolae
1657 2739 1806 2811 Joannis
1836 2739 2030 2826 Kenstort;
2051 2763 2095 2813 ex
2112 2761 2155 2812 ea
2173 2739 2310 2812 condu-

684 2868 799 2941 ctione
812 2869 907 2939 aedes
919 2865 1074 2939 lateritia
1090 2866 1113 2938 J
1116 2865 1241 2938 oannis
1261 2865 1399 2948 Lackii‚
1416 2865 1679 2959 Sam'ogitarum
1699 2862 1895 2950 castellani,
1925 2871 2043 2958 empta
2057 2887 2100 2936 ac
2122 2865 2304 2938 dedicata.

682 2988 741 3061 Ad
767 2990 872 3085 hujus
903 2989 1025 3062 sacelli
1055 2995 1301 3061 ornamentum
1325 2993 1462 3083 partem
1491 2987 1659 3082 majorem
1689 2987 1837 3060 contulit
1865 2988 1925 3082 pia
1942 2987 2070 3060 civium
2095 2987 2309 3060 liberalitas.

682 3113 853 3208 Apertum
870 3112 999 3208 populo
1016 3112 1133 3184 triduo
1151 3119 1231 3184 ante
1251 3109 1433 3184 cineralia.
1459 3109 1580 3182 Prima
1602 3112 1721 3183 statim
1742 3111 1834 3196 luce,
1855 3111 1937 3183 inde
1955 3110 2079 3184 diebus
2097 3112 2190 3198 aliis,
2206 3111 2310 3184 festis

682 3238 846 3322 maxime,
867 3236 1124 3310 conveniebant
1136 3235 1405 3329 frequentiores,
1426 3257 1531 3329 quam
1549 3243 1587 3306 ut
1606 3235 1683 3330 capi
1696 3243 1841 3330 possent
1853 3235 1921 3308 loci
1938 3235 2127 3330 angustiis.
2148 3235 2203 3308 Ad
2220 3259 2308 3308 con-

682 3363 800 3434 ciones
817 3362 968 3434 maxime
980 3359 1168 3433 lituanicas
1188 3359 1456 3432 concurrebant.

732 3485 942 3559 Gaudebant
957 3508 999 3558 eo
1017 3485 1137 3580 populi
1150 3484 1263 3557 fructu
1281 3491 1365 3556 ante
1377 3481 1467 3554 alios
1485 3480 1747 3575 Samogitarum
1757 3480 1943 3574 episcopus
1953 3474 2129 3574 Georgius
2138 3479 2312 3575 Tysakie·

601 3703 606 3710 .
683 3611 756 3683 vicz
785 3619 821 3684 et
850 3583 1083 3682 cancellarius
1110 3608 1284 3680 Lituaniae
1314 3605 1536 3690 Radivillus;
1558 3604 1662 3700 idque
1680 3604 1783 3676 donis
1801 3602 1965 3698 ampliter
1994 3604 2180 3676 contestati
2209 3611 2309 3680 sunt.

683 3735 834 3808 Fructus
852 3735 928 3829 ejus
950 3757 1033 3829 pars
1060 3734 1211 3805 maxima
1237 3733 1390 3828 pertinet
1407 3731 1454 3803 ad
1471 3728 1724 3802 nobilissimam
1754 3727 2042 3800 Skorulskiorum
2066 3727 2249 3816 familiam,
2270 3736 2314 3804 ut

683 3881 762 3951 quae
779 3858 853 3930 suis
871 3856 957 3929 alios
974 3857 1162 3930 antevertit
1184 3855 1377 3928 beneficiis.
1399 3855 1540 3927 Primus
1557 3850 1771 3926 collocandis
1788 3851 1920 3924 Cannae
1947 3851 2061 3925 Sociis
2087 3860 2218 3924 sortem
2246 3852 2315 3926 ob·

632 4029 635 4040 .
684 3980 765 4054 tulit
776 3980 995 4074 ampliorem,
1016 3979 1272 4052 mareschallus
1286 3977 1589 4058 Cannensissacri
1606 3976 1782 4072 sepulchri
1796 3999 1917 4070 eques,
1933 3999 2051 4048 comes
2066 3975 2151 4048 olim
2167 3975 2316 4049 Nicolai

510 4135 659 4191 skorntskii
684 4103 851 4201 principis
869 4102 1039 4176 Radivilli
1060 4104 1096 4174 in
1121 4103 1313 4175 Palaestino
1331 4102 1471 4184 itinere,
1488 4099 1650 4174 Andreas
1667 4098 1867 4184 Skorulski,
1889 4098 2041 4172 Skorule
2059 4099 2191 4194 gentile
2204 4121 2313 4174 suum

510 4225 609 4344 Γὴζῖἷξ
683 4215 927 4314 latifiindium3
948 4229 984 4300 id
1002 4235 1120 4300 tamen
1138 4229 1205 4300 hoc
1230 4236 1344 4322 pacto,
1365 4235 1404 4299 ut
1421 4225 1584 4322 posteris,
1610 4224 1691 4296 filiis
1716 4225 1802 4318 ipsis
1818 4229 1881 4296 aut
1902 4223 2087 4318 nepotibus
2106 4224 2192 4310 suis,
2210 4225 2313 4297 redi·

510 4365 608 4421 bcnefl·
684 4375 779 4425 mere
804 4353 928 4425 liceret
945 4352 1206 4446 patrimonium.
1227 4350 1392 4424 Redemit
1408 4348 1564 4422 Andreae
1582 4347 1682 4421 ‘lilius
1705 4347 1881 4443 Raphael,
1902 4369 2083 4420 successor
2099 4347 2136 4420 in
2153 4349 2314 4444 patrium

509 4451 593 4583 ἀψὲ
684 4499 823 4561 munus,
856 4473 1122 4548 mareschallns.
1144 4473 1335 4548 Vilnenses
1360 4474 1472 4546 nostri
1496 4472 1688 4545 identidem
1719 4471 1956 4565 gratulantur.
1991 4470 2099 4544 Auxit
2128 4473 2316 4546 civitatem

510 4606 641 4705 qncdkic-
683 4600 809 4672 laetitia
838 4599 1020 4694 ingressus
1050 4598 1133 4670 novi
1162 4598 1311 4694 palatini
1337 4599 1403 4681 sui,
1433 4595 1675 4691 christophori
1693 4595 1938 4678 Chodkievim,
1962 4596 2035 4668 cari
2052 4595 2243 4689 gentilibus
2262 4597 2316 4670 ob

510 4707 582 4746 '¹⁰¹¹'
595 4703 641 4758 p*
684 4745 749 4796 sua
766 4744 909 4816 suaeque
935 4720 1078 4793 familiae
1105 4722 1230 4794 merita
1248 4721 1428 4816 principis.
1454 4719 1670 4792 Subeuntem
1687 4719 1732 4791 ad
1752 4719 1894 4804 moenia,
1915 4718 1961 4789 ad
1979 4719 2122 4791 tertium
2148 4719 2193 4791 ab
2218 4719 2318 4796 urbe

509 4769 624 4826 latinum

511 4851 619 4907 vilnen·
681 4845 848 4942 lapidem,
868 4844 981 4918 effusa
1010 4845 1148 4916 obviam
1173 4845 1311 4940 excepit
1339 4844 1480 4928 civitas;
1500 4841 1780 4938 praecedentibus
1806 4842 2065 4937 provinciarum
2081 4841 2228 4938 legatis,
2250 4867 2317 4918 se-

509 4949 573 5067 {ffi
586 4929 657 5064 ⁸3⁸2:
682 4979 810 5067 quente
834 4969 1033 5065 frequentia
1063 4969 1231 5042 nobilium
1244 4969 1442 5071 ‘splendida
1460 4977 1496 5040 et
1512 4967 1631 5064 populi
1661 4967 1897 5040 multitudine.
1919 4966 2125 5041 interfuisse
2152 4972 2319 5064 oportuit

510 5089 616 5146 ucmict.
683 5102 823 5168 nostros
842 5094 948 5168 etiam
965 5092 1203 5179 academicos;
1223 5116 1395 5166 memores
1420 5092 1683 5177 beneficiorum,
1704 5114 1784 5187 quae
1797 5090 2037 5166 Ghodkievicii
2054 5091 2090 5164 in
2110 5091 2319 5190 Collegium

684 5227 720 5295 et
732 5220 873 5294 scholas
887 5219 1091 5304 Crosenses,
1112 5241 1260 5313 quaeque
1278 5217 1396 5292 multis
1408 5218 1496 5290 locis
1509 5218 1546 5291 in
1559 5217 1825 5313 Rempublicam
1837 5217 2080 5292 contulissent.
2098 5217 2319 5320 salutarunt
