4948 6654
559 829 562 836 ἱ
655 743 763 803 LIBER
783 744 955 815 QUARTUS
976 747 1189 822 (rtet-lton).
1728 731 1786 795 189

163 932 336 998 sacrasset
348 925 385 996 in
404 923 442 997 S.
464 923 649 996 Benedicti
668 924 802 998 Ordine
827 925 950 999 liliam.
971 927 1051 999 Jam
1068 923 1305 1021 professionis
1337 920 1539 996 emittendae
1557 918 1632 992 dies
1647 924 1788 1014 appete·
1816 920 1880 974 1⁵93

160 1051 229 1135 bat,
266 1073 346 1123 cum
380 1053 530 1142 utraque
556 1049 659 1142 gravi
690 1050 932 1123 invaletudine
969 1057 1142 1146 correpta,
1174 1051 1268 1123 unde
1299 1050 1335 1120 in
1358 1047 1484 1143 spiritu
1508 1045 1588 1117 fieri
1608 1042 1789 1116 debuisset

162 1175 344 1258 valentior,
360 1172 442 1245 inde
456 1173 570 1244 evasit
588 1172 749 1258 debilior,
770 1198 927 1270 eousque
940 1175 1124 1249 fraudibus
1146 1175 1317 1248 daemonis
1328 1173 1486 1258 inducta,
1508 1179 1559 1252 ut,
1582 1167 1688 1242 taedio
1706 1167 1789 1238 vitae

36 1319 37 1368 t
163 1300 374 1382 monasticae,
388 1297 477 1370 nihil
495 1296 593 1369 aliud
610 1298 808 1383 anhelaret,
825 1299 914 1371 nihil
932 1301 1120 1395 cogitaret,
1137 1323 1243 1395 quam
1266 1300 1349 1372 vitae
1366 1296 1549 1370 saecularis
1574 1295 1785 1368 libertatem.

163 1423 400 1498 Afflictissima
417 1445 560 1518 parens,
582 1424 644 1495 ubi
662 1423 793 1496 frustra
811 1447 849 1496 se
880 1426 999 1496 omnia
1017 1447 1126 1520 agere
1148 1433 1255 1520 atque
1275 1425 1312 1494 in
1334 1445 1485 1506 cassum,
1506 1421 1590 1492 vitae
1612 1417 1791 1512 religiosae

163 1571 328 1632 amorem,
345 1545 535 1618 mundanae
553 1544 686 1633 odium,
707 1547 887 1622 inculcare
904 1548 1047 1622 filiabus
1061 1545 1170 1632 videt,
1191 1548 1238 1620 ad
1258 1544 1403 1620 Patrem
1418 1544 1611 1616 Martinum
1630 1541 1787 1622 tandem,

165 1697 265 1770 quem
293 1673 387 1746 inter
405 1671 541 1744 coelites
569 1680 750 1768 receptum
776 1673 919 1744 omnino
950 1649 1137 1756 credebat,
1170 1680 1253 1744 rota
1270 1672 1353 1744 facit
1373 1696 1381 1741 :
1405 1678 1456 1752 ut,
1477 1670 1536 1766 qui
1562 1667 1678 1740 adhuc
1699 1689 1791 1739 mor·

164 1798 242 1870 talis
263 1797 336 1870 illis
356 1796 404 1870 ad
429 1797 596 1870 virtutem
614 1804 650 1869 et
664 1797 886 1869 sanctitatem
900 1797 1016 1869 suerat
1034 1798 1251 1878 exhortator,
1276 1818 1370 1867 nunc
1387 1795 1432 1866 ab
1448 1794 1523 1889 ejus
1537 1791 1654 1864 studio
1668 1790 1792 1887 pedem

165 1922 294 1994 referre
308 1921 487 1993 obstinate
505 1920 714 2015 parantibus
733 1922 869 1993 animos
900 1927 936 1994 et
956 1921 1114 2016 vigorem
1136 1920 1311 1993 restituat.
1343 1918 1437 1990 Mira
1458 1939 1605 2012 prorsus
1623 1939 1692 2001 res,
1712 1922 1791 1987 tan·

165 2053 266 2140 toque
278 2043 530 2141 portentosior,
568 2052 700 2140 quanto
733 2044 913 2119 difficilius
943 2047 1060 2119 estin
1086 2045 1195 2117 animi
1234 2067 1339 2140 quam
1369 2043 1537 2114 fluctuum
1561 2047 1790 2136 tempestates
1916 2129 1919 2135 ι

165 2169 355 2265 imperium.
395 2167 526 2241 Redux
556 2167 603 2240 ad
628 2169 880 2242 monasterium
912 2170 1096 2266 postridie,
1126 2193 1232 2265 quam
1259 2169 1448 2264 ancipitem
1473 2167 1626 2238 filiarum
1660 2171 1791 2266 statum

166 2296 202 2367 P.
222 2293 382 2368 Martino
400 2292 709 2366 commendaverat
726 2295 876 2390 supplex
899 2302 1026 2380 mater,
1057 2302 1096 2367 ut
1113 2294 1250 2366 animos
1264 2317 1386 2367 earum
1399 2292 1614 2388 postliminio
1628 2288 1789 2386 explora·

165 2427 234 2505 ret,
256 2426 441 2514 utramque
454 2419 600 2514 reperit,
621 2441 691 2492 non
722 2419 843 2508 animo,
859 2419 1041 2504 duntaxat,
1070 2419 1186 2492 sedet
1203 2441 1351 2514 corpore
1374 2417 1620 2502 firmissimam,
1637 2423 1673 2489 et
1685 2437 1789 2488 voca·

165 2544 265 2616 tionis
287 2566 364 2616 suae
389 2544 664 2617 tenacissimam.
686 2543 764 2624 Quo
796 2543 977 2639 inopinato
1009 2549 1136 2617 eventu
1162 2542 1261 2628 laeta,
1297 2549 1477 2614 auctorem
1513 2541 1583 2613 illis
1601 2539 1729 2613 mentis
1748 2539 1791 2611 ad

165 2669 306 2742 meliora
318 2668 510 2742 illustratae
523 2669 662 2765 aperit;
683 2675 723 2740 ut
753 2668 919 2764 deinceps
932 2669 967 2740 in
988 2670 1138 2742 obscuro
1157 2675 1192 2740 et
1215 2668 1317 2740 devio
1334 2667 1581 2751 tentationum,
1598 2667 1788 2740 Latemam

164 2791 313 2866 babeant
337 2815 402 2887 pro
427 2792 555 2888 pharo,
588 2791 635 2864 ad
663 2815 768 2888 quem
794 2792 917 2867 oculos·
932 2801 968 2866 et
996 2800 1089 2878 vota,
1107 2790 1282 2876 secundos
1305 2792 1342 2864 in
1371 2790 1567 2886 procelloso
1598 2791 1681 2862 vitae
1698 2790 1786 2862 mari

166 2937 295 3001 curcua,
312 2917 523 3011 pariturum,
542 2915 712 3012 dirigant.
1748 2923 1753 2933 '

209 3039 290 3112 Non
310 3061 389 3112 eam
414 3037 555 3134 quidem
573 3041 638 3112 Dei
656 3062 773 3125 servo,
806 3061 911 3134 quam
931 3038 1065 3112 meritis
1083 3039 1157 3112 suis
1187 3045 1395 3113 consecutus
1415 3039 1475 3124 sit,
1512 3036 1676 3133 gloriam,
1696 3060 1787 3111 mor·

165 3171 230 3236 tem
247 3172 343 3237 certe
369 3163 477 3249 illam,
506 3188 577 3260 qua
595 3165 645 3237 ita
674 3188 777 3236 suum
791 3165 858 3238 Dei
876 3187 1033 3238 amorem
1056 3172 1092 3238 et
1114 3163 1298 3260 religionis
1315 3162 1471 3236 studium
1484 3161 1663 3259 professus
1679 3170 1785 3249 esset,
1903 3183 1912 3208 ⁴

166 3287 218 3381 pie
249 3287 430 3362 inridebat
464 3289 593 3362 Petrus
622 3289 776 3384 Skarga.
811 3290 851 3360 ln
882 3311 947 3360 suo
981 3289 1039 3361 hic
1068 3289 1255 3362 Societatis
1293 3286 1537 3383 Apologetico,
1575 3295 1677 3382 parte
1706 3288 1788 3360 libri

167 3421 281 3504 quarta
298 3413 348 3510 (ι),
370 3415 587 3486 enumeratis
600 3414 685 3487 viris
703 3439 722 3486 0
741 3414 918 3487 Societate
934 3413 1117 3508 religionis
1148 3435 1258 3484 causa
1276 3413 1423 3495 enectis,
1448 3412 1540 3487 inter
1564 3435 1637 3497 eos,
1658 3414 1784 3508 inquit,

166 3545 277 3610 noster
290 3561 429 3632 quoque
442 3538 622 3611 Martinus
636 3539 793 3611 Laterna
822 3561 887 3612 suo
907 3538 1034 3610 merito
1052 3546 1240 3611 censetur:
1266 3565 1282 3596 ιι
1304 3537 1359 3607 vir
1375 3559 1439 3631 per
1455 3538 1657 3610 universam
1668 3539 1787 3635 ‚Polo-

169 3660 289 3732 «niam
307 3661 468 3736 doctrina
490 3670 526 3735 et
550 3662 635 3735 vitae
660 3663 892 3735 sanctimonia
911 3663 1138 3735 concionator
1156 3662 1310 3758 inclytus
1326 3687 1334 3746 ;
1355 3685 1459 3757 quem
1474 3684 1544 3756 ego
1561 3669 1662 3734 trans
1689 3687 1787 3738 mare

168 3783 260 3857 *hoc
271 3792 375 3881 pacto
393 3786 485 3871 misi,
495 3792 534 3891 ut
550 3809 613 3880 pro
627 3809 684 3858 me
700 3784 795 3880 apud
813 3785 951 3880 Regem
961 3786 1236 3868 serenissimum,
1251 3784 1439 3856 Dominum
1459 3809 1586 3870 meum,
1600 3787 1785 3860 conciona—
1813 3820 1888 3875 pm,

169 3919 325 3998 «0000οξ
334 3935 356 3984 a
370 3911 596 4008 navigatione
609 3911 672 3983 illa
690 3910 866 3984 desideria
884 3916 1099 4007 conatusque
1122 3933 1220 3983 meos
1252 3917 1433 3983 senectute
1456 3933 1535 3983 mee
1559 3911 1780 4004 prohibente.
1812 3898 1917 4030 {3¹33

168 4034 302 4131 ¹‘Atqui
320 4057 406 4131 ego,
432 4045 470 4108 ut
495 4035 675 4109 Martinus
708 4035 892 4132 religionis
923 4036 1041 4130 gratia
1066 4058 1130 4129 pro
1149 4057 1205 4107 me
1236 4034 1493 4107 interficeretur
1523 4033 1569 4105 ab
1589 4034 1782 4116 haereticis,
1812 4051 1892 4108 rium.

169 4161 377 4256 «negotium
402 4161 470 4256 ipsi
499 4161 676 4234 enimvero
701 4160 783 4233 dedi
807 4160 968 4233 nullum:
993 4183 1074 4231 nam
1097 4167 1133 4232 et
1150 4159 1241 4232 istuc
1261 4183 1324 4269 per
1342 4183 1410 4243 mo,
1431 4166 1468 4232 et
1494 4182 1606 4254 nuper
1623 4167 1783 4256 poteram

168 4291 236 4358 “et
250 4285 355 4359 hodie
371 4309 511 4381 possem
541 4288 676 4382 exequi.
699 4288 728 4360 Ο
756 4287 803 4358 mi
820 4288 937 4370 Deus,
963 4286 1098 4356 utinam
1123 4285 1191 4358 hoc
1215 4293 1277 4358 tuo
1303 4285 1475 4370 beneficio
1493 4283 1684 4381 aliquando
1702 4310 1780 4382 per·

36 4469 38 4496 ,
168 4437 183 4468 κ
197 4409 309 4485 fruar!
333 4411 398 4485 llle
413 4417 498 4484 natu
517 4412 644 4497 minor,
665 4411 724 4508 qui
743 4435 798 4484 me
813 4412 1098 4484 concionatorem
1111 4410 1158 4482 ad
1175 4419 1384 4504 suggestum
1397 4412 1550 4482 triennio
1564 4412 1779 4498 sectabatur,

167 4561 182 4591 s
198 4555 421 4630 mearumque
438 4534 683 4629 prolixitudini
697 4535 896 4608 orationum
911 4559 956 4608 ex
980 4533 1180 4628 horologio,
1206 4533 1301 4628 quod
1327 4557 1445 4606 secum
1462 4533 1646 4618 afferebat,
1666 4536 1782 4610 mode·

168 4685 182 4716 κ
201 4659 343 4732 rebatur
360 4686 368 4745 ;
389 4659 449 4732 ille
467 4683 523 4732 me
550 4659 836 4734 adolescentulus
862 4656 1001 4731 adeam
1019 4664 1091 4730 tam
1108 4657 1283 4732 illustrem
1307 4639 1474 4731 coronam
1491 4661 1704 4733 antevertit!
1728 4662 1783 4734 lta

167 4809 182 4842 κ
207 4784 335 4858 scilicet
353 4784 537 4856 novissimi
553 4783 643 4856 fiunt
655 4783 772 4879 primi.
792 4783 894 4858 Nunc
914 4806 980 4878 ego
1008 4782 1234 4888 quotaudem
1252 4785 1364 4878 pretio
1383 4807 1506 4879 poenas
1527 4785 1615 4857 meis
1629 4786 1782 4879 peccatis

168 4933 183 4964 s
198 4907 329 4984 debitas
342 4909 514 4983 redimam
530 4911 546 4982 l
564 4911 645 4982 Non
662 4911 712 4981 ita
725 4909 870 4982 violenti
884 4915 965 4981 sunt
976 4909 1109 4982 Poloni
1122 4911 1211 4996 mei;
1229 4912 1288 5005 qui
1307 4935 1372 4984 nos
1390 4912 1436 4984 ad
1453 4912 1625 5010 ejusmodi
1635 4915 1782 5016 praemia

169 5057 183 5090 κ
203 5035 383 5125 proritent,
403 5034 576 5107 duntaxat
588 5055 658 5106 non
673 5035 873 5128 adurgeant
890 5041 957 5107 etc.
983 5069 999 5100 a

203 5167 241 5244 (l)
254 5171 344 5230 Proba
358 5172 387 5230 Z
388 5172 475 5230 abortu
488 5169 639 5231 Societatis.
658 5159 660 5162 ¹
