4948 6654
683 867 743 932 188
1054 837 1681 948 [utrocu1cnuuu'soc'1uvnv1scusu
1706 871 1959 934 visronnnuu

512 1067 579 1125 1598
684 1053 923 1149 suspenditur.
946 1053 1049 1127 Subit
1062 1052 1197 1129 interea
1215 1055 1357 1140 misero,
1378 1078 1480 1150 opem
1498 1054 1690 1151 implorare
1708 1057 1866 1129 divinam
1884 1079 1947 1153 per
1963 1057 2092 1131 merita
2109 1060 2165 1133 sui
2188 1061 2314 1135 Poloni

688 1180 775 1254 civis
793 1180 948 1276 quisquis
967 1179 1026 1254 ille
1045 1181 1120 1253 Deo
1134 1180 1372 1276 gratissimus
1393 1183 1429 1253 in
1455 1181 1516 1254 illo
1535 1206 1653 1255 rerum
1678 1182 1928 1255 Polonicarum
1954 1181 2096 1254 turbine
2117 1184 2309 1261 cecidisset.

687 1304 771 1377 Non
788 1306 875 1378 satis
893 1305 930 1376 id
947 1328 1066 1378 secum
1089 1306 1342 1402 disputaverat,
1359 1331 1438 1380 cum
1456 1331 1537 1380 ecce
1557 1308 1622 1380 tibi
1641 1308 1754 1378 virum
1776 1304 1854 1379 luce
1873 1305 2125 1380 circumfusum
2151 1309 2309 1398 mirifica,

688 1451 793 1500 curru
810 1429 935 1500 mirum
950 1429 987 1501 in
1000 1428 1141 1502 modum
1155 1431 1353 1527 splendido,
1375 1431 1547 1526 quadriga
1565 1453 1717 1528 superne
1735 1431 1918 1504 devectum
1936 1431 2029 1504 alba.
2047 1431 2208 1506 Vinculis
2223 1434 2314 1508 Lau·

688 1553 823 1626 centius
842 1553 1025 1629 confestim
1047 1555 1251 1627 exsolvitur.
1269 1556 1433 1651 Captivos
1454 1555 1571 1640 modo,
1588 1557 1691 1628 modo
1712 1564 1857 1651 repente
1881 1555 1985 1642 liber,
2006 1558 2191 1653 recognito
2209 1561 2316 1633 Patre

689 1677 860 1762 Martino,
877 1702 989 1774 nuper
1007 1681 1146 1766 comite,
1169 1680 1246 1776 jam
1263 1704 1357 1752 nunc
1374 1679 1555 1752 servatore
1573 1702 1651 1764 suo,
1673 1680 1941 1776 circumspicere
1966 1691 2002 1754 et
2027 1682 2195 1755 admirari
2212 1684 2315 1757 istam

691 1805 909 1899 inopinatam
922 1803 1073 1878 salutem
1090 1827 1191 1878 suam
1208 1830 1215 1877 :
1233 1804 1333 1877 illum
1344 1806 1483 1877 thensas
1498 1805 1637 1878 celestis
1660 1812 1695 1878 et
1706 1804 1886 1900 jugalium
1899 1804 2041 1891 decora,
2058 1805 2174 1879 adhuc
2186 1807 2314 1894 invisa,

691 1952 766 2002 suae
782 1951 846 2025 per
863 1951 939 2000 eam
956 1929 1109 2024 speciem
1137 1929 1265 2002 oblitus
1291 1953 1458 2001 aerumnae
1480 1930 1607 2016 omnis,
1624 1931 1669 2002 de
1689 1929 1796 2002 rebus
1814 1929 1882 2002 sibi
1911 1929 2057 2025 objectis
2079 1935 2314 2025 percunctari.

692 2053 822 2127 Paucis
834 2053 939 2127 facile
961 2077 1035 2127 rem
1054 2062 1164 2126 totam
1177 2055 1304 2150 hospes
1328 2054 1520 2150 explicuit:
1541 2077 1621 2127 enm
1640 2076 1679 2128 se
1696 2054 1836 2138 adesse,
1852 2077 1955 2150 quem
1969 2055 2045 2150 ipse
2062 2055 2172 2150 probe
2184 2065 2317 2144 nosset,

693 2178 888 2252 Martinum
916 2177 1050 2252 scilicet
1072 2178 1285 2263 Laternam;
1306 2201 1385 2274 quae
1414 2179 1452 2250 in
1475 2201 1513 2252 se
1532 2184 1568 2251 et
1589 2177 1720 2251 circum
1745 2179 1953 2275 suspiceret,
1979 2181 2120 2274 signum
2148 2203 2227 2256 esse
2244 2207 2319 2256 urn-

638 2285 641 2292 ’
692 2304 861 2397 bramqne
878 2308 1084 2398 pertenuem
1098 2303 1186 2396 ejus,
1203 2325 1307 2398 quam
1324 2303 1361 2374 in
1374 2303 1490 2399 patria
1506 2303 1691 2377 beatorum
1715 2304 1844 2376 civium
1861 2311 2071 2377 consecutus
2102 2305 2159 2392 sit,
2180 2306 2318 2402 gloriae.

693 2427 752 2501 Sic
765 2433 945 2502 recreatus
966 2428 1038 2501 leni
1056 2451 1137 2501 mox
1154 2428 1305 2523 quodam
1324 2407 1429 2501 vento
1459 2427 1659 2524 corripitur,
1676 2435 1711 2501 et
1727 2427 1765 2500 in
1782 2429 1942 2524 proximo
1969 2407 2212 2525 Leopolitanae
2237 2432 2321 2505 civi-

691 2554 776 2628 tatis
807 2577 909 2648 agro,
943 2553 1019 2626 loco
1050 2552 1305 2648 quinquaginta
1339 2553 1448 2626 leucis
1474 2575 1496 2624 a
1520 2553 1751 2627 Tartarorum
1770 2554 1895 2628 castris
1920 2554 2087 2640 distante,
2109 2557 2264 2651 positum
2284 2580 2324 2630 se

694 2677 937 2774 deprehendit.
955 2676 1222 2750 Consomniasse
1236 2676 1273 2749 id
1291 2677 1360 2749 sibi
1372 2677 1562 2772 per.noctis
1579 2677 1744 2750 tenebras
1765 2677 1918 2772 primum
1939 2678 2145 2766 videbatur;
2162 2679 2321 2752 diluculo

692 2826 768 2878 rem
793 2811 926 2876 certam
952 2802 1144 2897 comperit;
1172 2801 1267 2875 ilicet
1293 2801 1467 2876 dissoluta
1492 2809 1575 2875 ante
1598 2801 1706 2898 pedes
1736 2801 1878 2875 vincula
1903 2803 2008 2878 laetus
2033 2827 2153 2877 secum
2185 2805 2324 2878 confert

694 2926 890 3022 Leopolim.
911 2926 1010 2999 Actis
1042 2927 1118 2998 Deo
1147 2934 1183 2999 et
1206 2926 1380 3000 servatori
1404 2949 1469 3000 suo
1495 2926 1635 3021 gratiis,
1663 2949 1797 2999 memor
1815 2926 1904 3022 eJ'us,
1921 2950 1991 3022 quo
2016 2950 2055 3001 se
2073 2927 2230 3024 captivus
2260 2927 2323 3000 ob·
2363 2915 2366 2922 ’

693 3052 903 3138 strinxisset,
927 3052 1014 3136 voti,
1037 3073 1139 3124 sacra
1162 3052 1288 3123 Romae
1309 3051 1561 3146 Apostolorum
1582 3049 1705 3124 limina
1729 3051 1823 3125 visit.

742 3175 796 3249 lbi
829 3199 905 3249 rem
922 3176 1094 3248 Matthaeo
1125 3175 1261 3249 Pakost
1283 3175 1433 3261 Polono,
1462 3175 1524 3248 uni
1551 3173 1738 3270 ecollegio
1764 3175 2110 3271 poenitentiariorum
2135 3173 2327 3250 Societatis

694 3311 826 3378 nostrae
850 3301 1038 3389 sacerdoti,
1052 3303 1196 3399 J'uratus
1214 3307 1367 3404 enarrat,
1393 3301 1493 3398 cujus
1512 3299 1653 3387 seriem,
1670 3299 1836 3394 inquitP.
1850 3299 2036 3402 Philippus
2050 3299 2249 3396 Alegambe
2263 3303 2325 3399 (1);

694 3429 806 3502 incisa
819 3428 945 3501 Romae
962 3429 1094 3521 imago,
1105 3426 1246 3523 publica
1259 3426 1462 3510 autoritate,
1479 3448 1541 3520 per
1554 3426 1577 3498 J
1579 3424 1729 3498 acobum
1739 3425 1914 3498 Lacerum
1922 3447 2016 3498 anno
2030 3425 2124 3498 1607
2131 3431 2167 3498 et
2182 3426 2330 3521 publice

696 3577 823 3626 venum
839 3553 1034 3649 proposita,
1055 3551 1139 3624 facit
1156 3574 1234 3624 esse
1259 3550 1343 3624 fidei
1369 3547 1591 3646 nequaquam
1615 3549 1735 3622 fluxae.
1764 3549 1925 3622 Eundem
1951 3549 2020 3621 Dei
2046 3568 2189 3621 servum
2219 3571 2329 3646 opem

696 3678 822 3750 tulisse
835 3676 1009 3772 pluribus,
1026 3684 1148 3748 narrat
1170 3675 1205 3745 in
1234 3698 1299 3748 sua
1316 3675 1494 3748 Societate
1507 3675 1595 3747 lesu
1626 3673 1799 3746 militante
1817 3672 1976 3745 Mathias
1993 3671 2150 3754 Tanner.
2173 3673 2327 3758 lterum,

695 3804 810 3899 inquit
827 3802 900 3889 ille,
917 3825 1011 3875 anno
1032 3799 1177 3888 1603,v
1202 3800 1376 3874 kalendas
1401 3798 1584 3872 octobris:
1609 3797 1755 3871 Polonis
1786 3799 1873 3882 suis,
1905 3798 1941 3868 in
1968 3796 2126 3892 periculo
2144 3799 2330 3871 versanti·

693 3930 775 4013 bns,
795 3929 1000 4013 Laternam,
1017 3928 1074 4000 vel
1087 3926 1226 3999 stellam
1244 3926 1362 4020 potius
1379 3925 1488 3996 maris
1501 3947 1541 3996 se
1559 3923 1728 3996 exhibuit.
1747 3923 1946 4016 Exceperat
1962 3923 2028 3994 hos
2041 3923 2132 3994 mari
2150 3924 2330 4020 navigan-

696 4061 750 4129 tes
775 4060 967 4149 tempestas
1001 4050 1090 4126 adeo
1125 4074 1222 4124 saeva
1252 4058 1288 4123 et
1321 4049 1538 4134 turbulenta,
1567 4056 1617 4132 ut,
1648 4046 1843 4141 desperatis
1874 4045 2038 4118 humanis
2062 4045 2253 4134 omnibus,
2282 4048 2333 4120 ad

697 4181 856 4255 coelestia
887 4149 989 4251 unice
1021 4183 1324 4261 converterentur,
1355 4174 1582 4248 domesticam
1614 4195 1715 4244 suam
1738 4171 2022 4244 Ozenstochoviae
2040 4171 2157 4244 divam
2183 4174 2333 4268 magnis

699 4305 843 4378 vocibus
857 4303 1100 4376 inclamantes.
1115 4300 1201 4374 uum
1219 4300 1255 4371 iu
1265 4299 1389 4373 mediis
1407 4299 1519 4371 noctis
1529 4297 1754 4393 spississimae
1771 4295 1927 4369 tenebris
1936 4293 2047 4368 multa
2061 4297 2139 4368 luce
2156 4319 2334 4370 coruscus

699 4433 750 4504 eis
765 4453 804 4502 se
830 4427 1020 4501 videndum
1041 4425 1183 4500 exhibet
1196 4426 1238 4497 Ρ.
1261 4425 1437 4497 Laterna:
1454 4428 1700 4517 tempestatem
1731 4427 1855 4493 ventos
1884 4441 2018 4515 ponere
2040 4420 2172 4515 jubet:
2195 4420 2335 4493 fluctus

698 4560 875 4627 momento
919 4551 1019 4624 sedat
1040 4542 1345 4622 :incolumitatem
1379 4549 1430 4619 ita
1460 4546 1600 4618 demum
1641 4544 1937 4639 naufragantibus
1968 4543 2132 4639 spondet,
2171 4551 2210 4615 ut
2244 4553 2336 4618 vota

700 4680 865 4776 Deiparae
883 4677 1057 4771 promissa
1084 4674 1224 4746 omnino
1239 4671 1433 4746 exsolvant.
1463 4670 1597 4744 Verum
1611 4668 1708 4742 nulla
1729 4668 1864 4740 nomini
1891 4668 1965 4764 ejus
1983 4667 2156 4753 devotior,
2172 4667 2278 4740 nulla
2297 4669 2336 4740 in

698 4803 926 4901 accipiendis,
939 4824 1002 4897 per
1016 4801 1093 4895 ejus
1107 4798 1233 4871 merita
1250 4795 1451 4894 postulatis
1466 4795 1684 4891 frequentior
1701 4793 1881 4867 beneficiis
1908 4798 1962 4866 est
1985 4792 2127 4866 civitate
2145 4792 2304 4888 Leopoli
2325 4819 2335 4878 ;

700 4935 821 5027 inqua
838 4929 914 5024 ejus
934 4923 1165 5000 celeberrima
1177 4923 1274 5018 viget
1287 4920 1467 5006 memoria,
1484 4919 1740 5017 publicaetiam
1753 4916 1943 5013 aliquando
1962 4917 2131 4990 concione
2144 4939 2166 4988 a
2179 4917 2201 4989 J
2204 4937 2338 4990 oanne
2464 4925 2465 4930 ’

700 5055 880 5129 Demetrio
898 5050 1163 5146 archiepiscopo
1180 5046 1435 5121 commendata.
1458 5046 1547 5118 Erat
1573 5045 1630 5117 hic
1651 5051 1814 5116 matrona
1833 5043 1977 5139 pietatis
2003 5041 2162 5127 eximiae;
2184 5065 2270 5137 quae
2291 5067 2339 5115 ex

700 5201 742 5255 eo
760 5181 911 5253 maxime
931 5200 969 5250 se
983 5182 1130 5248 matrem
1142 5173 1272 5247 factam
1288 5171 1458 5245 beneficio
1481 5170 1600 5242 divino
1618 5168 1809 5265 gaudebat,
1830 5167 1922 5263 quod
1941 5172 2127 5264 utramque
2150 5166 2225 5238 Deo
2242 5191 2337 5240 con-
2464 5225 2465 5244 ,

741 5319 783 5399 (1)
798 5319 827 5377 ln
844 5315 1019 5377 bibliotheca
1036 5315 1209 5388 Scriptorum
1225 5311 1386 5372 societatis.
