4948 6654
675 786 783 847 LIBER
804 784 974 856 QUARTUS
996 783 1085 856 (1500
1095 783 1204 856 ι1000).
1730 775 1790 842 109

196 973 336 1054 clovent,
358 967 532 1042 reficiunt.
553 964 611 1039 Sic
635 973 674 1038 tu
696 963 886 1049 (tracoviae,
905 962 952 1033 mi
979 957 1161 1031 Varsevici
1191 957 1386 1042 carissime,
1407 956 1534 1030 vovisti
1557 962 1663 1050 caput
1689 961 1878 1028 tuum·1591

195 1093 271 1190 «pro
288 1101 427 1165 tuorum
445 1089 560 1163 salute
586 1089 728 1172 civium,
748 1087 785 1159 in
802 1109 914 1182 eoque
931 1083 1126 1157 ministerio
1155 1080 1303 1152 eximius
1328 1081 1472 1174 pietatis
1490 1081 1662 1174 magister
1687 1102 1790 1152 occu-

195 1217 311 1288 abuisti
332 1241 340 1288 :
362 1215 508 1288 indeed
533 1215 679 1309 praemia
695 1213 834 1284 virtutis
852 1219 923 1283 tuae
939 1208 1099 1282 evolasti.
1122 1208 1177 1280 Sit
1202 1207 1266 1280 tibi
1284 1231 1391 1294 curae,
1412 1208 1570 1295 obsecro,
1588 1208 1686 1281 salus
1712 1231 1791 1282 mea

194 1337 356 1431 scollegae
372 1337 444 1420 tui;
468 1336 527 1430 qui
544 1341 603 1406 tua
621 1334 812 1429 praeeuntis
839 1331 999 1426 exempla
1016 1353 1081 1424 pro
1106 1330 1241 1403 viribus
1267 1333 1482 1406 sectabatur.
1506 1369 1522 1402 a

224 1465 362 1536 Minime
395 1463 605 1558 degenerem
632 1467 758 1532 nactus
784 1460 826 1531 P.
847 1455 1047 1530 Stanislaus
1072 1455 1217 1528 tratrem
1242 1478 1464 1550 germanum,
1481 1457 1788 1552 christophorum,
1814 1449 1924 1581 {ff

185 1587 372 1660 canonicum
402 1584 681 1664 Cracoviensem,
702 1581 838 1676 regium
869 1579 1109 1654 secretarium.
1139 1580 1235 1659 Quos
1264 1579 1333 1666 hic,
1364 1603 1468 1674 quam
1498 1582 1640 1666 multos,
1660 1591 1792 1677 quanta
1816 1608 1935 1665 cbristo.

182 1709 374 1782 eruditionis
392 1731 467 1782 suae
491 1714 729 1791 monumenta,
750 1703 969 1796 conscriptos
996 1723 1074 1773 ase
1096 1698 1206 1774 libros
1232 1703 1433 1796 posteritati
1456 1703 1652 1798 reliquerit,
1673 1711 1793 1776 censet
1816 1688 1899 1838 ffi
1913 1688 1965 1744 ⁰¹⁰·

179 1836 213 1906 in
226 1857 286 1906 suo
311 1834 355 1908 de
377 1832 555 1906 nobilibus
584 1828 800 1903 Polonorum
823 1828 966 1901 familiis
993 1849 1099 1923 opere
1125 1826 1289 1900 nobilise
1313 1828 1484 1903 Polonica
1508 1830 1689 1924 provincia
1708 1830 1793 1902 sori·

176 1971 258 2058 ptor,
279 1961 323 2033 P.
357 1959 497 2055 Gaspar
529 1957 769 2032 Niesiechius.
802 1955 944 2028 Diserte
981 1952 1130 2025 eundem
1161 1972 1274 2042 neque
1308 1952 1484 2026 immerito
1515 1953 1702 2026 laudatio
1732 1976 1795 2026 sua

173 2084 313 2181 epistola
330 2084 554 2156 doctissimus
570 2083 625 2154 vir
652 2077 853 2154 Stanislaus
867 2077 1058 2162 Minslrius,
1077 2071 1357 2147 Lonciciensium
1375 2074 1553 2172 palatinus
1573 2100 1581 2147 :
1605 2105 1621 2135 a
1639 2084 1676 2150 ta
1689 2077 1797 2149 etiam

173 2217 271 2303 atque
304 2207 409 2281 etiam
436 2207 559 2301 diligo,
596 2213 632 2279 et
659 2204 816 2277 admiror
846 2224 902 2273 me
930 2201 1087 2286 hercule,
1115 2201 1175 2296 qui
1199 2201 1292 2274 inter
1316 2209 1368 2274 tot
1398 2210 1478 2277 tuas
1508 2204 1728 2278 calamitates
1760 2215 1796 2281 et

171 2331 324 2403 adversae
349 2330 502 2402 fortunae
527 2328 705 2424 procellas
731 2349 802 2398 non
832 2325 934 2396 modo
960 2323 1115 2396 animum
1143 2333 1179 2398 te
1204 2326 1350 2419 dignum
1376 2349 1447 2397 non
1471 2327 1652 2410 remisisti,
1673 2329 1736 2401 sed
1760 2339 1796 2404 et

167 2453 282 2526 studia
305 2475 347 2525 ac
364 2451 502 2525 litteras
518 2453 569 2525 ita
586 2451 739 2531 coluisti,
760 2455 799 2519 ut
815 2469 908 2517 nunc
931 2445 1083 2541 plurima
1099 2446 1260 2518 laborum
1287 2456 1323 2520 et
1346 2447 1631 2521 lucubrationum
1656 2457 1796 2525 tuarum

168 2575 379 2650 monimenta
405 2585 629 2651 externorum
647 2574 824 2660 manibus,
845 2597 981 2648 summa
999 2598 1079 2646 cum
1102 2575 1207 2649 laude
1232 2584 1293 2648 tua
1318 2577 1451 2670 passim
1476 2585 1714 2652 conterantur.
1738 2582 1796 2653 Ita

166 2724 348 2776 senescere
366 2708 506 2796 oportet
522 2702 651 2785 virum,
668 2700 728 2794 qui
753 2706 807 2771 tot
833 2698 1114 2793 imperatoribus,
1140 2707 1193 2770 tot
1217 2698 1375 2792 regibus
1402 2706 1455 2771 tot
1481 2700 1697 2802 principibus
1723 2725 1796 2776 ser·

163 2825 267 2898 vierit
299 2832 334 2898 et
362 2825 567 2910 carissimus
596 2824 720 2908 fuerit,
754 2824 896 2918 negotia
926 2822 1021 2894 domi
1044 2823 1200 2919 forisque
1229 2824 1452 2910 tractaverit,
1489 2823 1619 2898 multas
1644 2835 1792 2920 gentes,

162 2951 341 3044 regiones,
370 2969 555 3042 moresque
580 2947 737 3042 ipsarum
766 2947 906 3031 viderit,
940 2952 1008 3019 etc.
1034 2981 1050 3013 a
1750 2995 1753 3002 ,
1853 2941 1897 3074 '3

211 3072 409 3168 Collegium
434 3071 604 3146 Vilnense
623 3072 711 3144 duos
741 3074 807 3145 hoc
824 3097 917 3146 anno
943 3073 1158 3146 desideravit
1182 3074 1317 3160 Socios,
1346 3097 1477 3167 eosque
1504 3076 1637 3171 primos
1655 3077 1692 3148 in
1712 3099 1791 3163 sua,
1818 3099 1872 3154 121³.
1893 3061 1963 3156 lrio

161 3217 274 3290 nuper
298 3197 472 3283 instituta,
488 3195 672 3270 academia
698 3217 810 3267 sacrae
840 3197 1028 3292 theologiae
1059 3198 1233 3281 doctores,
1264 3198 1423 3292 ejusdem
1448 3197 1578 3270 ibidem
1604 3202 1793 3294 magistros
1817 3181 1949 3237 ethnon·

1816 3247 1857 3302 elo
1878 3248 1913 3301 io.

161 3319 319 3404 eximiae,
331 3320 437 3392 viros
467 3317 597 3414 scholis
626 3319 873 3392 haereticorum
898 3319 1168 3392 formidabiles:
1198 3318 1429 3393 Laurentium
1457 3319 1626 3392 Arturum
1658 3323 1792 3395 Faunt·
1817 3263 1965 3394 palologiae

164 3463 268 3514 neum
290 3453 325 3515 et
350 3441 545 3516 Antonium
570 3442 690 3514 Arias.
712 3441 925 3513 Laurentius
951 3442 987 3512 in
1017 3438 1150 3534 Anglia
1168 3449 1286 3524 natus,
1315 3443 1353 3512 in·
1379 3444 1571 3518 Germania
1596 3445 1713 3518 studio
1731 3447 1787 3518 lit-
1813 3405 1964 3543 3⁰⁰?ss

167 3569 317 3638 terarum
333 3564 541 3638 adolescens
559 3587 702 3660 operam
720 3565 828 3638 dedit.
852 3567 892 3637 ln
920 3565 1133 3638 Societatem
1162 3564 1293 3638 ibidem
1319 3572 1496 3661 acceptus,
1517 3574 1631 3642 artem
1648 3569 1789 3643 dicendi
1815 3565 1890 3656 ¹⁰1⁸,
1907 3561 1964 3617 vil·

170 3693 203 3758 et
219 3689 478 3786 philosophicas
496 3689 534 3759 in
560 3689 752 3760 Germania
769 3685 988 3780 disciplinas,
1010 3686 1137 3758 Romae
1153 3686 1369 3782 theologicas
1388 3688 1521 3762 didicit.
1544 3689 1597 3761 Eo
1616 3691 1789 3765 curriculo
1815 3659 1901 3700 nana.

174 3809 333 3896 contecto,
347 3812 425 3908 jam
443 3809 620 3895 secandae,
643 3810 771 3881 missus
789 3812 827 3881 in
854 3809 1069 3896 Litueniam‚
1086 3810 1189 3883 bonis
1205 3811 1341 3884 artibus
1367 3813 1404 3883 in
1429 3833 1595 3908 magnam
1621 3813 1791 3888 doctrinae

177 3937 209 4002 et
231 3934 465 4006 sanctimoniae
490 3931 585 4027 apud
605 3954 727 4004 omnes
753 3932 1047 4005 existimationem
1073 3935 1191 4020 venit;
1225 3957 1329 4028 quam
1359 3935 1464 4008 editis
1495 3936 1600 4007 etiam
1630 3937 1731 4010 libris
1756 3937 1791 4034 (r)

180 4057 332 4143 praeclare
350 4057 582 4130 confirmavit.
606 4054 703 4126 Obiit
721 4055 813 4126 diem
832 4079 933 4129 suum
952 4057 1068 4129 Vilnae
1084 4059 1122 4129 in
1135 4056 1293 4150 collegio
1306 4059 1508 4131 academico
1525 4060 1790 4154 religiosissime

186 4173 278 4265 1591,
298 4181 400 4254 annis
430 4181 468 4252 in
495 4178 671 4251 Societate
696 4177 744 4252 25
769 4201 901 4274 magna
926 4204 1005 4252 cum
1029 4179 1134 4252 laude
1157 4181 1302 4253 exactis.
1323 4180 1482 4254 Eandem
1512 4183 1667 4257 indidem
1696 4185 1790 4256 viam
1816 4241 1839 4298 1³
1865 4240 1934 4296 nno

187 4295 251 4371 iniit
276 4304 306 4373 V
338 4324 451 4376 nonas
481 4301 628 4373 martias
661 4301 766 4396 hujus
796 4300 934 4396 collega
954 4302 1142 4386 Antonius,
1179 4325 1223 4373 ex
1259 4303 1505 4406 Hispaniaad
1539 4307 1790 4379 instituendam
1817 4279 1944 4377 dlotnm.

63 4446 66 4507 t
190 4417 355 4520 theologiae
380 4425 540 4498 scholam
567 4424 747 4496 invitatus.
787 4424 878 4505 Quid
904 4427 963 4498 hic
988 4428 1175 4522 theologus
1201 4424 1237 4496 in
1266 4425 1350 4498 aula
1384 4428 1484 4524 regia
1511 4429 1683 4524 Stephani
1718 4432 1789 4503 Ba·

195 4543 258 4616 brit
272 4551 390 4644 egerit,
406 4549 483 4643 jam
501 4546 785 4620 memoravimus

232 4691 337 4775 Exstat
365 4703 403 4774 in
430 4698 625 4772 Litoaoicae
643 4697 836 4790 provinciae
853 4699 996 4770 archivo
1015 4697 1058 4770 de
1076 4696 1308 4768 sanctimonia
1328 4696 1437 4789 patris
1466 4696 1613 4770 Antonii
1631 4703 1791 4774 testimo·
1818 4705 1949 4800 umetis

197 4811 281 4902 llum.
295 4849 403 4920 grava
415 4823 505 4896 illud
519 4846 560 4895 ac
575 4823 726 4907 0000000,
741 4823 867 4894 Romae
881 4823 918 4893 in
935 4820 1209 4916 congregatione
1223 4819 1378 4913 generali
1394 4841 1488 4892 anno
1514 4823 1618 4908 1608,
1636 4825 1687 4897 III
1710 4826 1790 4898 idus
1819 4791 1960 4932 mg,

187 4937 309 5032 apres,
329 4975 351 5024 a
377 4952 420 5024 P.
438 4949 567 5022 Garsia
592 4947 781 5030 Alabiano,
798 4955 934 5018 rectore
963 4968 1076 5040 nuper
1104 4943 1296 5016 academici
1319 4941 1435 5015 Vilnae
1452 4944 1614 5040 Collegii,
1642 4948 1679 5021 id
1707 4972 1789 5021 vero

179 5053 333 5153 bmporpg
357 5073 462 5149 Socio
488 5071 649 5169 praesidis
683 5068 909 5165 provincialis
939 5068 1131 5165 provinciae
1158 5066 1383 5161 Aragonicee,
1399 5067 1555 5142 indidem
1582 5071 1625 5142 ad
1642 5072 1790 5146 eandem

208 5173 239 5254 lll
266 5188 304 5254 V.
325 5201 449 5260 lndioem
467 5201 653 5273 Scriptorum.

1659 5309 1691 5362 22
