4906 6642
657 774 678 836 4
1014 774 1287 838 Lutttructuurr
1312 779 1523 839 SOClETdTlS
1544 779 1631 839 tuso
1654 779 1910 841 lllSTORIARUll

658 954 788 1030 victum
806 956 956 1054 denique
969 960 1014 1032 ab
1028 982 1112 1055 rege
1128 959 1199 1052 (an.
1225 959 1341 1055 1560),
1362 967 1515 1057 captum,
1533 968 1568 1035 et
1585 961 1775 1036 abductum
1789 963 1827 1035 in
1848 963 2062 1052 Masoviam;
2088 965 2183 1039 inter
2198 963 2277 1039 haec

659 1083 892 1158 Revalienses
910 1085 1118 1159 defecisses
1135 1086 1280 1159 Polonis
1301 1087 1350 1158 ad·
1370 1087 1512 1162 Ericum
1530 1088 1721 1161 suecorum
1741 1109 1878 1180 regem:
1919 1087 2233 1184 archiepiscopum,
2254 1110 2277 1160 a

659 1209 933 1305 Furstembergo
958 1209 1155 1306 depulsum,
1172 1211 1245 1283 suis
1267 1212 1312 1284 ab
1335 1212 1496 1307 Augusto
1522 1211 1721 1285 restitutum
1747 1211 1989 1304 Rigensibus;
2018 1213 2190 1307 abrogato
2218 1213 2277 1285 de-

514 1344 517 1352 ’
657 1333 761 1427 nique
790 1335 900 1407 veteri
930 1335 967 1432 (r)
998 1335 1266 1429 Orucigerorum
1286 1336 1495 1430 Magisterio
1515 1337 1552 1407 in
1574 1325 1740 1419 Livonia,
1761 1333 1969 1407 Gottardum
1991 1335 2188 1419 Ketlerum,
2215 1358 2276 1408 au·

658 1454 818 1527 ctoritate
831 1456 926 1551 regis
943 1455 1103 1529 Polonici
1119 1464 1276 1529 creatum
1292 1458 1492 1531 Curiandiae
1505 1457 1644 1552 quidem
1658 1461 1694 1526 et
1711 1455 1930 1551 Semigalliae
1946 1456 2154 1552 principem,
2174 1455 2278 1528 Livo-

658 1577 728 1650 niae
748 1601 832 1652 vero
849 1579 1119 1674 gubernatorem
1136 1602 1200 1677 pro
1220 1603 1319 1674 rege.
1341 1581 1445 1655 Hunc
1461 1583 1576 1677 itaque
1594 1582 1890 1669 invenitexitum,
1906 1591 1980 1656 tam
1999 1584 2059 1657 diu
2075 1585 2228 1681 integer,
2245 1593 2280 1658 ct

659 1703 765 1774 rebus
789 1705 899 1799 gestis
921 1703 1086 1801 inclytus,
1107 1704 1290 1799 quamdiu
1308 1703 1390 1778 fidei
1411 1712 1518 1778 tenax
1536 1708 1730 1796 catholicae,
1751 1709 2018 1802 Crucigerorum
2039 1708 2135 1781 Ordo
2157 1709 2195 1781 in
2220 1709 2279 1782 Li·

486 1857 616 1911 vffl,
661 1827 778 1900 venia.
812 1824 1075 1902 Praeterivimus
1103 1829 1196 1901 inter
1228 1829 1318 1912 haec,
1347 1827 1520 1902 confinem
1553 1832 1718 1906 Prutenis
1753 1833 1949 1927 regionem,
1981 1833 2177 1916 Varmiam,
2202 1835 2278 1929 jam

485 1934 641 2072 imm
663 1973 794 2024 annum
823 1952 960 2025 circiter
991 1953 1096 2034 1260,
1130 1951 1333 2024 Alexandro
1364 1952 1416 2024 lV
1443 1951 1606 2026 Romano
1630 1956 1814 2040 Pontifice,
1839 1955 2008 2029 Anselmo
2033 1955 2144 2051 primo
2176 1957 2279 2051 hujus

485 2138 631 2193 Brunsbo·
662 2075 824 2149 dioecesis
853 2076 1027 2172 episcope,
1060 2100 1103 2150 ex
1130 2075 1262 2148 Ordine
1292 2074 1432 2148 Sanctae
1467 2077 1594 2150 Mariae
1626 2078 1935 2176 Jerosolymitanae
1972 2077 2079 2162 dicto,
2110 2077 2279 2150 Ecclesiae

485 2234 526 2286 gae
557 2219 625 2274 tam·
662 2199 863 2272 christianae
883 2199 1088 2295 subjectam.
1114 2201 1191 2272 Hoc
1207 2199 1373 2274 Antistite
1391 2201 1429 2272 in
1445 2200 1602 2288 Varmia,
1619 2203 2083 2298 aedificatumssrunsbergae
2095 2203 2274 2298 templum,

485 2297 620 2433 ffiaens'
660 2327 761 2400 beato
794 2326 948 2399 Andreae
975 2325 1144 2421 Apostolo
1172 2326 1389 2413 dedicatum;
1418 2327 1528 2399 creati
1556 2325 1742 2400 Antistites
1773 2327 1928 2400 canonici
1956 2327 2062 2399 XXI.
2093 2327 2273 2413 Dioecosis,

659 2445 872 2524 Innocentio
895 2447 946 2520 IV
974 2447 1083 2543 Papa,
1123 2449 1179 2522 his
1213 2450 1473 2546 circumscripta
1506 2450 1660 2523 finibus:
1690 2451 1735 2523 ab
1768 2451 1958 2523 Occidente
1973 2449 2174 2524 fluminibus
2191 2452 2275 2524 Pas·

657 2576 751 2649 seria
774 2581 810 2648 et
837 2573 1003 2657 Versero,
1028 2595 1048 2645 a
1074 2573 1331 2670 Septemtrione
1355 2574 1458 2648 Habo
1478 2574 1572 2660 lacu,
1598 2576 1644 2648 ab
1662 2575 1807 2649 Oriente
1829 2573 1994 2670 Pragella
2010 2575 2138 2662 fluvio;
2160 2576 2276 2649 Litua·

484 2652 618 2808 affl
655 2703 751 2776 niam
766 2723 890 2774 versus
911 2722 1015 2773 amne
1037 2699 1144 2796 Lipsa
1170 2699 1401 2773 concluditur.
1427 2701 1580 2774 Tentata
1601 2702 1661 2774 diu
1679 2725 1702 2775 a
1723 2702 2040 2798 praestigiatoribus
2057 2701 2276 2777 Luteranicis

484 2819 597 2922 nimime
655 2851 744 2923 gens
756 2825 902 2898 Varmia
915 2825 1020 2898 fidem
1033 2831 1197 2898 constans
1214 2826 1260 2897 ad
1278 2848 1409 2897 annum
1429 2825 1524 2903 1524
1541 2825 1700 2899 retinuit.
1723 2827 1929 2899 Constantia
1945 2827 2095 2922 denique
2108 2828 2275 2923 exemplis

483 2911 608 3074 {5¹32
654 2951 849 3024 vicinorum
865 2948 967 3022 malis
984 2949 1089 3022 cessit
1105 2955 1140 3024 et
1162 2949 1318 3034 artibus3
1336 2948 1497 3022 molitore
1511 2949 1549 3020 in
1570 2948 1701 3044 primis,
1716 2950 1823 3046 impio
1846 2949 2049 3046 Orucigero,
2066 2950 2271 3036 Heideckio,

482 3083 611 3138 Vumior·
653 3073 901 3170 depeculatore
919 3073 1058 3158 civium,
1081 3071 1281 3169 probatum
1302 3071 1567 3167 opulentorum
1588 3072 1833 3168 religiosorum
1849 3074 2042 3159 hominum,
2070 3073 2274 3148 Francisca·

482 3161 594 3232 mugio.
653 3223 779 3273 norum
796 3198 834 3270 in
859 3196 993 3292 primis,
1019 3203 1204 3284 vexatore;
1228 3195 1363 3270 latrone
1381 3196 1420 3268 in
1436 3195 1579 3269 Varmia
1596 3197 1820 3270 Luteranico.
1842 3197 1968 3270 Probis
1984 3195 2189 3269 mortalibus
2211 3220 2274 3293 per

654 3322 887 3399 Heideckium
911 3321 969 3395 vel
994 3320 1162 3417 depulsis,
1185 3319 1241 3396 vel
1270 3320 1455 3418 corruptis,
1478 3320 1738 3416 degenerarunt
1753 3346 1776 3395 a
1793 3321 1964 3417 religione
1983 3345 2025 3396 ac
2046 3323 2192 3417 perenni
2212 3322 2273 3395 illa

654 3455 690 3521 et
711 3452 905 3521 contestata
923 3447 1095 3542 majorum
1118 3446 1292 3542 probitate
1315 3445 1464 3518 Varmii.

483 3537 613 3686 {⁰223}
703 3570 746 3642 In
778 3571 924 3656 Russia,
958 3571 1136 3654 Lituania,
1170 3571 1343 3656 Polessia,
1377 3567 1623 3665 Subsylvania,
1654 3563 1818 3661 populos,
1856 3588 1879 3638 a
1913 3567 2048 3662 gremio
2074 3571 2270 3643 abstractos

482 3713 541 3752 cum
556 3697 596 3789 'in
653 3694 834 3780 Ecclesiae,
872 3695 1024 3767 schisma
1056 3695 1171 3767 tenuit
1187 3692 1433 3790 graecanicum.
1455 3689 1551 3765 Gens
1577 3689 1742 3773 Russica‚
1757 3689 1833 3783 jam
1854 3686 1911 3761 vel
1934 3689 2067 3762 Rurico
2083 3693 2272 3766 monarcha

481 3775 589 3912 2293:
602 3778 630 3830 π
653 3842 729 3902 suo,
771 3818 862 3914 quod
898 3819 1051 3913 quidam,
1087 3819 1157 3906 vel,
1195 3818 1287 3914 quod
1318 3823 1466 3889 narrant
1503 3815 1635 3911 plures,
1668 3815 1883 3901 Vladimiro,
1911 3839 2041 3911 magno
2071 3818 2267 3892 Russorum

651 3944 753 4029 duce,
788 3931 1047 4039 Kijoviensium
1079 3942 1250 4038 principe,
1283 3940 1483 4014 christianis
1514 3940 1654 4013 initiata
1685 3938 1809 4024 sacris,
1829 3948 2040 4034 procurante
2066 3942 2103 4014 id
2121 3944 2269 4017 maxime

653 4066 803 4140 Nicolao
838 4066 1097 4163 Chrysobergo‚
1137 4067 1231 4139 circa
1268 4088 1399 4138 annum
1440 4063 1513 4138 990
1550 4062 1939 4159 Constantinopolitano
1973 4065 2196 4150 Patriarcha,
2227 4067 2270 4139 ad

652 4214 783 4265 annum
828 4191 921 4264 1320
950 4191 1114 4265 Romano
1144 4189 1306 4262 Pontifici
1333 4213 1412 4262 cum
1449 4186 1609 4262 Ecclesia
1641 4187 1833 4259 christiana
1858 4187 1976 4282 paruit
2020 4189 2268 4276 communitam

652 4319 719 4390 hoc
744 4317 882 4388 demum
908 4339 1001 4388 anno
1019 4291 1213 4388 subactisa
1243 4312 1440 4394 Gedimino,
1460 4333 1590 4404 magno
1616 4309 1793 4383 Lituaniae
1823 4310 1924 4397 duce,
1945 4310 2107 4384 Russieis
2132 4314 2270 4408 provin·

652 4440 729 4522 ciis
757 4444 927 4533 occupata
943 4438 1097 4533 Kijovia,
1130 4438 1258 4510 ducum
1283 4435 1379 4520 sede,
1417 4435 1482 4506 sub
1506 4435 1596 4530 jugo
1631 4433 1862 4506 Ethnicorum
1892 4433 1943 4506 uti
1974 4435 2048 4507 suis
2074 4436 2173 4530 genti
2203 4459 2271 4508 non

652 4564 703 4636 ita
718 4562 817 4635 licuit
846 4560 1117 4633 christianorum
1132 4559 1313 4633 institutis.
1351 4557 1506 4654 Olgerdo
1532 4557 1671 4641 deinde,
1708 4556 1884 4630 Gedimini
1913 4556 2009 4642 filio,
2043 4558 2272 4631 Lituanorum

655 4695 690 4760 et
720 4686 921 4757 Russorum
952 4706 1081 4778 magno
1113 4685 1214 4770 duce,
1238 4683 1315 4778 jam
1349 4681 1552 4755 christianis
1574 4680 1710 4754 initiato
1741 4681 1863 4764 sacris,
1893 4679 2034 4772 lsilnam
2063 4704 2085 4753 a
2111 4681 2271 4756 Palatino

483 4875 528 4930 Pr
550 4875 630 4930 Fran·
656 4809 795 4906 quidem
808 4807 966 4880 Podoliae
980 4815 1016 4880 et
1029 4806 1233 4880 Podlachiaa
1250 4807 1358 4879 Petro
1387 4805 1558 4879 Gastoldo
1578 4805 1768 4878 introducti
1786 4812 1866 4878 sunt
1882 4825 2012 4877 annum
2027 4807 2164 4879 circiter
2180 4807 2272 4880 1303

484 4954 583 5009 tisoni
604 4956 633 5007 et
656 4937 781 5009 Patres
801 4932 1029 5008 Francisoani
1045 4959 1054 5018 ;
1072 4955 1095 5004 a
1113 4933 1206 5005 bona
1222 4939 1340 5005 autem
1366 4931 1513 5027 Olgerdi
1530 4932 1694 5027 conjuge,
1714 4931 1853 5006 Tveriae
1871 4931 2000 5003 ducum
2032 4931 2118 5019 filia,
2139 4932 2269 5020 Maria,

696 5147 736 5224 (t)
760 5143 973 5219 Crucigerorun
995 5146 1124 5205 interitus
1138 5147 1167 5205 in
1182 5145 1308 5206 livonia.
1326 5143 1459 5206 Ketlarus
1478 5142 1632 5205 Litoribus
1646 5153 1675 5204 et
1688 5127 1836 5203 Cur-lundis
1850 5144 2004 5217 imponitur
2024 5145 2155 5220 princeps
2177 5161 2192 5203 a
2216 5144 2271 5206 Po·

655 5258 727 5316 lonis
742 5271 807 5315 ann.
828 5254 916 5314 1560.
