4930 6634
644 704 707 772 316
1032 705 1306 770 LITUANICAIIUII
1329 710 1543 772 soclunsrls
1563 713 1649 774 JESU
1674 709 1925 771 HISTORIARIIII

478 901 540 958 teat
697 892 774 972 Quo
798 891 960 986 princeps
978 890 1199 964 Sarbiovium
1216 899 1251 964 et
1275 891 1477 964 universam
1502 890 1544 998 in·
1564 912 1605 962 eo
1624 885 1821 962 Lituanicae
1837 887 2053 984 provinciam
2079 888 2267 966 Societatis

647 1016 814 1113 dignatus
848 1016 893 1088 ait
925 1016 1073 1100 honore,
1101 1039 1146 1089 ex
1184 1015 1391 1090 Everhardo
1430 1013 1694 1108 Vassenbergio
1733 1013 1953 1086 Embricensi
1996 1036 2190 1109 cognosces
2219 1015 2269 1113 (1).

650 1171 666 1200 κ
688 1141 786 1214 Inter
815 1141 946 1226 omnia,
978 1141 1104 1236 inquit,
1138 1139 1228 1212 nihil
1262 1139 1481 1236 praeclarius,
1515 1137 1605 1210 nihil
1629 1137 1675 1209 ad
1710 1135 1908 1231 exemplum
1938 1137 2134 1234 principum
2165 1139 2271 1236 hujus

650 1264 754 1336 «aevi
784 1264 973 1350 efficacius,
993 1264 1083 1336 nihil
1112 1264 1160 1337 ad
1188 1264 1359 1336 honorem
1389 1261 1608 1335 eruditorum
1638 1260 1795 1332 virorum
1824 1258 2039 1334 luculentius
2069 1261 2146 1349 fuit,
2167 1286 2273 1360 qnam

634 1415 666 1478 ¹«⁶
687 1410 789 1482 aeque
805 1409 884 1460 sese
901 1409 1080 1459 musarum
1104 1409 1148 1459 ac
1173 1387 1302 1459 Martis
1329 1394 1365 1459 et
1381 1385 1540 1460 Bellonae
1565 1359 1939 1458 consortiooblectare
1959 1409 1968 1458 ι
1989 1385 2058 1456 imo
2076 1393 2157 1481 post
2173 1409 2274 1460 arma

651 1541 667 1573 u
688 1519 724 1585 et
739 1535 862 1608 pacem
878 1505 977 1584 nihil'
997 1513 1085 1584 adeo
1112 1534 1154 1584 ao
1177 1488 1315 1585 litteras
1342 1518 1378 1583 et
1403 1511 1498 1584 viros
1527 1509 1704 1582 litteratos
1734 1531 1864 1581 amare.
1887 1509 2051 1582 Habebat
2074 1510 2112 1583 in
2141 1511 2274 1585 familia

689 1658 766 1720 sua,
786 1643 916 1730 praeter
933 1633 1022 1708 ahos
1043 1635 1138 1709 viros
1155 1635 1392 1717 doctissimos
1409 1632 1587 1707 Mathiam
1624 1632 1832 1705 casimirum
1856 1632 2090 1719 Sarbievium,
2106 1633 2221 1707 virum
2235 1635 2275 1708 in

690 1759 817 1831 divinis
846 1758 1079 1862 humanisque
1103 1758 1231 1831 litteris
1254 1758 1412 1853 apprime
1437 1764 1629 1840 versatum,
1657 1757 1756 1851 poesi
1781 1779 1865 1830 vero
1891 1757 1943 1829 ita
1967 1758 2178 1833 eminentem
2195 1767 2274 1832 uta

655 1911 671 1942 κ
694 1882 838 1955 Summo
865 1881 1037 1954 Pontifice
1063 1882 1209 1954 Urbano
1239 1881 1328 1953 VIII
1352 1880 1476 1954 laurea
1501 1880 1651 1952 donatus
1678 1879 1796 1962 luerit,
1824 1901 1870 1953 ex
1883 1888 1956 1953 toto
1985 1888 2159 1954 terrarum
2188 1883 2275 1958 orbe

691 2029 759 2078 non
778 2027 909 2101 suppar
925 2011 1060 2078 tantum
1078 2005 1237 2088 Horatio,
1260 2005 1324 2078 sed
1360 2012 1548 2100 paratque
1566 2003 1725 2100 superior
1755 2005 1860 2077 etiarn
1882 2006 2014 2100 passim
2037 2005 2272 2102 judicaretur.

690 2127 790 2202 Adeo
819 2129 989 2224 profecto,
1018 2137 1195 2223 superstes
1225 2128 1308 2202 licet
1332 2129 1463 2213 adhuc,
1495 2128 1667 2200 invidiam
1697 2129 1851 2200 omnium
1881 2151 2146 2234 supergressus,
2174 2130 2275 2202 utin

654 2253 885 2350 «gymnasiis
914 2275 1050 2348 quoque
1081 2274 1189 2347 opera
1215 2253 1291 2346 ejus
1320 2250 1459 2347 publice
1488 2252 1779 2347 preelegerentnr.
1800 2253 1905 2325 Hunc
1934 2276 1954 2326 e
1981 2254 2158 2328 Societate
2186 2255 2277 2329 lesu

655 2406 671 2436 a
692 2379 752 2470 (ex
769 2398 840 2469 qua
858 2382 894 2448 et
909 2374 1157 2448 illustrissimae
1185 2374 1332 2448 familiae
1353 2375 1481 2460 virum,
1501 2399 1580 2471 ques
1599 2375 1717 2448 varios
1748 2383 1943 2460 senatores
1963 2384 2000 2449 et
2016 2379 2117 2472 quasi
2142 2377 2277 2474 Reipu-

692 2499 794 2572 bhcae
822 2498 947 2586 fulcra,
985 2521 1097 2594 regno
1131 2500 1267 2592 genuit,
1294 2499 1511 2572 Stanislaum
1551 2498 1796 2581 Pstrokonski,
1841 2499 1998 2572 doctrina
2032 2508 2068 2573 ot
2096 2524 2278 2575 sacrarum

656 2621 888 2694 «litterarum
932 2622 1061 2716 peritia
1094 2621 1320 2717 singularem,
1349 2622 1603 2696 confessarium
1631 2622 1757 2718 habet)
1793 2621 1998 2696 Vladislaus
2023 2646 2088 2697 rex
2122 2625 2160 2696 in
2193 2647 2277 2698 con·

656 2775 672 2808 a
694 2746 909 2818 cionatorem
952 2768 1052 2817 suum
1090 2743 1188 2840 legit.
1223 2746 1326 2818 Hanc
1363 2747 1457 2819 enim
1497 2747 1722 2831 Societatem,
1764 2746 1852 2820 sicut
1893 2748 2053 2843 plerique
2087 2747 2274 2823 christiani

656 2899 672 2932 κ
694 2869 883 2966 principes
904 2868 948 2940 ob
967 2866 1175 2955 doctrinam,
1195 2869 1303 2942 vitam
1333 2868 1563 2966 inculpatam,
1584 2877 1620 2944 et
1644 2869 1728 2943 fidei
1756 2873 2006 2966 promovendae
2035 2871 2160 2958 zelum,
2182 2879 2278 2946 arcte

657 3020 673 3052 α
694 2991 950 3087 complectitur;
970 2988 1054 3064 licet
1083 2990 1186 3063 multi
1215 3016 1259 3065 ex
1283 2991 1392 3087 vulgo
1424 2992 1505 3078 vlri,
1525 2991 1637 3066 liuore
1667 2995 1781 3089 magis
1808 3001 1843 3067 et
1866 2994 2149 3069 dissimilitudine
2178 2995 2275 3081 vitae,

657 3147 674 3178 a
694 3138 798 3210 quam
822 3114 961 3187 ratione
978 3112 1086 3200 ducti,
1106 3136 1358 3212 nonuunquam
1384 3117 1499 3189 minus
1521 3116 1670 3190 candido
1695 3117 1897 3192 traducant.
1919 3118 1990 3192 Sed
2019 3125 2116 3192 recte
2141 3118 2279 3192 Seneca

656 3269 673 3302 a
693 3238 825 3336 (Epist.
857 3236 916 3330 29)
949 3261 958 3308 :
992 3237 1069 3332 quis
1098 3245 1214 3332 potest
1256 3240 1398 3335 placere
1424 3239 1583 3336 populol
1610 3240 1666 3312 cui
1691 3240 1807 3335 placet
1836 3241 1977 3315 virtusl
2007 3241 2116 3314 Malis
2145 3241 2280 3316 artibus

656 3361 873 3458 «popularis
900 3361 998 3434 favor
1024 3362 1229 3458 quaeritur:
1264 3363 1414 3437 sImilem
1442 3371 1480 3436 te
1509 3363 1632 3449 facias,
1665 3371 1817 3460 oportet.
1849 3364 1932 3437 Non
1962 3351 2176 3460 probabunt,
2208 3365 2281 3438 nisi

656 3521 672 3552 κ
693 3488 934 3584 cognoverint.
969 3488 1083 3561 Multo
1113 3498 1229 3563 autem
1260 3488 1304 3561 ad
1329 3513 1404 3563 rem
1429 3491 1545 3586 magis
1570 3489 1736 3586 pertinet,
1757 3488 1872 3585 qualis
1897 3490 1963 3562 tibi
1988 3490 2155 3578 videaris,
2176 3514 2280 3587 quam

693 3614 808 3710 qualis
834 3611 927 3685 aliia.
948 3612 1147 3698 Conciliari,
1166 3611 1235 3685 nisi
1259 3614 1353 3710 turpi
1375 3614 1525 3700 rationo,
1546 3637 1646 3686 amor
1668 3614 1824 3709 turpium
1849 3637 1920 3686 uon
1948 3621 2077 3710 potest.
2100 3615 2279 3690 (laetorum

693 3746 733 3812 ut
761 3737 807 3810 ad
837 3760 911 3810 rem
941 3744 1108 3823 revertar,
1141 3735 1349 3812 Vladislaus
1375 3761 1441 3811 rex
1464 3738 1558 3811 hunc
1584 3738 1823 3812 docIIssimum
1848 3738 1963 3810 virum
1986 3738 2065 3834 jam
2095 3747 2210 3826 antea,
2241 3746 2281 3813 ut

694 3862 780 3946 dixi,
800 3863 838 3934 in
854 3861 1136 3935 concionatorem
1167 3884 1269 3933 suum
1293 3861 1456 3956 legerat;
1490 3885 1570 3935 cum
1599 3869 1636 3934 et
1659 3861 1898 3956 integerrimae
1928 3860 2024 3946 vitae,
2045 3870 2081 3936 et
2105 3864 2280 3959 ejusmodi

660 4018 677 4051 a
698 3985 941 4083 comperisset,
969 3985 1029 4081 qui
1054 3984 1225 4057 salutaria
1242 3985 1358 4079 potius
1384 4009 1490 4081 qnam
1506 3986 1638 4080 placita
1653 3985 1879 4080 propinaret;
1900 3991 1936 4058 et
1952 3986 2010 4057 cui
2028 3988 2279 4062 conscientiam

608 4176 612 4183 .
660 4145 677 4176 ι
697 4112 896 4206 animaeque
913 4133 989 4184 suae
1005 4110 1155 4183 salutem
1179 4117 1255 4182 tuto
1286 4110 1535 4196 concrederet;
1568 4115 1710 4183 secutus
1745 4107 1781 4180 in
1807 4107 1874 4180 hoc
1892 4107 2079 4182 consilinm
2107 4110 2278 4206 sapientis

657 4238 796 4313 «latini
816 4272 825 4311 ε
844 4236 1015 4333 eligamus
1030 4260 1099 4308 non
1113 4259 1187 4318 eos,
1208 4235 1267 4330 qui
1281 4235 1390 4307 verba
1407 4256 1539 4329 magna
1559 4231 1741 4306 celeritate
1762 4231 1999 4325 praecipitant,
2019 4239 2055 4305 et
2076 4256 2278 4310 communes

657 4397 672 4429 κ
692 4368 790 4441 locos
806 4365 966 4448 volvunt,
995 4371 1030 4437 et
1059 4365 1097 4435 in
1119 4365 1257 4459 privato
1283 4359 1522 4445 circulantur;
1543 4359 1605 4430 sed
1627 4381 1702 4442 eoa,
1730 4359 1789 4453 qui
1821 4359 1894 4429 vita
1921 4359 2077 4432 docent:
2098 4361 2170 4455 qui,
2191 4386 2272 4435 cnm

656 4486 858 4569 uenerint,
879 4464 963 4579 quta
980 4483 1179 4556 facienoum
1204 4483 1262 4568 sa,
1287 4484 1440 4578 probant
1464 4481 1652 4555 facienao:
1673 4483 1733 4576 qui
1754 4481 1894 4566 nocent,
1914 4482 2267 4577 quomunculam,

555 4697 561 4712 .
656 4640 672 4672 u
698 4607 934 4704 necunquam
955 4609 991 4680 in
1016 4631 1071 4692 oo,
1084 4606 1178 4702 quod
1195 4607 1402 4701 fugiendum
1421 4607 1590 4689 dixerint,
1612 4605 1933 4701 deprehenduntur.
1957 4606 2048 4679 Eum
2064 4608 2158 4703 ehge
2175 4608 2277 4706 adju·

657 4765 673 4798 κ
694 4743 820 4817 torem,
845 4756 948 4828 quem
973 4731 1085 4826 magis
1110 4732 1312 4816 admireris,
1334 4755 1441 4827 quum
1472 4731 1617 4816 viderie,
1643 4755 1749 4827 quam
1775 4755 1854 4803 cum
1879 4731 2048 4806 audieris.
2078 4734 2276 4830 (Inmergo

657 4892 673 4924 a
693 4861 989 4959 prudentissimus
1005 4883 1068 4932 rex
1081 4860 1174 4932 hunc
1187 4861 1254 4933 sibi
1272 4860 1308 4932 in
1332 4864 1470 4952 patrem
1490 4854 1747 4950 quodammodo
1766 4856 1984 4958 adoptasset,
2004 4865 2039 4931 et
2063 4859 2276 4954 profundam

615 5072 616 5075 Ἴ
657 5017 673 5048 α
695 4988 771 5082 ejus
789 4984 984 5057 doctrinam
997 4982 1153 5077 quotidie
1170 4985 1284 5080 magis
1305 4991 1341 5056 et
1362 4980 1476 5077 magis
1494 4979 1803 5066 animadverteret,
1829 4981 1943 5052 virum
1964 4989 2018 5055 tot
2033 4983 2191 5078 gentium
2208 4983 2278 5056 Iin-

695 5125 736 5201 (l)
757 5124 906 5182 Gestorum
927 5122 1122 5196 gloriosissimi
1140 5122 1362 5182 aotnvthIssimi
1379 5117 1574 5192 vratislaw,
1594 5119 1655 5178 Pol.
1673 5126 1701 5178 et
1725 5118 1810 5180 Suec.
1834 5121 1923 5194 rogis,
1945 5127 2017 5195 part.
2035 5121 2065 5194 2,
2082 5122 2132 5181 lih.
2150 5120 2177 5178 3.
