4948 6654
649 713 711 778 204
1042 712 1320 773 1ΙΤ1ΙΑΝΙΟΑ111111
1344 714 1559 777 SOClETATlS
1579 719 1665 780 JESU
1689 717 1941 782 HISTORIABUM

475 913 540 968 16⁰2
652 901 778 996 gloriae
792 899 966 996 singulari
984 903 1045 986 :et
1072 897 1273 971 Ludovicus
1299 899 1492 994 Rogemus,
1510 899 1634 984 Italus,
1655 899 1772 995 patria
1796 899 1978 985 Aretinus,
1998 899 2141 996 pietatis
2165 899 2282 988 laude,

475 991 603 1128 rudia
650 1034 687 1101 et
708 1026 868 1100 doctrina
898 1026 935 1097 in
961 1024 1055 1097 0001
1081 1023 1300 1097 severiorum
1326 1047 1458 1118 genere
1485 1023 1672 1118 exquisita,
1693 1033 1853 1099 ornatus.
1874 1025 1980 1098 Cum.
1987 1025 2282 1121 jurisprudentiae

472 1151 528 1205 PP·
540 1152 610 1205 Bru-
651 1174 722 1223 000
739 1149 906 1244 exiguam
923 1149 1046 1244 primae
1064 1155 1200 1244 partem
1218 1148 1334 1220 aetatis
1352 1147 1593 1243 impendisset,
1625 1147 1794 1221 Societati
1813 1172 1940 1221 nomen
1959 1147 2069 1235 dedit,
2087 1149 2187 1222 brevi
2204 1157 2283 1224 tan-

472 1228 626 1366 iiiiii&
650 1283 726 1348 tum
743 1274 779 1348 10
798 1275 914 1348 studio
932 1274 1131 1349 htterarum
1156 1273 1315 1368 profecit,
1346 1281 1384 1345 ut
1400 1274 1527 1345 Romae
1553 1273 1816 1378 philosophiam
1830 1273 2070 1369 profiteretur,
2092 1273 2283 1371 multisque

651 1423 716 1473 sua
744 1400 907 1473 doctrina
926 1399 1166 1473 celebraretur
1195 1397 1375 1471 laudibus.
1405 1397 1637 1492 septennium
1667 1397 1845 1493 deinceps,
1866 1398 1996 1492 partim
2021 1399 2279 1486 concionando,

649 1526 777 1621 partim
808 1524 960 1620 Neapoli
976 1523 1196 1617 theologiam
1212 1522 1400 1606 tradendo,
1422 1523 1608 1616 transegit.
1632 1522 1718 1594 lude
1748 1523 1784 1593 in
1815 1522 2004 1595 Poloniam
2026 1525 2157 1596 missus
2189 1547 2283 1598 auno

654 1650 760 1732 1599,
781 1649 973 1722 Posnaniae
1001 1647 1258 1750 controversias
1277 1645 1361 1719 fidei
1379 1645 1559 1741 explicuit,
1582 1645 1781 1740 saepiusque
1805 1669 1884 1719 oum
1909 1646 2087 1720 haereticis
2108 1671 2172 1743 pro
2200 1649 2281 1724 reli-

650 1773 767 1870 gionis
798 1773 943 1846 veritate
981 1771 1209 1866 depugnavit.
1242 1770 1417 1844 Pultoviae
1447 1770 1611 1865 denique,
1639 1775 1714 1841 tum
1745 1770 1792 1842 ad
1822 1762 2051 1843 instauranda
2079 1771 2283 1846 litterarum

651 1898 781 1984 studia,
801 1904 876 1971 tum
895 1920 964 1992 quo
981 1895 1119 1969 facilius
1138 1902 1291 1980 curaret,
1312 1902 1446 1967 mutato
1465 1893 1569 1977 coelo,
1588 1893 1838 1979 valetudinem,
1858 1900 1977 1967 vetere
1999 1887 2176 1990 pulmonis
2196 1897 2282 1969 01110

650 2024 828 2098 confectus
851 2029 926 2108 est;
948 2043 1077 2114 magno
1104 2021 1159 2092 sui
1185 2020 1279 2115 apud
1301 2041 1422 2092 omnes
1452 2019 1575 2091 relicto
1602 2018 1804 2092 desiderio:
1825 2019 2024 2114 praesertim
2051 2043 2131 2092 cum
2156 2021 2282 2094 00110

649 2147 816 2221 felicitate
834 2146 1102 2220 admirationem
1121 2168 1193 2218 non
1210 2145 1382 2216 minorem
1395 2151 1430 2216 et
1446 2141 1647 2229 utilitatem,
1665 2166 1770 2238 quam
1787 2142 1869 2215 vitae
1883 2144 2101 2238 integritate,
2117 2146 2282 2219 omnibus

649 2272 838 2347 attulisset.
862 2272 909 2344 Et
938 2271 1057 2344 animo
1089 2269 1157 2343 sibi
1191 2276 1393 2372 constanter
1409 2273 1598 2363 praesente,
1619 2273 1655 2340 et
1690 2267 1852 2340 sensibus
1870 2268 1918 2340 ad
1949 2277 2145 2342 extremum
2170 2293 2283 2366 usque

650 2398 813 2494 spiritum
833 2395 996 2490 integris,
1017 2396 1106 2467 bene
1124 2394 1253 2467 mereri
1267 2416 1339 2465 non
1358 2393 1544 2466 cessabat:
1566 2393 1614 2464 ita
1630 2392 1675 2479 10,
1690 2392 1802 2465 Deum
1828 2397 1863 2465 et
1882 2390 2028 2465 coelites
2053 2393 2146 2489 pius,
2162 2394 2200 2467 in
2219 2393 2282 2468 So·

651 2523 815 2596 cietatem
837 2528 976 2617 gratus,
996 2527 1097 2593 tanta
1116 2543 1196 2593 cum
1214 2518 1390 2591 suavitate
1407 2515 1522 2589 officia
1555 2518 1701 2590 fratrum
1733 2517 1802 2588 sibi
1820 2517 1982 2612 praestita
2002 2541 2284 2594 commemorans

650 2671 691 2721 00
713 2646 916 2731 dilaudans,
945 2654 1100 2719 010000
1131 2643 1249 2716 00010
1283 2644 1393 2715 verba
1417 2641 1600 2736 religionis
1633 2649 1667 2715 et
1692 2641 1835 2738 pietatis
1865 2666 2056 2738 occupasse
2081 2645 2278 2719 videretur.

649 2771 780 2856 Morte,
801 2794 881 2866 quae
894 2777 989 2843 certe
1007 2769 1132 2862 cuique
1146 2765 1345 2840 mortalium
1362 2763 1595 2838 formidabilis
1608 2772 1674 2850 est,
1696 2764 1753 2838 hic
1773 2772 1908 2840 tantum
1926 2767 2040 2853 abest,
2056 2775 2096 2840 ut
2114 2769 2282 2842 extimes·

649 2903 757 2980 oeret,
777 2901 817 2966 ut
834 2900 1017 2990 expeteret
1034 2893 1153 2977 etiam,
1173 2891 1450 2986 suavissimaque
1465 2890 1631 2962 invitaret
1648 2914 1655 2961 :
1675 2888 1704 2962 O
1725 2912 1819 2962 mors
1838 2897 1985 2963 aeternae
1997 2892 2082 2965 01100
2091 2892 2218 2987 janua,
2235 2892 2283 2966 de

648 3023 727 3096 loco
742 3020 838 3094 exilii
863 3020 899 3092 in
917 3020 1070 3115 patriam
1099 3018 1212 3091 facilis
1229 3019 1402 3112 trajectio,
1424 3018 1687 3114 compendiaria
1703 3021 1760 3093 *ad
1785 3020 1927 3096 beatam
1945 3024 2181 3096 aeternitatem
2197 3023 2280 3098 via!

650 3146 837 3221 adesdum!
856 3170 877 3219 0
891 3146 1031 3240 quando
1044 3145 1184 3217 000100
1199 3150 1235 3219 01
1246 3143 1427 3239 apparebo
1440 3150 1524 3215 ante
1535 3142 1658 3216 faciem
1672 3145 1758 3217 Dei!
1777 3145 1954 3218 Nimirum
1967 3147 2097 3222 virtute
2111 3147 2223 3230 multa
2241 3171 2282 3223 se

651 3277 856 3365 matureque
874 3278 998 3343 contra
1015 3268 1238 3342 formidinem
1261 3267 1384 3339 mortis
1401 3259 1640 3356 instruxerat;
1657 3269 1840 3364 temporis,
1861 3269 1944 3342 dum
1960 3271 2252 3367 0100001ρο1000
2268 3297 2277 3344 ε

650 3395 913 3468 commodorum
933 3393 1076 3468 omnino
1097 3391 1311 3487 neghgens:
1333 3392 1581 3486 promovendae
1607 3391 1790 3486 religionis
1815 3392 2000 3466 catholicae
2024 3394 2117 3467 inter
2140 3395 2282 3469 haereti-

650 3543 710 3592 cos
729 3503 1029 3601 studiosissimus;
1045 3539 1115 3611 qua
1133 3537 1254 3600 00000,
1272 3536 1404 3609 magna
1422 3513 1550 3586 virium
1568 3514 1727 3592 0100101
1753 3517 1979 3589 contentione
1997 3540 2194 3612 aggressus
2222 3517 2281 3592 de·

650 3641 846 3716 sensionem
858 3641 1029 3712 librorum
1043 3638 1229 3712 cardinalis
1241 3637 1392 3710 Roberti
1401 3636 1622 3723 Bellarmini,
1636 3639 1750 3712 eidem
1761 3640 1918 3724 tandem,
1930 3640 2093 3714 absoluto
2099 3642 2176 3736 jam
2185 3651 2282 3716 tomo

650 3769 777 3866 primo,
797 3771 1005 3842 immortuus
1025 3776 1079 3842 est
1093 3769 1170 3862 ipsa
1187 3765 1299 3839 natali
1317 3766 1449 3860 Christi
1467 3766 1662 3840 Salvatoris
1677 3776 1793 3853 00010,
1811 3791 1905 3840 anno
1923 3768 2006 3842 vitae
2021 3792 2096 3842 suae
2114 3771 2176 3845 50.

701 3897 790 3968 Post
808 3893 944 3968 cladem
961 3894 1093 3991 passim
1110 3915 1275 3986 magnam
1295 3899 1329 3964 et
1346 3891 1485 3976 funera,
1514 3891 1553 3964 10
1580 3891 1729 3965 Livonia
1755 3891 1883 3988 reliqui
1908 3893 2123 3980 mortalium,
2143 3897 2286 3991 proriu-

652 4022 743 4095 ciam
763 4022 903 4093 Joanne
930 4019 1053 4092 Carolo
1086 4017 1331 4092 Chodhiewicz
1357 4019 1589 4112 gubernante,
1613 4017 1771 4113 ejusdem
1805 4017 1935 4092 virtute
1962 4017 2096 4093 defensi
2122 4021 2284 4117 septique

554 4223 559 4236 ,
651 4145 774 4231 armis,
795 4143 939 4216 tandem
964 4145 1058 4218 1603
1076 4143 1309 4239 respiraruut.
1332 4141 1484 4214 (11011010
1498 4141 1722 4235 Derpatensi,
1745 4140 1928 4234 trigesimo
1959 4150 2021 4214 aut
2055 4165 2097 4215 eo
2132 4144 2287 4239 amplius

651 4293 785 4356 mense,
804 4292 907 4364 quam
924 4269 960 4341 in
978 4269 1132 4342 hostium
1153 4274 1365 4364 potestatem
1378 4273 1538 4351 venerat,
1559 4273 1714 4362 recepta,
1735 4265 1846 4337 nostri
1872 4273 2024 4360 quatuor
2052 4266 2176 4341 eodem
2202 4276 2290 4342 tem-

652 4418 739 4491 pore
753 4394 899 4480 reversi,
916 4396 1071 4479 domum,
1088 4392 1225 4489 praedia
1238 4400 1273 4465 et
1285 4390 1427 4474 fundos,
1444 4391 1624 4463 adnitente
1640 4389 1819 4486 praecipue
1840 4390 1965 4463 eodem
1982 4393 2141 4466 Livoniae
2156 4393 2288 4488 guber·

653 4528 791 4604 natore,
811 4521 908 4594 haud
922 4543 1019 4615 aegre
1036 4526 1304 4613 recuperarunt.
1322 4519 1469 4591 Miserae
1486 4517 1523 4590 10
1539 4491 1594 4590 his
1610 4540 1728 4590 rerum
1745 4515 1902 4591 omnium
1918 4527 2021 4592 erant
2047 4520 2209 4616 reliquiae
2226 4547 2235 4594 :
2258 4523 2290 4596 si

653 4647 769 4741 ipsum
782 4645 937 4739 excipias
950 4643 1134 4738 templum,
1156 4644 1248 4737 quod
1266 4644 1301 4715 in
1329 4665 1412 4715 suos
1429 4665 1514 4714 usus
1532 4642 1693 4714 haeretici
1710 4649 1984 4717 converterant:
2008 4645 2097 4716 nihil
2113 4669 2184 4718 000
2204 4669 2289 4719 000-

653 4769 805 4853 001000,
834 4767 1065 4852 confractum,
1096 4767 1154 4839 001
1181 4774 1344 4839 exustum
1362 4792 1369 4838 :
1387 4767 1551 4861 quodque
1580 4772 1726 4860 aspectu
1752 4765 1859 4840 etiam
1884 4767 1951 4840 1011
1976 4769 2149 4853 terribile,
2169 4769 2287 4856 cellae,

654 4893 809 4981 stabula,
828 4893 991 4990 pistrina,
1012 4890 1230 4977 ambulacra,
1247 4891 1451 4976 triclinium,
1473 4890 1595 4985 anguli
1614 4892 1751 4978 domus,
1769 4892 1888 4964 omnia
1913 4893 2168 4968 tabescentium
2180 4895 2292 4989 plena

654 5019 870 5092 cadaverum
885 5017 1040 5090 videres.
1062 5016 1156 5088 Η100
1173 5023 1277 5110 putor
1303 5015 1457 5111 undique
1480 5015 1651 5111 pestilens
1677 5016 1910 5112 mephitisque
1926 5016 2176 5092 intolerabilis.
2193 5020 2291 5100 Qua·

654 5143 821 5238 draginta
834 5141 985 5237 amptius
1009 5147 1231 5236 exportatae
1248 5141 1378 5213 nostris
1395 5140 1521 5212 funera
1537 5164 1544 5210 :
1561 5139 1665 5236 plura
1682 5147 1763 5214 ante
1776 5164 1820 5213 ex
1834 5140 1959 5214 eodem
1977 5141 2172 5216 Succorum
2186 5144 2289 5218 0010-
