4948 6672
669 795 731 864 446
1371 809 1605 879 desudamus,

671 994 709 1066 iu
738 1019 909 1073 canonem
946 1004 1107 1092 Quisquis
1136 1003 1204 1078 XI.
1226 1027 1261 1099 q.
1281 1007 1334 1079 3:
1379 1015 1540 1103 Quisquis
1576 1023 1669 1086 metu
1691 1017 1871 1106 cujustibet
1898 1019 2082 1103 potestatis
2111 1019 2294 1086 ueritatem

534 1197 542 1214 .
672 1117 830 1199 occultat,
848 1119 942 1187 iram
957 1120 1024 1187 Dei
1035 1139 1145 1206 super
1164 1141 1202 1189 se
1212 1133 1404 1208 prouocat:
1425 1131 1508 1216 quia
1525 1132 1638 1219 magis
1663 1131 1760 1198 timet
1788 1131 1964 1200 homiuem
1981 1150 2087 1217 quoru
2105 1132 2230 1198 Deum.
2247 1127 2296 1200 Et

672 1223 965 1316 quemadmodum
982 1227 1141 1302 inaltero
1159 1253 1294 1308 canone
1310 1233 1467 1329 legitur:
1488 1244 1613 1312 arelius
1640 1247 1690 1311 est
1708 1262 1780 1330 pro
1809 1249 1956 1313 veritae
1964 1243 2044 1330 pati
2066 1243 2292 1330 supplicium,

671 1357 778 1424 quam
790 1359 861 1426 pro
886 1343 1087 1413 adulatione
1104 1349 1262 1434 recipere
1279 1349 1497 1437 beneficium.

719 1445 758 1520 3⁰
775 1447 1044 1524 Ruthenosnon
1061 1452 1179 1528 unitos
1198 1480 1278 1529 cum
1293 1458 1332 1531 S.
1349 1458 1511 1535 Romana
1528 1460 1692 1536 Ecclesia
1704 1487 1775 1536 non
1787 1469 1925 1536 tantum
1939 1485 2015 1536 esse
2037 1463 2292 1550 schismaticos,

672 1559 733 1632 sed
763 1561 867 1634 etiam
900 1585 983 1637 vere
1021 1572 1057 1638 et
1086 1567 1228 1662 proprie
1245 1568 1431 1646 haereticos
1444 1598 1452 1644 :
1465 1575 1545 1670 quia
1558 1598 1635 1649 cum
1645 1573 1840 1668 pertinacia
1849 1574 1999 1646 credunt
2020 1580 2056 1646 et
2084 1574 2298 1670 profitentur

670 1668 860 1757 doctrinas,
894 1672 1118 1769 dogmatibus
1151 1677 1235 1784 fidei
1262 1685 1471 1770 contrarias,
1509 1709 1552 1759 ac
1591 1686 1738 1781 proinde
1771 1686 1937 1760 haereses.
1964 1684 2119 1761 Credunt
2141 1687 2233 1761 enim
2259 1695 2297 1760 et

669 1780 796 1854 docent
824 1781 993 1878 Spiritum
1010 1786 1047 1860 S.
1070 1811 1139 1860 non
1157 1791 1348 1885 procedere
1366 1819 1388 1868 a
1405 1796 1512 1884 Filio,
1534 1796 1598 1872 sed
1615 1819 1638 1870 a
1655 1798 1730 1870 solo
1753 1799 1875 1882 Patre,
1907 1805 1955 1884 et,
1971 1806 2011 1871 ut
2035 1800 2193 1873 omittam
2206 1799 2293 1882 alia,

671 1896 871 1972 Romanum
885 1901 1092 1977 Pontificem
1105 1928 1177 1977 non
1194 1929 1273 1982 esse
1289 1915 1470 2004 pastorem
1483 1911 1591 1984 totius
1608 1909 1780 1984 Ecclesiae
1794 1910 1924 1983 Christi
1940 1911 2085 2006 ejusque
2098 1911 2291 1984 Vicarium.

671 2007 825 2084 Proinde
844 2034 936 2099 cum,
952 2013 1055 2108 juxta
1081 2016 1277 2092 doctrinam
1299 2019 1338 2094 S.
1354 2021 1502 2094 Thomae
1515 2023 1561 2120 (2.
1584 2023 1647 2096 2“.
1668 2028 1794 2117 quaest.
1818 2021 1875 2094 lQ.
1897 2028 1963 2095 art.
1985 2020 2048 2116 6.),
2065 2020 2213 2096 haeresis
2230 2022 2296 2119 (lo-

670 2121 1051 2222 quendoregulariter)
1071 2127 1117 2199 sit
1142 2129 1243 2224 pejor
1267 2154 1373 2227 quam
1399 2133 1590 2209 infidelitas
1599 2135 1799 2231 judaeorum
1824 2142 1861 2208 et
1874 2133 2072 2230 gentilium,
2100 2135 2296 2210 deteriores

670 2240 752 2305 sunt
767 2235 904 2308 ratione
934 2234 1154 2311 infidelitatis
1180 2243 1357 2316 non-uniti
1372 2246 1427 2340 (de
1466 2246 1593 2340 quibus
1619 2245 1677 2319 hic
1706 2246 1864 2342 agemus)
1892 2269 1997 2341 quam
2025 2246 2138 2343 judaei
2160 2255 2195 2322 et
2218 2269 2295 2320 ma·

668 2343 860 2431 hometani,
889 2353 925 2420 et
957 2347 1017 2420 alii
1044 2348 1204 2426 infideles
1240 2373 1284 2425 ac
1308 2354 1518 2444 idololatres,
1545 2358 1650 2432 immo
1688 2360 1825 2455 pejores
1859 2358 2036 2432 haereticis
2071 2359 2116 2431 ob
2138 2359 2294 2433 schisma

669 2455 828 2543 formale,
859 2482 927 2555 quo
952 2468 1084 2556 praeter
1099 2463 1266 2540 haeresim
1284 2473 1366 2540 sunt
1378 2468 1511 2557 infecti,
1535 2478 1571 2543 et
1592 2477 1736 2566 propter
1751 2470 1911 2543 innatum
1929 2470 2047 2542 odium
2064 2477 2187 2544 contra
2204 2471 2297 2543 ritus

669 2573 705 2638 et
717 2567 847 2664 dogma
874 2571 913 2644 S.
943 2571 1117 2647 Romanae
1135 2575 1320 2668 Ecclesiae,
1341 2582 1386 2654 ob
1414 2583 1507 2678 quod
1533 2582 1671 2655 malunt
1697 2606 1735 2657 se
1752 2583 1948 2679 adjungere
1969 2582 2161 2670 haereticis,
2186 2605 2297 2680 quam

671 2684 868 2774 catholicis,
897 2694 1020 2763 contra
1036 2713 1123 2786 quos
1152 2693 1257 2766 etiam
1279 2693 1317 2767 in
1338 2693 1406 2766 hoc
1434 2715 1546 2788 regno
1573 2694 1788 2791 conspirant.
1808 2693 1874 2766 His
1891 2693 2096 2792 praemissis,

1308 3043 1507 3103 QUAERITUR
1525 3045 1637 3101 PRIMO
1655 3048 1663 3095 ἶ

671 3249 730 3317 Aa
752 3247 860 3334 possit
885 3249 960 3336 tege
981 3250 1210 3334 permissivo,
1236 3269 1306 3320 uon
1332 3251 1579 3338 approbativa,
1606 3251 1768 3336 permitti
1795 3269 1864 3318 nou
1890 3249 2000 3318 unitis
2023 3268 2103 3317 cum
2119 3249 2155 3318 S.
2175 3249 2220 3318 R.
2241 3252 2288 3320 E.

722 3400 891 3468 Rutbeuis
916 3419 994 3486 paor
1014 3400 1282 3470 etsacutitasiu
1310 3402 1477 3472 caeratio
1502 3403 1695 3492 religionis,
1725 3402 1813 3469 sicud
1833 3401 2013 3488 permissa
2037 3406 2088 3469 est
2116 3399 2296 3470 amaricis

723 3567 785 3618 seu
801 3549 1051 3618 dissidentibus
1068 3552 1084 3617 l

723 3770 947 3869 RespSalvo
967 3771 1104 3846 meliori
1116 3772 1263 3868 judicio,
1286 3771 1484 3866 praesertim
1501 3772 1757 3846 determinante
1780 3771 1818 3844 S.
1841 3770 1889 3843 R.
1919 3767 2080 3843 Ecclesia
2099 3770 2166 3866 (cui
2184 3795 2240 3845 me
2263 3781 2303 3846 et

675 3886 793 3956 omnia
801 3906 880 3957 mea
889 3884 1066 3980 submitto)
1077 3907 1147 3956 non
1162 3907 1307 3979 possum
1324 3885 1361 3955 in
1378 3883 1472 3956 hanc
1488 3884 1610 3959 venire
1630 3883 1852 3968 sententiam,
1873 3891 1912 3954 ut
1929 3883 2071 3956 credam
2088 3883 2194 3956 talem
2215 3884 2299 3959 fieri

670 4018 774 4092 posse
789 3994 919 4091 legem,
939 3999 975 4069 in
995 3997 1153 4070 savorem
1171 3999 1450 4084 non-unitorum,
1472 4005 1615 4094 propter
1634 3998 1699 4070 has
1715 3996 1892 4093 praecipue
1910 4017 2033 4068 causas
2054 4021 2062 4068 :

725 4109 758 4180 1ο
776 4107 867 4188 Quia
888 4108 1061 4183 nonlicet
1088 4109 1190 4182 nobis
1208 4109 1306 4182 aliud
1329 4110 1514 4183 consilium
1539 4109 1625 4184 dare
1648 4133 1752 4204 quam
1776 4108 1863 4182 illud
1883 4108 2010 4204 ipsum,
2024 4109 2116 4205 quod
2125 4108 2227 4204 jussu
2242 4133 2294 4183 ss.

671 4218 813 4293 Domini
844 4221 956 4293 nostri
989 4245 1033 4296 ex
1063 4221 1161 4295 Urbe
1183 4222 1328 4294 missum
1344 4229 1397 4296 est
1432 4221 1560 4295 illustr.
1587 4222 1710 4294 nuntio
1726 4219 1969 4316 apostolicam
1995 4243 2063 4315 quo
2094 4227 2232 4294 vetatur
2248 4245 2299 4294 ne

672 4329 906 4404 schismaticis
923 4333 1015 4408 uniti
1025 4355 1065 4406 ea
1079 4335 1273 4408 concedant
1295 4355 1374 4429 quae
1388 4340 1571 4429 petuntur.
1587 4333 1761 4406 Debemus
1775 4333 1869 4406 enim
1883 4330 2087 4405 submittere
2097 4338 2225 4412 ‚nostra
2237 4332 2301 4427 ju-

673 4441 765 4514 dicia
784 4443 821 4516 S.
839 4443 885 4516 R.
909 4443 1078 4517 Ecclesiae
1092 4451 1127 4518 et
1144 4445 1388 4534 declarationi,
1407 4445 1533 4520 Romae
1550 4446 1652 4542 jussu
1670 4445 1882 4520 sanctissimi
1900 4443 1946 4518 ab
1964 4443 2102 4517 eximiis
2119 4443 2301 4540 theologis

674 4560 710 4628 et
728 4552 942 4650 jurisperitis
956 4555 1071 4630 factae.

723 4665 763 4738 2⁰
795 4665 886 4746 Quia
918 4667 948 4740 si
986 4666 1072 4742 talis
1102 4669 1161 4745 lex
1195 4663 1423 4756 statueretur,
1444 4670 1501 4744 vel
1517 4669 1597 4765 plus
1615 4666 1750 4763 aliquid
1771 4666 1967 4740 non-unitis
1985 4667 2170 4752 tribueret,
2191 4692 2300 4765 quam

676 4777 832 4850 habeant
857 4779 960 4851 modo
986 4802 1029 4853 ex
1062 4781 1252 4868 tolerantia
1278 4782 1542 4866 catholicorum,
1563 4781 1623 4876 qui
1647 4780 1697 4854 eis
1714 4780 1855 4874 impune
1874 4779 2082 4876 permittunt
2108 4781 2226 4854 omnia
2253 4783 2304 4855 ad

677 4913 799 4965 sorum
827 4890 1035 4986 religionem
1053 4896 1259 4989 spectantia,
1281 4917 1411 4992 eosque
1439 4894 1605 4979 tolerant,
1637 4883 1703 4966 vel
1721 4913 1791 4964 non
1817 4891 1907 4987 plus.
1931 4891 1970 4964 Si
1992 4890 2060 4965 hoc
2089 4893 2298 4980 secundum,

675 5009 817 5078 nonest
833 5025 920 5098 ergo
939 5004 1139 5078 necessaria
1157 5007 1351 5081 non-unitis
1366 5006 1425 5080 lex
1442 5005 1525 5079 talis
1556 5027 1665 5102 ;erg0
1682 5003 1815 5076 frustra
1831 5001 1877 5074 ab
1894 5001 1965 5075 illis
1982 5025 2025 5076 ea
2053 5004 2196 5099 petitur,
2225 5012 2262 5078 et
2278 5027 2306 5078 a

676 5112 857 5188 catholicis
871 5115 1097 5191 concedenda
1110 5140 1181 5190 non
1200 5125 1265 5192 est.
1294 5099 1333 5192 Si
1346 5140 1429 5191 vero
1454 5117 1513 5192 lex
1539 5115 1600 5188 illa
1623 5117 1702 5214 plus
1720 5116 1929 5201 contineret,
1949 5139 2054 5212 quam
2070 5116 2303 5193 tolerantiam

676 5232 712 5302 et
735 5223 1003 5325 permissionem
1033 5227 1176 5315 rituum,
1211 5237 1247 5305 et
1268 5230 1474 5327 dogmatum
1503 5227 1656 5315 illorum,
1676 5228 1729 5303 uti
1761 5228 1935 5303 non-uniti
1960 5229 2123 5303 videntur
2158 5235 2301 5326 optare,
