4896 6650
630 759 689 824 116
991 754 1267 816 blTUANlCARUM
1289 757 1503 818 SOClETATlS
1524 759 1611 818 JESU
1636 757 1895 819 lllSTORIARUll

631 977 649 1010 a
669 944 816 1018 urbibus
833 967 841 1014 :
861 939 978 1014 vereri
995 962 1035 1012 se
1050 946 1184 1026 tamen,
1200 962 1246 1013 ne
1259 940 1297 1013 in
1313 939 1392 1014 istis
1421 941 1568 1014 latebris
1590 943 1722 1015 bonum
1743 941 1854 1016 otium
1879 946 2096 1025 conteratur,
2127 947 2257 1037 tempe·

630 1100 648 1134 κ
670 1077 813 1164 stasque
826 1069 865 1140 in
877 1067 946 1140 isto
960 1089 1106 1138 suorum
1122 1064 1252 1152 studio,
1274 1067 1320 1139 ad
1346 1067 1517 1162 majorem
1542 1067 1734 1143 utilitatem
1763 1068 1894 1140 idonea
1919 1067 2112 1140 omittatur.
2135 1067 2260 1164 Neque
2383 1111 2384 1116 =

630 1223 647 1256 κ
668 1202 788 1267 tamen
817 1192 988 1266 benevolo
1019 1191 1183 1287 principi,
1206 1191 1319 1287 *quod
1362 1191 1574 1288 postularet,
1607 1191 1795 1266 Claudium
1841 1192 2080 1288 Praepositum
2118 1177 2263 1289 praeciae

632 1351 649 1384 u
669 1343 824 1417 negare:
846 1320 1043 1416 expeditos,
1063 1319 1245 1414 lectosque
1268 1343 1347 1394 esse
1373 1320 1579 1394 sacerdotes
1611 1329 1647 1394 et
1675 1323 1881 1416 magistros,
1910 1323 1971 1416 qui
1994 1321 2199 1394 Nesvisium
2221 1323 2266 1395 ad

637 1475 654 1508 a
675 1446 817 1541 signum
829 1445 1001 1541 principis
1015 1443 1223 1529 convolent;
1243 1451 1405 1540 parceret
1418 1445 1562 1519 interim
1580 1447 1713 1542 ipsein
1731 1446 1881 1519 aedificia
1899 1455 1935 1518 et
1949 1446 2038 1549 alias
2056 1469 2114 1518 res
2136 1447 2267 1543 impen-

636 1599 654 1632 κ
675 1570 736 1656 sis,
753 1568 870 1664 quoad
878 1574 1117 1665 pertentatum
1129 1568 1249 1653 fuerit,
1259 1577 1379 1642 utrum
1395 1570 1488 1642 soret
1505 1569 1641 1656 utilius,
1659 1570 1856 1665 Collegium
1870 1569 2080 1664 scholasque
2093 1571 2130 1641 in
2139 1593 2268 1666 pagum

638 1723 655 1756 κ
676 1695 770 1789 cogi,
790 1717 836 1794 an
850 1693 936 1788 ipsis
951 1693 1136 1789 operariis,
1157 1693 1216 1786 qui
1240 1716 1303 1788 per
1317 1693 1552 1788 temporarios
1576 1717 1744 1768 excursus
1762 1694 2052 1769 Nesvisiensibus
2070 1702 2106 1767 et
2123 1695 2267 1767 circum·

639 1846 655 1879 α
672 1817 868 1914 jacentium
889 1839 1060 1911 agrorum
1077 1815 1214 1888 colonis
1232 1815 1489 1912 oppidanisque
1502 1817 1626 1891 vicinis
1643 1819 1775 1904 adsint,
1793 1815 2008 1893 domicilium
2025 1818 2170 1913 aliquod
2182 1841 2263 1892 con·

638 1971 655 2004 u
675 1943 784 2016 stitui.
806 1978 823 2011 n
839 1942 924 2016 Non
937 1941 1049 2013 valuit
1066 1940 1161 2036 apud
1178 1941 1372 2037 principem
1385 1963 1429 2014 ea
1443 1942 1614 2038 Campani
1644 1945 1785 2030 oratio;
1811 1950 1846 2017 et
1870 1942 2072 2017 sacerdotes
2099 1950 2135 2017 ot
2160 1943 2269 2038 magi·

629 2073 730 2140 stros
743 2073 779 2140 et
791 2065 974 2162 adjutores
988 2089 1072 2138 suos
1090 2065 1261 2138 continuo
1281 2063 1409 2138 adesse
1431 2067 1612 2160 postulat:
1641 2094 1658 2127 a
1688 2090 1768 2139 eam
1781 2067 1848 2139 sibi
1880 2089 2031 2140 causans
2057 2067 2222 2163 injectam
2247 2089 2269 2139 a

638 2219 656 2252 u
676 2192 752 2264 Deo
771 2198 939 2273 mentem,
954 2196 995 2261 ut
1007 2211 1088 2262 nea
1105 2190 1289 2285 proposito
1307 2189 1381 2261 ulla
1403 2188 1613 2266 difficultate
1631 2199 1836 2276 avertatur;
1858 2193 1963 2286 idque
1977 2191 2186 2266 effecturum
2216 2213 2266 2278 se,

636 2343 653 2376 a
675 2317 818 2389 omnino
837 2336 1004 2410 sperare3
1036 2314 1108 2387 uisi
1128 2315 1209 2408 ipsi,
1242 2313 1301 2409 qni
1325 2314 1447 2386 divina
1468 2315 1620 2410 imperia
1646 2315 1846 2388 mortalium
1869 2315 1974 2410 primi
1995 2315 2184 2389 observare
2209 2337 2271 2410 per

638 2468 656 2502 α
677 2440 793 2534 ipsum
817 2439 902 2511 vitae
927 2439 1126 2510 institutum
1149 2461 1191 2510 ac
1205 2439 1363 2512 revereri
1382 2438 1549 2524 debeant,
1569 2440 1744 2514 obsistere
1762 2439 1953 2513 voluerint.
1970 2438 2128 2535 Agerent
2136 2440 2267 2534 itaque,

639 2591 656 2624 a
677 2586 757 2658 quae
791 2562 899 2636 vellet
931 2563 1038 2648 Deus,
1068 2584 1176 2658 seque
1207 2561 1298 2634 nihil
1319 2562 1475 2658 cunctati
1504 2563 1708 2636 Nesvisium
1739 2563 1957 2659 colligerent.
1987 2563 2179 2638 crederent
2204 2561 2272 2634 sibi

640 2719 658 2751 a
679 2687 901 2760 confirmanti
914 2686 1003 2772 fore,
1020 2693 1059 2758 ut
1075 2709 1114 2760 se
1128 2710 1203 2759 suae
1220 2685 1401 2760 facilitatis
1417 2687 1517 2759 haud
1530 2687 1712 2782 poeniteat.
1739 2725 1756 2756 e

465 2818 581 2910 sonoro·
687 2813 957 2888 Concedendum
975 2813 1126 2906 denique
1144 2812 1363 2907 Praepositus
1381 2812 1560 2906 generalis
1575 2813 1698 2907 pietati
1730 2815 1899 2911 principis
1917 2823 2030 2902 ratus,
2046 2817 2134 2890 actis
2148 2813 2273 2910 ampli·

465 2897 598 3045 fflpi,
638 2946 693 3012 ter
709 2961 774 3034 pro
792 2937 1041 3011 benevolentia
1057 2935 1198 3032 gratiis,
1219 2935 1376 3009 oblatum
1389 2937 1538 3031 accepit.
1560 2936 1754 3033 Reliquum
1771 2939 1854 3013 inde
1879 2949 2059 3014 certarnen
2089 2947 2167 3014 erat
2195 2962 2275 3012 cum

466 3056 603 3126 mmm·
640 3065 718 3158 ipsa
739 3061 907 3157 principis
923 3059 1106 3156 largitate,
1123 3060 1212 3134 adeo
1229 3083 1270 3136 se
1284 3062 1321 3132 in
1338 3084 1442 3134 novae
1455 3061 1605 3134 coloniae
1619 3064 1804 3135 commoda
1821 3063 2068 3160 profirndente,
2086 3065 2137 3136 sic
2158 3063 2276 3136 omnia

640 3211 733 3263 nexu
750 3189 857 3274 omni,
878 3211 946 3282 quo
963 3185 1077 3283 pietas
1095 3184 1250 3259 filiorum
1264 3188 1373 3260 etiam
1386 3209 1409 3258 a
1422 3187 1627 3282 parentibus
1645 3188 1820 3285 obstringi
1839 3189 1942 3276 solet,
1960 3190 2075 3264 libera
2089 3189 2273 3274 offerente,

639 3319 680 3386 ut
704 3320 822 3387 certus
842 3335 905 3407 per
930 3312 1044 3408 ipsam
1072 3310 1325 3406 religiosorum
1351 3312 1533 3383 hominum
1558 3311 1769 3385 modestiam
1791 3315 1998 3400 statuendus
2025 3323 2120 3388 esset
2137 3314 2275 3387 modus.
2342 3357 2343 3362 =

467 3439 551 3536 pent
568 3439 597 3494 in
638 3438 754 3516 Acoiti
784 3427 988 3510 Nesrisium
1014 3459 1096 3510 mox
1118 3435 1225 3509 Socii.
1256 3435 1454 3509 Praefectus
1479 3436 1626 3530 collegis
1652 3437 1763 3510 Pater
1788 3435 1956 3511 Albertus
1979 3437 2276 3522 Mroskovslrius;

467 3523 570 3662 000οὛ
640 3564 788 3660 primus,
811 3562 905 3660 quod
932 3561 1098 3646 diximus,
1127 3561 1335 3657 experiendi
1365 3583 1486 3645 causa,
1516 3582 1622 3655 quam
1647 3560 1739 3634 foret
1773 3561 1871 3634 utilis
1908 3563 2091 3636 Sociorum
2122 3563 2281 3636 Nesvisii
2351 3619 2355 3632 .

640 3710 763 3784 opera,
779 3688 817 3760 in
834 3709 879 3759 ea
898 3687 1051 3760 statione
1074 3709 1154 3758 cum
1179 3685 1222 3758 P.
1255 3684 1511 3779 christophoro
1534 3684 1744 3756 Ostrovskio
1770 3685 1973 3759 collocatus.
1999 3684 2133 3782 Aperta
2157 3686 2281 3759 schola

559 3819 562 3827 '
641 3810 896 3907 grammaticae.
937 3809 1059 3884 Additi
1084 3833 1166 3882 mox
1191 3808 1267 3894 alii,
1293 3816 1368 3882 turn
1395 3808 1652 3903 oppidanorum
1686 3831 1750 3904 per
1789 3810 1978 3883 conciones
2017 3810 2176 3905 magistri
2207 3819 2279 3882 turn

643 3936 854 4012 scholarum.
873 3934 1022 4008 Attente
1036 3934 1084 4006 ad
1100 3957 1158 4008 res
1188 3933 1382 4030 provinciae
1401 3957 1478 4006 suae
1501 3933 1697 4029 Campano,
1733 3935 1859 4007 crebra
1885 3936 1969 4007 hinc
1993 3935 2089 4008 illinc
2118 3934 2280 4009 certandi

523 4070 569 4161 ²¹:
644 4061 769 4136 officiis
799 4085 879 4134 cum
908 4061 1107 4155 principum
1133 4057 1377 4130 munificentia
1408 4056 1623 4130 offerebatur
1662 4059 1814 4131 occasio.
1850 4059 1987 4132 Eodem
2017 4058 2091 4133 lere
2123 4065 2282 4154 tempore

471 4149 589 4282 {23an
646 4184 906 4280 Claudiopolim
921 4185 959 4255 in
977 4161 1289 4279 Transylvaniam,
1310 4181 1453 4266 Albam,
1469 4180 1706 4268 Varadinum,
1727 4183 1929 4266 Calissium,
1950 4183 2146 4279 Leopolim,
2163 4181 2282 4256 Gada-

471 4302 614 4438 ξῑῦἱᾰῑζπ
646 4333 744 4394 num,
765 4309 1011 4404 Neuburgum,
1032 4301 1212 4392 Brestam,
1231 4305 1540 4390 (heduam-Socii
1556 4329 1580 4378 a
1596 4307 1814 4402 principibus
1834 4331 1877 4380 ex
1891 4307 2073 4402 provincia
2088 4307 2280 4390 Lituaniee,

484 4401 513 4438 ra
533 4397 569 4437 un
616 4423 718 4508 'non
731 4433 1017 4528 frequentissima
1034 4433 1111 4516 illa,
1140 4433 1372 4506 vocabantur.
1407 4431 1564 4504 Vixdum
1591 4432 1629 4504 in
1647 4432 1959 4528 Transylvaoiam,
1998 4438 2166 4527 poscente
2196 4452 2284 4527 rege

649 4556 867 4632 Polonorum
897 4556 1091 4651 Stephano,
1121 4556 1388 4652 quatuordecim
1406 4556 1543 4640 SocioS,
1576 4555 1706 4629 lectam
1731 4555 1817 4628 hinc
1842 4555 1941 4628 illinc
1967 4554 2160 4639 cohortem,
2193 4555 2284 4626 inito

650 4679 828 4754 Varsavia
852 4680 992 4765 itinero,
1013 4680 1274 4776 Claudiopolim
1304 4680 1500 4752 deduxerat
1529 4679 1744 4774 Campanus,
1767 4703 1845 4753 cum
1875 4703 1919 4752 ex
1949 4678 2075 4753 eadem
2105 4679 2286 4752 Societate

647 4803 879 4890 Somlienses,
912 4804 1212 4891 Vasseralienses‚
1255 4804 1534 4890 Varadiuensea
1567 4804 1784 4888 Tordensea
1824 4805 2059 4888 Fenesenses,
2093 4803 2286 4878 Temesva·

648 4951 785 5015 rennes,
805 4928 984 5026 principes
1003 4928 1071 5000 viri
1087 4929 1215 5003 Lazari
1233 4929 1332 5015 dicti,
1351 4929 1517 5002 Vallachi
1530 4929 1684 5024 denique
1700 4930 1827 5025 (questi
1844 4927 1895 5014 hi,
1918 4929 2061 5002 unicum
2086 4928 2155 5001 sibi
2174 4927 2287 5000 fuisse

649 5054 842 5138 hominem,
870 5076 936 5148 pro
963 5053 1147 5128 sacerdote
1171 5054 1345 5140 habitum,
1387 5056 1425 5126 in
1456 5054 1587 5127 finibus
1616 5053 1823 5148 Moldaviae,
1852 5076 2000 5148 eumque
2027 5052 2288 5149 deprehensum

650 5179 877 5275 impostorem
890 5177 1118 5273 sacrilegum,
1139 5180 1323 5274 profanum
1349 5179 1607 5274 circulatorem)
1631 5201 1752 5252 omnes
1773 5178 1825 5251 illi
1848 5202 1871 5252 a
1893 5179 2070 5274 Campano
2089 5178 2284 5273 magistros
