<?xml version="1.0" encoding="UTF-8"?>
<!DOCTYPE html PUBLIC "-//W3C//DTD XHTML 1.0 Transitional//EN"
    "http://www.w3.org/TR/xhtml1/DTD/xhtml1-transitional.dtd">
<html xmlns="http://www.w3.org/1999/xhtml" xml:lang="en" lang="en">
 <head>
  <title>
</title>
<meta http-equiv="Content-Type" content="text/html;charset=utf-8" />
  <meta name='ocr-system' content='tesseract 3.04.00' />
  <meta name='ocr-capabilities' content='ocr_page ocr_carea ocr_par ocr_line ocrx_word'/>
</head>
<body>
  <div class='ocr_page' id='page_1' title='image "./lituanicarumsoc00rostgoog_0173.png"; bbox 0 0 4896 6650; ppageno 0'>
   <div class='ocr_carea' id='block_1_1' title="bbox 653 797 1921 870">
    <p class='ocr_par' dir='ltr' id='par_1_1' title="bbox 653 797 1921 870">
     <span class='ocr_line' id='line_1_1' title="bbox 653 797 1921 870; baseline 0.004 -7"><span class='ocrx_word' id='word_1_1' title='bbox 653 797 713 864; x_wconf 83' lang='grc'>146</span> <span class='ocrx_word' id='word_1_2' title='bbox 1034 805 1306 868; x_wconf 75' lang='lat' dir='ltr'>Ltruadlcaatttt</span> <span class='ocrx_word' id='word_1_3' title='bbox 1328 805 1540 868; x_wconf 83' lang='lat' dir='ltr'>SOClETATlS</span> <span class='ocrx_word' id='word_1_4' title='bbox 1558 807 1643 870; x_wconf 75' lang='lat' dir='ltr'>Just]</span> <span class='ocrx_word' id='word_1_5' title='bbox 1668 807 1921 870; x_wconf 79' lang='lat' dir='ltr'>HISTORIARUM</span> 
     </span>
    </p>
   </div>
   <div class='ocr_carea' id='block_1_2' title="bbox 472 980 2370 3461">
    <p class='ocr_par' dir='ltr' id='par_1_2' title="bbox 481 980 2276 1332">
     <span class='ocr_line' id='line_1_2' title="bbox 481 980 2275 1087; baseline 0.007 -32"><span class='ocrx_word' id='word_1_6' title='bbox 481 980 545 1038; x_wconf 82' lang='lat'>1586</span> <span class='ocrx_word' id='word_1_7' title='bbox 652 984 775 1058; x_wconf 90' lang='lat' dir='ltr'>urbem</span> <span class='ocrx_word' id='word_1_8' title='bbox 801 1009 879 1058; x_wconf 89' lang='lat' dir='ltr'>cum</span> <span class='ocrx_word' id='word_1_9' title='bbox 896 993 1070 1080; x_wconf 81' lang='lat' dir='ltr'>potestate</span> <span class='ocrx_word' id='word_1_10' title='bbox 1088 990 1261 1063; x_wconf 83' lang='lat' dir='ltr'>Palatinis</span> <span class='ocrx_word' id='word_1_11' title='bbox 1286 991 1421 1085; x_wconf 89' lang='lat' dir='ltr'>primus</span> <span class='ocrx_word' id='word_1_12' title='bbox 1440 990 1580 1063; x_wconf 89' lang='lat' dir='ltr'>obviam</span> <span class='ocrx_word' id='word_1_13' title='bbox 1605 989 1825 1085; x_wconf 90' lang='lat' dir='ltr'>procederet,</span> <span class='ocrx_word' id='word_1_14' title='bbox 1846 1013 1911 1064; x_wconf 89' lang='lat' dir='ltr'>suo</span> <span class='ocrx_word' id='word_1_15' title='bbox 1929 991 2078 1087; x_wconf 86' lang='lat' dir='ltr'>stipatus</span> <span class='ocrx_word' id='word_1_16' title='bbox 2096 991 2275 1080; x_wconf 88' lang='lat' dir='ltr'>sodalitio,</span> 
     </span>
     <span class='ocr_line' id='line_1_3' title="bbox 578 1109 2276 1210; baseline 0.006 -30"><span class='ocrx_word' id='word_1_17' title='bbox 578 1143 579 1148; x_wconf 65' lang='lat'>,</span> <span class='ocrx_word' id='word_1_18' title='bbox 653 1109 839 1182; x_wconf 90' lang='lat' dir='ltr'>Photianae</span> <span class='ocrx_word' id='word_1_19' title='bbox 873 1119 978 1184; x_wconf 88' lang='lat' dir='ltr'>sectae</span> <span class='ocrx_word' id='word_1_20' title='bbox 1013 1115 1173 1200; x_wconf 70' lang='lat' dir='ltr'>antistes</span> <span class='ocrx_word' id='word_1_21' title='bbox 1209 1115 1463 1210; x_wconf 91' lang='lat' dir='ltr'>deductumque</span> <span class='ocrx_word' id='word_1_22' title='bbox 1497 1114 1650 1187; x_wconf 81' lang='lat' dir='ltr'>indeed</span> <span class='ocrx_word' id='word_1_23' title='bbox 1684 1115 1805 1188; x_wconf 85' lang='lat' dir='ltr'>fanum</span> <span class='ocrx_word' id='word_1_24' title='bbox 1840 1139 1941 1188; x_wconf 92' lang='lat' dir='ltr'>suum</span> <span class='ocrx_word' id='word_1_25' title='bbox 1976 1115 2164 1203; x_wconf 89' lang='lat' dir='ltr'>invitaret;</span> <span class='ocrx_word' id='word_1_26' title='bbox 2201 1119 2276 1204; x_wconf 92' lang='lat' dir='ltr'>ubi,</span> 
     </span>
     <span class='ocr_line' id='line_1_4' title="bbox 652 1233 2276 1332; baseline 0.006 -29"><span class='ocrx_word' id='word_1_27' title='bbox 652 1233 843 1305; x_wconf 90' lang='lat' dir='ltr'>secundum</span> <span class='ocrx_word' id='word_1_28' title='bbox 855 1235 1104 1329; x_wconf 86' lang='lat' dir='ltr'>jusjurandum</span> <span class='ocrx_word' id='word_1_29' title='bbox 1133 1239 1333 1312; x_wconf 90' lang='lat' dir='ltr'>ineuntibus</span> <span class='ocrx_word' id='word_1_30' title='bbox 1353 1261 1433 1311; x_wconf 91' lang='lat' dir='ltr'>eum</span> <span class='ocrx_word' id='word_1_31' title='bbox 1450 1237 1695 1332; x_wconf 84' lang='lat' dir='ltr'>magistratum</span> <span class='ocrx_word' id='word_1_32' title='bbox 1713 1239 1883 1322; x_wconf 89' lang='lat' dir='ltr'>solemne,</span> <span class='ocrx_word' id='word_1_33' title='bbox 1905 1241 2018 1314; x_wconf 88' lang='lat' dir='ltr'>crucis</span> <span class='ocrx_word' id='word_1_34' title='bbox 2036 1239 2276 1326; x_wconf 84' lang='lat' dir='ltr'>simulacrum,</span> 
     </span>
    </p>

    <p class='ocr_par' dir='ltr' id='par_1_3' title="bbox 649 1355 2370 1583">
     <span class='ocr_line' id='line_1_5' title="bbox 652 1355 2274 1459; baseline 0.006 -32"><span class='ocrx_word' id='word_1_35' title='bbox 652 1355 780 1428; x_wconf 88' lang='lat' dir='ltr'>divinae</span> <span class='ocrx_word' id='word_1_36' title='bbox 806 1359 903 1452; x_wconf 85' lang='lat' dir='ltr'>quasi</span> <span class='ocrx_word' id='word_1_37' title='bbox 920 1362 1045 1454; x_wconf 83' lang='lat' dir='ltr'>gratiae</span> <span class='ocrx_word' id='word_1_38' title='bbox 1075 1385 1200 1458; x_wconf 89' lang='lat' dir='ltr'>perse</span> <span class='ocrx_word' id='word_1_39' title='bbox 1232 1364 1476 1459; x_wconf 88' lang='lat' dir='ltr'>impertiendae</span> <span class='ocrx_word' id='word_1_40' title='bbox 1506 1387 1626 1447; x_wconf 88' lang='lat' dir='ltr'>causa,</span> <span class='ocrx_word' id='word_1_41' title='bbox 1652 1361 1771 1434; x_wconf 86' lang='lat' dir='ltr'>osculo</span> <span class='ocrx_word' id='word_1_42' title='bbox 1790 1361 2033 1457; x_wconf 82' lang='lat' dir='ltr'>excipiendum</span> <span class='ocrx_word' id='word_1_43' title='bbox 2053 1362 2274 1438; x_wconf 86' lang='lat' dir='ltr'>obtrudebat.</span> 
     </span>
     <span class='ocr_line' id='line_1_6' title="bbox 649 1482 2370 1583; baseline 0.003 -29"><span class='ocrx_word' id='word_1_44' title='bbox 649 1482 868 1577; x_wconf 85' lang='lat' dir='ltr'>Aspernatus</span> <span class='ocrx_word' id='word_1_45' title='bbox 886 1491 925 1554; x_wconf 93' lang='lat' dir='ltr'>ut</span> <span class='ocrx_word' id='word_1_46' title='bbox 941 1485 1029 1556; x_wconf 87' lang='lat' dir='ltr'>ritus</span> <span class='ocrx_word' id='word_1_47' title='bbox 1061 1487 1328 1568; x_wconf 91' lang='lat' dir='ltr'>Photianorum,</span> <span class='ocrx_word' id='word_1_48' title='bbox 1349 1487 1399 1558; x_wconf 91' lang='lat' dir='ltr'>ita</span> <span class='ocrx_word' id='word_1_49' title='bbox 1423 1487 1515 1581; x_wconf 89' lang='lat' dir='ltr'>juris</span> <span class='ocrx_word' id='word_1_50' title='bbox 1541 1487 1633 1558; x_wconf 92' lang='lat' dir='ltr'>sacri</span> <span class='ocrx_word' id='word_1_51' title='bbox 1664 1487 1927 1580; x_wconf 84' lang='lat' dir='ltr'>usurpationem</span> <span class='ocrx_word' id='word_1_52' title='bbox 1958 1483 2117 1580; x_wconf 88' lang='lat' dir='ltr'>iniquam</span> <span class='ocrx_word' id='word_1_53' title='bbox 2143 1487 2280 1562; x_wconf 86' lang='lat' dir='ltr'>Palati·</span> <span class='ocrx_word' id='word_1_54' title='bbox 2367 1581 2370 1583; x_wconf 10' lang='grc' dir='ltr'><em>Β</em></span> 
     </span>
    </p>

    <p class='ocr_par' dir='ltr' id='par_1_4' title="bbox 563 1603 2278 1706">
     <span class='ocr_line' id='line_1_7' title="bbox 563 1603 2278 1706; baseline 0.005 -28"><span class='ocrx_word' id='word_1_55' title='bbox 563 1603 566 1607; x_wconf 77' lang='grc'><strong>’</strong></span> <span class='ocrx_word' id='word_1_56' title='bbox 649 1629 728 1691; x_wconf 88' lang='lat' dir='ltr'>nus,</span> <span class='ocrx_word' id='word_1_57' title='bbox 757 1608 935 1681; x_wconf 88' lang='lat' dir='ltr'>subiturus</span> <span class='ocrx_word' id='word_1_58' title='bbox 969 1610 1106 1694; x_wconf 88' lang='lat' dir='ltr'>urbem,</span> <span class='ocrx_word' id='word_1_59' title='bbox 1133 1618 1257 1704; x_wconf 91' lang='lat' dir='ltr'>quarto</span> <span class='ocrx_word' id='word_1_60' title='bbox 1283 1610 1326 1681; x_wconf 88' lang='lat' dir='ltr'>ab</span> <span class='ocrx_word' id='word_1_61' title='bbox 1352 1633 1394 1682; x_wconf 87' lang='lat' dir='ltr'>ea</span> <span class='ocrx_word' id='word_1_62' title='bbox 1425 1609 1554 1706; x_wconf 91' lang='lat' dir='ltr'>lapide,</span> <span class='ocrx_word' id='word_1_63' title='bbox 1581 1609 1732 1704; x_wconf 82' lang='lat' dir='ltr'>Collegii</span> <span class='ocrx_word' id='word_1_64' title='bbox 1760 1617 1932 1682; x_wconf 90' lang='lat' dir='ltr'>rectorem</span> <span class='ocrx_word' id='word_1_65' title='bbox 1961 1610 2073 1682; x_wconf 86' lang='lat' dir='ltr'>nostri</span> <span class='ocrx_word' id='word_1_66' title='bbox 2107 1611 2278 1699; x_wconf 88' lang='lat' dir='ltr'>advocat;</span> 
     </span>
    </p>

    <p class='ocr_par' dir='ltr' id='par_1_5' title="bbox 649 1733 2280 1828">
     <span class='ocr_line' id='line_1_8' title="bbox 649 1733 2280 1828; baseline 0.002 -24"><span class='ocrx_word' id='word_1_67' title='bbox 649 1755 691 1804; x_wconf 92' lang='lat' dir='ltr'>eo</span> <span class='ocrx_word' id='word_1_68' title='bbox 722 1733 920 1818; x_wconf 90' lang='lat' dir='ltr'>comitante,</span> <span class='ocrx_word' id='word_1_69' title='bbox 951 1734 1135 1828; x_wconf 82' lang='lat' dir='ltr'>ingressus</span> <span class='ocrx_word' id='word_1_70' title='bbox 1164 1733 1342 1828; x_wconf 89' lang='lat' dir='ltr'>oppidum,</span> <span class='ocrx_word' id='word_1_71' title='bbox 1363 1743 1461 1806; x_wconf 88' lang='lat' dir='ltr'>recta</span> <span class='ocrx_word' id='word_1_72' title='bbox 1490 1757 1529 1808; x_wconf 90' lang='lat' dir='ltr'>se</span> <span class='ocrx_word' id='word_1_73' title='bbox 1556 1735 1601 1806; x_wconf 86' lang='lat' dir='ltr'>ad</span> <span class='ocrx_word' id='word_1_74' title='bbox 1629 1734 1797 1828; x_wconf 92' lang='lat' dir='ltr'>templum</span> <span class='ocrx_word' id='word_1_75' title='bbox 1834 1735 2016 1807; x_wconf 88' lang='lat' dir='ltr'>Sociorum</span> <span class='ocrx_word' id='word_1_76' title='bbox 2051 1734 2198 1820; x_wconf 89' lang='lat' dir='ltr'>confert,</span> <span class='ocrx_word' id='word_1_77' title='bbox 2230 1737 2280 1810; x_wconf 92' lang='lat' dir='ltr'>ibi</span> 
     </span>
    </p>

    <p class='ocr_par' dir='ltr' id='par_1_6' title="bbox 647 1856 2277 1956">
     <span class='ocr_line' id='line_1_9' title="bbox 647 1856 2277 1956; baseline 0.004 -28"><span class='ocrx_word' id='word_1_78' title='bbox 647 1857 715 1929; x_wconf 90' lang='lat' dir='ltr'>rite</span> <span class='ocrx_word' id='word_1_79' title='bbox 738 1857 863 1942; x_wconf 85' lang='lat' dir='ltr'>omnia,</span> <span class='ocrx_word' id='word_1_80' title='bbox 882 1881 961 1952; x_wconf 85' lang='lat' dir='ltr'>quae</span> <span class='ocrx_word' id='word_1_81' title='bbox 979 1859 1144 1931; x_wconf 88' lang='lat' dir='ltr'>Photiani</span> <span class='ocrx_word' id='word_1_82' title='bbox 1163 1856 1210 1930; x_wconf 93' lang='lat' dir='ltr'>ad</span> <span class='ocrx_word' id='word_1_83' title='bbox 1228 1882 1266 1930; x_wconf 90' lang='lat' dir='ltr'>se</span> <span class='ocrx_word' id='word_1_84' title='bbox 1283 1858 1385 1930; x_wconf 90' lang='lat' dir='ltr'>malis</span> <span class='ocrx_word' id='word_1_85' title='bbox 1411 1857 1527 1930; x_wconf 90' lang='lat' dir='ltr'>adhuc</span> <span class='ocrx_word' id='word_1_86' title='bbox 1545 1859 1716 1954; x_wconf 85' lang='lat' dir='ltr'>exemplis</span> <span class='ocrx_word' id='word_1_87' title='bbox 1747 1859 1923 1931; x_wconf 91' lang='lat' dir='ltr'>detortum</span> <span class='ocrx_word' id='word_1_88' title='bbox 1940 1858 2052 1938; x_wconf 89' lang='lat' dir='ltr'>ibant,</span> <span class='ocrx_word' id='word_1_89' title='bbox 2073 1862 2277 1956; x_wconf 85' lang='lat' dir='ltr'>exequitur;</span> 
     </span>
    </p>

    <p class='ocr_par' dir='ltr' id='par_1_7' title="bbox 647 1981 2279 2080">
     <span class='ocr_line' id='line_1_10' title="bbox 647 1981 2279 2080; baseline 0.005 -28"><span class='ocrx_word' id='word_1_90' title='bbox 647 1981 778 2054; x_wconf 88' lang='lat' dir='ltr'>frustra</span> <span class='ocrx_word' id='word_1_91' title='bbox 795 1983 973 2056; x_wconf 83' lang='lat' dir='ltr'>haereticis</span> <span class='ocrx_word' id='word_1_92' title='bbox 997 2007 1019 2056; x_wconf 88' lang='lat' dir='ltr'>a</span> <span class='ocrx_word' id='word_1_93' title='bbox 1046 1982 1192 2055; x_wconf 87' lang='lat' dir='ltr'>consilio</span> <span class='ocrx_word' id='word_1_94' title='bbox 1220 2006 1258 2056; x_wconf 88' lang='lat' dir='ltr'>se</span> <span class='ocrx_word' id='word_1_95' title='bbox 1285 1982 1541 2056; x_wconf 89' lang='lat' dir='ltr'>revocantibus.</span> <span class='ocrx_word' id='word_1_96' title='bbox 1572 1983 1649 2056; x_wconf 90' lang='lat' dir='ltr'>Hoc</span> <span class='ocrx_word' id='word_1_97' title='bbox 1680 1983 1845 2077; x_wconf 86' lang='lat' dir='ltr'>Principe</span> <span class='ocrx_word' id='word_1_98' title='bbox 1877 1981 2075 2076; x_wconf 84' lang='lat' dir='ltr'>Collegium</span> <span class='ocrx_word' id='word_1_99' title='bbox 2104 1985 2279 2080; x_wconf 87' lang='lat' dir='ltr'>praesidiis</span> 
     </span>
    </p>

    <p class='ocr_par' dir='ltr' id='par_1_8' title="bbox 646 2106 2281 2200">
     <span class='ocr_line' id='line_1_11' title="bbox 646 2106 2281 2200; baseline 0.004 -24"><span class='ocrx_word' id='word_1_100' title='bbox 646 2111 784 2178; x_wconf 92' lang='lat' dir='ltr'>tutante</span> <span class='ocrx_word' id='word_1_101' title='bbox 802 2107 887 2188; x_wconf 89' lang='lat' dir='ltr'>suis,</span> <span class='ocrx_word' id='word_1_102' title='bbox 916 2129 958 2179; x_wconf 94' lang='lat' dir='ltr'>eo</span> <span class='ocrx_word' id='word_1_103' title='bbox 977 2106 1151 2179; x_wconf 88' lang='lat' dir='ltr'>industria</span> <span class='ocrx_word' id='word_1_104' title='bbox 1177 2106 1362 2178; x_wconf 89' lang='lat' dir='ltr'>Sociorum</span> <span class='ocrx_word' id='word_1_105' title='bbox 1378 2129 1582 2200; x_wconf 87' lang='lat' dir='ltr'>processum</span> <span class='ocrx_word' id='word_1_106' title='bbox 1612 2115 1677 2190; x_wconf 89' lang='lat' dir='ltr'>est,</span> <span class='ocrx_word' id='word_1_107' title='bbox 1700 2115 1751 2189; x_wconf 91' lang='lat' dir='ltr'>ut,</span> <span class='ocrx_word' id='word_1_108' title='bbox 1781 2106 2010 2179; x_wconf 88' lang='lat' dir='ltr'>redeuntibus</span> <span class='ocrx_word' id='word_1_109' title='bbox 2037 2106 2084 2180; x_wconf 89' lang='lat' dir='ltr'>ad</span> <span class='ocrx_word' id='word_1_110' title='bbox 2110 2108 2281 2182; x_wconf 85' lang='lat' dir='ltr'>Ecclesiae</span> 
     </span>
    </p>

    <p class='ocr_par' dir='ltr' id='par_1_9' title="bbox 474 2209 2280 2575">
     <span class='ocr_line' id='line_1_12' title="bbox 475 2209 2279 2328; baseline 0.001 -23"><span class='ocrx_word' id='word_1_111' title='bbox 475 2249 607 2305; x_wconf 75' lang='lat' dir='ltr'>Sociorum</span> <span class='ocrx_word' id='word_1_112' title='bbox 647 2209 892 2308; x_wconf 83' lang='lat' dir='ltr'>auctoritatem</span> <span class='ocrx_word' id='word_1_113' title='bbox 909 2231 1099 2314; x_wconf 83' lang='lat' dir='ltr'>haereticis,</span> <span class='ocrx_word' id='word_1_114' title='bbox 1126 2231 1224 2304; x_wconf 89' lang='lat' dir='ltr'>brevi</span> <span class='ocrx_word' id='word_1_115' title='bbox 1240 2241 1399 2326; x_wconf 90' lang='lat' dir='ltr'>tempore</span> <span class='ocrx_word' id='word_1_116' title='bbox 1416 2230 1611 2302; x_wconf 84' lang='lat' dir='ltr'>adversarii</span> <span class='ocrx_word' id='word_1_117' title='bbox 1637 2232 1721 2303; x_wconf 87' lang='lat' dir='ltr'>fana</span> <span class='ocrx_word' id='word_1_118' title='bbox 1746 2254 1810 2304; x_wconf 86' lang='lat' dir='ltr'>suo</span> <span class='ocrx_word' id='word_1_119' title='bbox 1836 2231 1978 2303; x_wconf 90' lang='lat' dir='ltr'>omnino</span> <span class='ocrx_word' id='word_1_120' title='bbox 2005 2233 2178 2306; x_wconf 83' lang='lat' dir='ltr'>exhausta</span> <span class='ocrx_word' id='word_1_121' title='bbox 2195 2258 2279 2328; x_wconf 91' lang='lat' dir='ltr'>que-</span> 
     </span>
     <span class='ocr_line' id='line_1_13' title="bbox 474 2329 2280 2468; baseline 0.002 -44"><span class='ocrx_word' id='word_1_122' title='bbox 474 2329 610 2468; x_wconf 54' lang='grc' dir='ltr'>ζζξὲἷίξοῃ</span> <span class='ocrx_word' id='word_1_123' title='bbox 647 2363 840 2428; x_wconf 88' lang='lat' dir='ltr'>rerentur:</span> <span class='ocrx_word' id='word_1_124' title='bbox 871 2378 951 2427; x_wconf 89' lang='lat' dir='ltr'>cum</span> <span class='ocrx_word' id='word_1_125' title='bbox 985 2355 1091 2450; x_wconf 90' lang='lat' dir='ltr'>paulo</span> <span class='ocrx_word' id='word_1_126' title='bbox 1127 2362 1208 2427; x_wconf 89' lang='lat' dir='ltr'>ante</span> <span class='ocrx_word' id='word_1_127' title='bbox 1248 2354 1285 2426; x_wconf 93' lang='lat' dir='ltr'>in</span> <span class='ocrx_word' id='word_1_128' title='bbox 1315 2355 1479 2427; x_wconf 88' lang='lat' dir='ltr'>universa</span> <span class='ocrx_word' id='word_1_129' title='bbox 1514 2353 1768 2426; x_wconf 88' lang='lat' dir='ltr'>Polocensium</span> <span class='ocrx_word' id='word_1_130' title='bbox 1806 2355 1988 2449; x_wconf 88' lang='lat' dir='ltr'>provincia</span> <span class='ocrx_word' id='word_1_131' title='bbox 2018 2355 2280 2429; x_wconf 80' lang='lat' dir='ltr'>catholicorum</span> 
     </span>
     <span class='ocr_line' id='line_1_14' title="bbox 646 2477 2279 2575; baseline 0.001 -25"><span class='ocrx_word' id='word_1_132' title='bbox 646 2479 898 2575; x_wconf 87' lang='lat' dir='ltr'>profiterentur</span> <span class='ocrx_word' id='word_1_133' title='bbox 931 2479 1106 2560; x_wconf 85' lang='lat' dir='ltr'>instituta,</span> <span class='ocrx_word' id='word_1_134' title='bbox 1126 2477 1193 2549; x_wconf 90' lang='lat' dir='ltr'>viri</span> <span class='ocrx_word' id='word_1_135' title='bbox 1219 2478 1352 2551; x_wconf 89' lang='lat' dir='ltr'>ordinis</span> <span class='ocrx_word' id='word_1_136' title='bbox 1378 2479 1551 2572; x_wconf 89' lang='lat' dir='ltr'>equestris</span> <span class='ocrx_word' id='word_1_137' title='bbox 1580 2502 1652 2551; x_wconf 94' lang='lat' dir='ltr'>non</span> <span class='ocrx_word' id='word_1_138' title='bbox 1675 2479 1826 2574; x_wconf 88' lang='lat' dir='ltr'>amplius</span> <span class='ocrx_word' id='word_1_139' title='bbox 1858 2478 1991 2564; x_wconf 90' lang='lat' dir='ltr'>decem,</span> <span class='ocrx_word' id='word_1_140' title='bbox 2019 2480 2204 2575; x_wconf 71' lang='lat' dir='ltr'>pauciores</span> <span class='ocrx_word' id='word_1_141' title='bbox 2220 2481 2279 2553; x_wconf 90' lang='lat' dir='ltr'>his</span> 
     </span>
    </p>

    <p class='ocr_par' dir='ltr' id='par_1_10' title="bbox 643 2600 2279 2824">
     <span class='ocr_line' id='line_1_15' title="bbox 648 2600 2277 2698; baseline 0.001 -23"><span class='ocrx_word' id='word_1_142' title='bbox 648 2605 685 2675; x_wconf 95' lang='lat' dir='ltr'>in</span> <span class='ocrx_word' id='word_1_143' title='bbox 712 2603 841 2698; x_wconf 86' lang='lat' dir='ltr'>oppido</span> <span class='ocrx_word' id='word_1_144' title='bbox 875 2603 1002 2675; x_wconf 88' lang='lat' dir='ltr'>incolae</span> <span class='ocrx_word' id='word_1_145' title='bbox 1035 2608 1264 2674; x_wconf 87' lang='lat' dir='ltr'>censerentur</span> <span class='ocrx_word' id='word_1_146' title='bbox 1297 2627 1304 2672; x_wconf 92' lang='lat'>:</span> <span class='ocrx_word' id='word_1_147' title='bbox 1343 2600 1448 2696; x_wconf 93' lang='lat' dir='ltr'>idque</span> <span class='ocrx_word' id='word_1_148' title='bbox 1487 2610 1618 2698; x_wconf 88' lang='lat' dir='ltr'>praeter</span> <span class='ocrx_word' id='word_1_149' title='bbox 1653 2601 1744 2674; x_wconf 90' lang='lat' dir='ltr'>alios</span> <span class='ocrx_word' id='word_1_150' title='bbox 1780 2602 1978 2696; x_wconf 86' lang='lat' dir='ltr'>Stephanus</span> <span class='ocrx_word' id='word_1_151' title='bbox 2024 2603 2277 2698; x_wconf 84' lang='lat' dir='ltr'>Tyszkiewicn,</span> 
     </span>
     <span class='ocr_line' id='line_1_16' title="bbox 643 2725 2279 2824; baseline 0.001 -26"><span class='ocrx_word' id='word_1_152' title='bbox 643 2727 910 2823; x_wconf 88' lang='lat' dir='ltr'>provincialium</span> <span class='ocrx_word' id='word_1_153' title='bbox 934 2727 1150 2822; x_wconf 89' lang='lat' dir='ltr'>judiciorum</span> <span class='ocrx_word' id='word_1_154' title='bbox 1175 2749 1321 2821; x_wconf 89' lang='lat' dir='ltr'>praeses,</span> <span class='ocrx_word' id='word_1_155' title='bbox 1351 2749 1395 2798; x_wconf 83' lang='lat' dir='ltr'>ex</span> <span class='ocrx_word' id='word_1_156' title='bbox 1418 2726 1477 2821; x_wconf 93' lang='lat' dir='ltr'>pio</span> <span class='ocrx_word' id='word_1_157' title='bbox 1502 2727 1612 2797; x_wconf 89' lang='lat' dir='ltr'>animi</span> <span class='ocrx_word' id='word_1_158' title='bbox 1643 2749 1748 2798; x_wconf 90' lang='lat' dir='ltr'>seusu</span> <span class='ocrx_word' id='word_1_159' title='bbox 1783 2725 2053 2822; x_wconf 87' lang='lat' dir='ltr'>collacrymans,</span> <span class='ocrx_word' id='word_1_160' title='bbox 2081 2735 2185 2820; x_wconf 79' lang='lat' dir='ltr'>aetate</span> <span class='ocrx_word' id='word_1_161' title='bbox 2201 2729 2279 2824; x_wconf 77' lang='lat' dir='ltr'>Jam</span> 
     </span>
    </p>

    <p class='ocr_par' dir='ltr' id='par_1_11' title="bbox 644 2837 2281 3071">
     <span class='ocr_line' id='line_1_17' title="bbox 644 2837 2281 2947; baseline 0.001 -22"><span class='ocrx_word' id='word_1_162' title='bbox 644 2853 704 2927; x_wconf 92' lang='lat' dir='ltr'>ille</span> <span class='ocrx_word' id='word_1_163' title='bbox 738 2860 876 2938; x_wconf 85' lang='lat' dir='ltr'>exacta,</span> <span class='ocrx_word' id='word_1_164' title='bbox 913 2875 1007 2947; x_wconf 88' lang='lat' dir='ltr'>saepe</span> <span class='ocrx_word' id='word_1_165' title='bbox 1044 2851 1273 2923; x_wconf 87' lang='lat' dir='ltr'>memorabat.</span> <span class='ocrx_word' id='word_1_166' title='bbox 1318 2851 1361 2922; x_wconf 96' lang='lat' dir='ltr'>ln</span> <span class='ocrx_word' id='word_1_167' title='bbox 1394 2873 1436 2922; x_wconf 90' lang='lat' dir='ltr'>eo</span> <span class='ocrx_word' id='word_1_168' title='bbox 1471 2873 1589 2923; x_wconf 90' lang='lat' dir='ltr'>rerum</span> <span class='ocrx_word' id='word_1_169' title='bbox 1624 2857 1824 2923; x_wconf 90' lang='lat' dir='ltr'>nostrarum</span> <span class='ocrx_word' id='word_1_170' title='bbox 1863 2852 1935 2923; x_wconf 93' lang='lat' dir='ltr'>otio</span> <span class='ocrx_word' id='word_1_171' title='bbox 1971 2874 2013 2923; x_wconf 89' lang='lat' dir='ltr'>ac</span> <span class='ocrx_word' id='word_1_172' title='bbox 2039 2837 2281 2947; x_wconf 60' lang='lat' dir='ltr'>‘prosperitate</span> 
     </span>
     <span class='ocr_line' id='line_1_18' title="bbox 646 2973 2277 3071; baseline 0 -22"><span class='ocrx_word' id='word_1_173' title='bbox 646 2977 812 3049; x_wconf 89' lang='lat' dir='ltr'>Photiani</span> <span class='ocrx_word' id='word_1_174' title='bbox 834 2999 949 3071; x_wconf 90' lang='lat' dir='ltr'>popae,</span> <span class='ocrx_word' id='word_1_175' title='bbox 970 2974 1140 3048; x_wconf 84' lang='lat' dir='ltr'>exedente</span> <span class='ocrx_word' id='word_1_176' title='bbox 1157 2974 1313 3047; x_wconf 88' lang='lat' dir='ltr'>animum</span> <span class='ocrx_word' id='word_1_177' title='bbox 1326 2973 1473 3058; x_wconf 89' lang='lat' dir='ltr'>invidia,</span> <span class='ocrx_word' id='word_1_178' title='bbox 1495 2973 1675 3046; x_wconf 90' lang='lat' dir='ltr'>continere</span> <span class='ocrx_word' id='word_1_179' title='bbox 1693 2995 1732 3046; x_wconf 85' lang='lat' dir='ltr'>se</span> <span class='ocrx_word' id='word_1_180' title='bbox 1749 2973 1847 3045; x_wconf 91' lang='lat' dir='ltr'>haud</span> <span class='ocrx_word' id='word_1_181' title='bbox 1869 2983 2045 3069; x_wconf 83' lang='lat' dir='ltr'>poterant,</span> <span class='ocrx_word' id='word_1_182' title='bbox 2067 2977 2151 3070; x_wconf 92' lang='lat' dir='ltr'>quin</span> <span class='ocrx_word' id='word_1_183' title='bbox 2167 2977 2277 3049; x_wconf 90' lang='lat' dir='ltr'>turbi-</span> 
     </span>
    </p>

    <p class='ocr_par' dir='ltr' id='par_1_12' title="bbox 472 3097 2280 3461">
     <span class='ocr_line' id='line_1_19' title="bbox 473 3097 2280 3228; baseline 0.003 -57"><span class='ocrx_word' id='word_1_184' title='bbox 473 3173 556 3228; x_wconf 75' lang='lat' dir='ltr'>Pena</span> <span class='ocrx_word' id='word_1_185' title='bbox 646 3101 710 3173; x_wconf 90' lang='lat' dir='ltr'>dos</span> <span class='ocrx_word' id='word_1_186' title='bbox 736 3101 773 3171; x_wconf 91' lang='lat' dir='ltr'>in</span> <span class='ocrx_word' id='word_1_187' title='bbox 798 3100 899 3195; x_wconf 90' lang='lat' dir='ltr'>plebe</span> <span class='ocrx_word' id='word_1_188' title='bbox 926 3106 1043 3172; x_wconf 89' lang='lat' dir='ltr'>motus</span> <span class='ocrx_word' id='word_1_189' title='bbox 1069 3100 1238 3171; x_wconf 87' lang='lat' dir='ltr'>adversus</span> <span class='ocrx_word' id='word_1_190' title='bbox 1256 3099 1411 3192; x_wconf 90' lang='lat' dir='ltr'>hospites</span> <span class='ocrx_word' id='word_1_191' title='bbox 1430 3099 1550 3171; x_wconf 89' lang='lat' dir='ltr'>Socios</span> <span class='ocrx_word' id='word_1_192' title='bbox 1569 3097 1798 3172; x_wconf 88' lang='lat' dir='ltr'>concitarent.</span> <span class='ocrx_word' id='word_1_193' title='bbox 1821 3100 1892 3172; x_wconf 85' lang='lat' dir='ltr'>Sed</span> <span class='ocrx_word' id='word_1_194' title='bbox 1910 3123 1953 3171; x_wconf 90' lang='lat' dir='ltr'>ne</span> <span class='ocrx_word' id='word_1_195' title='bbox 1983 3099 2078 3173; x_wconf 89' lang='lat' dir='ltr'>ultra</span> <span class='ocrx_word' id='word_1_196' title='bbox 2095 3101 2280 3176; x_wconf 86' lang='lat' dir='ltr'>maledicta</span> 
     </span>
     <span class='ocr_line' id='line_1_20' title="bbox 475 3221 2280 3322; baseline 0.004 -29"><span class='ocrx_word' id='word_1_197' title='bbox 475 3250 604 3306; x_wconf 77' lang='lat' dir='ltr'>schisma·</span> <span class='ocrx_word' id='word_1_198' title='bbox 645 3233 682 3298; x_wconf 91' lang='lat' dir='ltr'>et</span> <span class='ocrx_word' id='word_1_199' title='bbox 705 3225 856 3297; x_wconf 91' lang='lat' dir='ltr'>leviores</span> <span class='ocrx_word' id='word_1_200' title='bbox 875 3225 1022 3320; x_wconf 90' lang='lat' dir='ltr'>injurias</span> <span class='ocrx_word' id='word_1_201' title='bbox 1039 3223 1288 3297; x_wconf 75' lang='lat' dir='ltr'>malevolentia</span> <span class='ocrx_word' id='word_1_202' title='bbox 1312 3223 1493 3294; x_wconf 91' lang='lat' dir='ltr'>hominum</span> <span class='ocrx_word' id='word_1_203' title='bbox 1519 3246 1557 3295; x_wconf 90' lang='lat' dir='ltr'>se</span> <span class='ocrx_word' id='word_1_204' title='bbox 1575 3221 1759 3318; x_wconf 81' lang='lat' dir='ltr'>proferret,</span> <span class='ocrx_word' id='word_1_205' title='bbox 1782 3224 1896 3319; x_wconf 90' lang='lat' dir='ltr'>poenis</span> <span class='ocrx_word' id='word_1_206' title='bbox 1926 3224 1972 3296; x_wconf 88' lang='lat' dir='ltr'>ad</span> <span class='ocrx_word' id='word_1_207' title='bbox 2000 3233 2171 3300; x_wconf 91' lang='lat' dir='ltr'>terrorem</span> <span class='ocrx_word' id='word_1_208' title='bbox 2197 3251 2280 3322; x_wconf 90' lang='lat' dir='ltr'>pro-</span> 
     </span>
     <span class='ocr_line' id='line_1_21' title="bbox 472 3332 2279 3461; baseline 0.001 -38"><span class='ocrx_word' id='word_1_209' title='bbox 472 3332 621 3461; x_wconf 45' lang='lat' dir='ltr'>{ffssffi</span> <span class='ocrx_word' id='word_1_210' title='bbox 645 3351 781 3446; x_wconf 89' lang='lat' dir='ltr'>positis,</span> <span class='ocrx_word' id='word_1_211' title='bbox 804 3348 898 3421; x_wconf 91' lang='lat' dir='ltr'>ultor</span> <span class='ocrx_word' id='word_1_212' title='bbox 915 3350 1011 3423; x_wconf 90' lang='lat' dir='ltr'>Deus</span> <span class='ocrx_word' id='word_1_213' title='bbox 1037 3347 1229 3443; x_wconf 90' lang='lat' dir='ltr'>prohibuit.</span> <span class='ocrx_word' id='word_1_214' title='bbox 1260 3348 1396 3419; x_wconf 88' lang='lat' dir='ltr'>Horum</span> <span class='ocrx_word' id='word_1_215' title='bbox 1427 3345 1550 3440; x_wconf 87' lang='lat' dir='ltr'>aliquis</span> <span class='ocrx_word' id='word_1_216' title='bbox 1574 3347 1727 3440; x_wconf 90' lang='lat' dir='ltr'>quodam</span> <span class='ocrx_word' id='word_1_217' title='bbox 1751 3349 1789 3420; x_wconf 93' lang='lat' dir='ltr'>in</span> <span class='ocrx_word' id='word_1_218' title='bbox 1816 3350 1957 3443; x_wconf 91' lang='lat' dir='ltr'>oppido,</span> <span class='ocrx_word' id='word_1_219' title='bbox 1978 3373 2048 3444; x_wconf 89' lang='lat' dir='ltr'>qna</span> <span class='ocrx_word' id='word_1_220' title='bbox 2066 3350 2159 3423; x_wconf 89' lang='lat' dir='ltr'>Socii</span> <span class='ocrx_word' id='word_1_221' title='bbox 2175 3349 2279 3424; x_wconf 86' lang='lat' dir='ltr'>facie·</span> 
     </span>
    </p>
   </div>
   <div class='ocr_carea' id='block_1_3' title="bbox 472 3470 2397 3574">
    <p class='ocr_par' dir='ltr' id='par_1_13' title="bbox 472 3470 2397 3574">
     <span class='ocr_line' id='line_1_22' title="bbox 472 3470 2397 3574; baseline 0.004 -32"><span class='ocrx_word' id='word_1_222' title='bbox 472 3488 518 3542; x_wconf 85' lang='lat' dir='ltr'>us.</span> <span class='ocrx_word' id='word_1_223' title='bbox 646 3476 731 3548; x_wconf 91' lang='lat' dir='ltr'>bant</span> <span class='ocrx_word' id='word_1_224' title='bbox 756 3475 835 3560; x_wconf 92' lang='lat' dir='ltr'>iter,</span> <span class='ocrx_word' id='word_1_225' title='bbox 866 3473 1058 3545; x_wconf 87' lang='lat' dir='ltr'>obsistebat</span> <span class='ocrx_word' id='word_1_226' title='bbox 1088 3471 1326 3567; x_wconf 88' lang='lat' dir='ltr'>pertinaciter,</span> <span class='ocrx_word' id='word_1_227' title='bbox 1347 3470 1543 3566; x_wconf 84' lang='lat' dir='ltr'>edictoque</span> <span class='ocrx_word' id='word_1_228' title='bbox 1562 3473 1705 3545; x_wconf 85' lang='lat' dir='ltr'>vetabat</span> <span class='ocrx_word' id='word_1_229' title='bbox 1737 3473 1783 3546; x_wconf 91' lang='lat' dir='ltr'>ad</span> <span class='ocrx_word' id='word_1_230' title='bbox 1813 3474 1934 3548; x_wconf 87' lang='lat' dir='ltr'>Socios</span> <span class='ocrx_word' id='word_1_231' title='bbox 1959 3474 2079 3548; x_wconf 86' lang='lat' dir='ltr'>afferri</span> <span class='ocrx_word' id='word_1_232' title='bbox 2109 3476 2275 3562; x_wconf 84' lang='lat' dir='ltr'>infantes,</span> <span class='ocrx_word' id='word_1_233' title='bbox 2381 3549 2397 3574; x_wconf 70' lang='lat'>‚</span> 
     </span>
    </p>
   </div>
   <div class='ocr_carea' id='block_1_4' title="bbox 641 3595 2279 5307">
    <p class='ocr_par' dir='ltr' id='par_1_14' title="bbox 641 3595 2279 5307">
     <span class='ocr_line' id='line_1_23' title="bbox 646 3595 2276 3694; baseline -0.001 -19"><span class='ocrx_word' id='word_1_234' title='bbox 646 3602 847 3676; x_wconf 87' lang='lat' dir='ltr'>christianae</span> <span class='ocrx_word' id='word_1_235' title='bbox 873 3599 1056 3694; x_wconf 87' lang='lat' dir='ltr'>religionis</span> <span class='ocrx_word' id='word_1_236' title='bbox 1073 3597 1262 3670; x_wconf 88' lang='lat' dir='ltr'>initiandos</span> <span class='ocrx_word' id='word_1_237' title='bbox 1288 3595 1477 3691; x_wconf 83' lang='lat' dir='ltr'>mysteriis.</span> <span class='ocrx_word' id='word_1_238' title='bbox 1511 3595 1651 3668; x_wconf 85' lang='lat' dir='ltr'>Accidit</span> <span class='ocrx_word' id='word_1_239' title='bbox 1680 3598 1811 3693; x_wconf 90' lang='lat' dir='ltr'>itaque,</span> <span class='ocrx_word' id='word_1_240' title='bbox 1837 3600 1887 3671; x_wconf 92' lang='lat' dir='ltr'>uti</span> <span class='ocrx_word' id='word_1_241' title='bbox 1914 3600 1983 3671; x_wconf 92' lang='lat' dir='ltr'>duo</span> <span class='ocrx_word' id='word_1_242' title='bbox 2012 3601 2090 3673; x_wconf 89' lang='lat' dir='ltr'>sine</span> <span class='ocrx_word' id='word_1_243' title='bbox 2121 3600 2276 3674; x_wconf 88' lang='lat' dir='ltr'>remedio</span> 
     </span>
     <span class='ocr_line' id='line_1_24' title="bbox 645 3721 2277 3819; baseline -0.004 -17"><span class='ocrx_word' id='word_1_244' title='bbox 645 3729 793 3804; x_wconf 87' lang='lat' dir='ltr'>salutari</span> <span class='ocrx_word' id='word_1_245' title='bbox 822 3725 1031 3800; x_wconf 91' lang='lat' dir='ltr'>interierint.</span> <span class='ocrx_word' id='word_1_246' title='bbox 1054 3725 1182 3798; x_wconf 87' lang='lat' dir='ltr'>Paucis</span> <span class='ocrx_word' id='word_1_247' title='bbox 1211 3731 1291 3819; x_wconf 91' lang='lat' dir='ltr'>post</span> <span class='ocrx_word' id='word_1_248' title='bbox 1321 3722 1457 3806; x_wconf 71' lang='lat' dir='ltr'>diebus</span> <span class='ocrx_word' id='word_1_249' title='bbox 1483 3744 1561 3793; x_wconf 92' lang='lat' dir='ltr'>cum</span> <span class='ocrx_word' id='word_1_250' title='bbox 1592 3721 1686 3794; x_wconf 88' lang='lat' dir='ltr'>Socii</span> <span class='ocrx_word' id='word_1_251' title='bbox 1712 3722 1792 3794; x_wconf 89' lang='lat' dir='ltr'>illac</span> <span class='ocrx_word' id='word_1_252' title='bbox 1822 3731 2023 3819; x_wconf 84' lang='lat' dir='ltr'>pergerent,</span> <span class='ocrx_word' id='word_1_253' title='bbox 2046 3724 2277 3797; x_wconf 89' lang='lat' dir='ltr'>deformatum</span> 
     </span>
     <span class='ocr_line' id='line_1_25' title="bbox 644 3845 2277 3944; baseline -0.002 -20"><span class='ocrx_word' id='word_1_254' title='bbox 644 3853 793 3924; x_wconf 91' lang='lat' dir='ltr'>eundem</span> <span class='ocrx_word' id='word_1_255' title='bbox 820 3849 1029 3922; x_wconf 86' lang='lat' dir='ltr'>offendunt:</span> <span class='ocrx_word' id='word_1_256' title='bbox 1051 3848 1329 3944; x_wconf 71' lang='lat' dir='ltr'>faciapectore,</span> <span class='ocrx_word' id='word_1_257' title='bbox 1350 3845 1509 3918; x_wconf 89' lang='lat' dir='ltr'>manibus</span> <span class='ocrx_word' id='word_1_258' title='bbox 1538 3845 1665 3918; x_wconf 89' lang='lat' dir='ltr'>misere</span> <span class='ocrx_word' id='word_1_259' title='bbox 1695 3846 1909 3933; x_wconf 88' lang='lat' dir='ltr'>ustulatum;</span> <span class='ocrx_word' id='word_1_260' title='bbox 1942 3847 2035 3942; x_wconf 89' lang='lat' dir='ltr'>quod</span> <span class='ocrx_word' id='word_1_261' title='bbox 2061 3846 2173 3943; x_wconf 89' lang='lat' dir='ltr'>pridie</span> <span class='ocrx_word' id='word_1_262' title='bbox 2199 3849 2277 3943; x_wconf 89' lang='lat' dir='ltr'>ejus</span> 
     </span>
     <span class='ocr_line' id='line_1_26' title="bbox 644 3966 2276 4070; baseline -0.003 -23"><span class='ocrx_word' id='word_1_263' title='bbox 644 3976 725 4061; x_wconf 90' lang='lat' dir='ltr'>diei,</span> <span class='ocrx_word' id='word_1_264' title='bbox 746 3975 899 4049; x_wconf 92' lang='lat' dir='ltr'>incendii</span> <span class='ocrx_word' id='word_1_265' title='bbox 926 3975 962 4046; x_wconf 94' lang='lat' dir='ltr'>in</span> <span class='ocrx_word' id='word_1_266' title='bbox 992 3975 1209 4070; x_wconf 83' lang='lat' dir='ltr'>hypocausto</span> <span class='ocrx_word' id='word_1_267' title='bbox 1239 3967 1484 4061; x_wconf 67' lang='lat' dir='ltr'>excitatique</span> <span class='ocrx_word' id='word_1_268' title='bbox 1515 3966 1595 4040; x_wconf 87' lang='lat' dir='ltr'>duee</span> <span class='ocrx_word' id='word_1_269' title='bbox 1621 3968 1705 4041; x_wconf 89' lang='lat' dir='ltr'>filiae</span> <span class='ocrx_word' id='word_1_270' title='bbox 1732 3993 1805 4042; x_wconf 88' lang='lat' dir='ltr'>suae</span> <span class='ocrx_word' id='word_1_271' title='bbox 1836 3969 2045 4065; x_wconf 88' lang='lat' dir='ltr'>absumptae,</span> <span class='ocrx_word' id='word_1_272' title='bbox 2074 3992 2175 4044; x_wconf 88' lang='lat' dir='ltr'>serus</span> <span class='ocrx_word' id='word_1_273' title='bbox 2201 3969 2276 4064; x_wconf 86' lang='lat' dir='ltr'>jam</span> 
     </span>
     <span class='ocr_line' id='line_1_27' title="bbox 643 4091 2277 4194; baseline -0.004 -22"><span class='ocrx_word' id='word_1_274' title='bbox 643 4102 689 4173; x_wconf 87' lang='lat' dir='ltr'>ed</span> <span class='ocrx_word' id='word_1_275' title='bbox 723 4122 824 4194; x_wconf 90' lang='lat' dir='ltr'>opem</span> <span class='ocrx_word' id='word_1_276' title='bbox 850 4099 888 4170; x_wconf 91' lang='lat' dir='ltr'>in</span> <span class='ocrx_word' id='word_1_277' title='bbox 916 4097 1075 4170; x_wconf 87' lang='lat' dir='ltr'>flammas</span> <span class='ocrx_word' id='word_1_278' title='bbox 1106 4120 1145 4168; x_wconf 92' lang='lat' dir='ltr'>se</span> <span class='ocrx_word' id='word_1_279' title='bbox 1175 4095 1391 4189; x_wconf 86' lang='lat' dir='ltr'>conjecisset.</span> <span class='ocrx_word' id='word_1_280' title='bbox 1432 4091 1514 4164; x_wconf 93' lang='lat' dir='ltr'>Non</span> <span class='ocrx_word' id='word_1_281' title='bbox 1544 4092 1883 4185; x_wconf 88' lang='lat' dir='ltr'>praetermittendam</span> <span class='ocrx_word' id='word_1_282' title='bbox 1915 4093 1968 4166; x_wconf 92' lang='lat' dir='ltr'>illi</span> <span class='ocrx_word' id='word_1_283' title='bbox 1995 4101 2164 4190; x_wconf 89' lang='lat' dir='ltr'>putarunt</span> <span class='ocrx_word' id='word_1_284' title='bbox 2197 4117 2277 4166; x_wconf 89' lang='lat' dir='ltr'>eam</span> 
     </span>
     <span class='ocr_line' id='line_1_28' title="bbox 643 4220 2277 4318; baseline -0.002 -19"><span class='ocrx_word' id='word_1_285' title='bbox 643 4225 885 4300; x_wconf 89' lang='lat' dir='ltr'>commonendi</span> <span class='ocrx_word' id='word_1_286' title='bbox 916 4223 1212 4318; x_wconf 90' lang='lat' dir='ltr'>opportunitatem</span> <span class='ocrx_word' id='word_1_287' title='bbox 1238 4220 1406 4304; x_wconf 92' lang='lat' dir='ltr'>hominis;</span> <span class='ocrx_word' id='word_1_288' title='bbox 1437 4221 1465 4292; x_wconf 93' lang='lat' dir='ltr'>si</span> <span class='ocrx_word' id='word_1_289' title='bbox 1496 4221 1585 4291; x_wconf 89' lang='lat' dir='ltr'>sorte</span> <span class='ocrx_word' id='word_1_290' title='bbox 1612 4220 1748 4314; x_wconf 91' lang='lat' dir='ltr'>culpam</span> <span class='ocrx_word' id='word_1_291' title='bbox 1787 4227 1997 4314; x_wconf 83' lang='lat' dir='ltr'>agnosceret</span> <span class='ocrx_word' id='word_1_292' title='bbox 2022 4243 2136 4306; x_wconf 89' lang='lat' dir='ltr'>suam,</span> <span class='ocrx_word' id='word_1_293' title='bbox 2156 4221 2277 4316; x_wconf 85' lang='lat' dir='ltr'>itaque</span> 
     </span>
     <span class='ocr_line' id='line_1_29' title="bbox 643 4342 2276 4448; baseline -0.006 -22"><span class='ocrx_word' id='word_1_294' title='bbox 643 4362 748 4448; x_wconf 88' lang='lat' dir='ltr'>caput</span> <span class='ocrx_word' id='word_1_295' title='bbox 781 4351 1014 4446; x_wconf 85' lang='lat' dir='ltr'>gravioribus,</span> <span class='ocrx_word' id='word_1_296' title='bbox 1048 4349 1174 4444; x_wconf 90' lang='lat' dir='ltr'>quibus</span> <span class='ocrx_word' id='word_1_297' title='bbox 1204 4346 1351 4418; x_wconf 82' lang='lat' dir='ltr'>lustitia</span> <span class='ocrx_word' id='word_1_298' title='bbox 1383 4343 1502 4416; x_wconf 90' lang='lat' dir='ltr'>divina</span> <span class='ocrx_word' id='word_1_299' title='bbox 1532 4352 1689 4415; x_wconf 88' lang='lat' dir='ltr'>mactare</span> <span class='ocrx_word' id='word_1_300' title='bbox 1719 4350 1851 4439; x_wconf 89' lang='lat' dir='ltr'>posset,</span> <span class='ocrx_word' id='word_1_301' title='bbox 1880 4343 2094 4416; x_wconf 92' lang='lat' dir='ltr'>subduceret</span> <span class='ocrx_word' id='word_1_302' title='bbox 2117 4342 2276 4438; x_wconf 90' lang='lat' dir='ltr'>prudens</span> 
     </span>
     <span class='ocr_line' id='line_1_30' title="bbox 644 4466 2278 4572; baseline -0.002 -23"><span class='ocrx_word' id='word_1_303' title='bbox 644 4475 835 4572; x_wconf 79' lang='lat' dir='ltr'>suppliciis.</span> <span class='ocrx_word' id='word_1_304' title='bbox 861 4507 878 4536; x_wconf 71' lang='grc' dir='ltr'><strong><em>α</em></strong></span> <span class='ocrx_word' id='word_1_305' title='bbox 896 4474 944 4547; x_wconf 81' lang='lat' dir='ltr'>At</span> <span class='ocrx_word' id='word_1_306' title='bbox 971 4473 1043 4558; x_wconf 93' lang='lat' dir='ltr'>ille,</span> <span class='ocrx_word' id='word_1_307' title='bbox 1063 4471 1180 4568; x_wconf 83' lang='lat' dir='ltr'>plagis</span> <span class='ocrx_word' id='word_1_308' title='bbox 1198 4468 1310 4540; x_wconf 92' lang='lat' dir='ltr'>nihilo</span> <span class='ocrx_word' id='word_1_309' title='bbox 1330 4467 1467 4550; x_wconf 89' lang='lat' dir='ltr'>melior,</span> <span class='ocrx_word' id='word_1_310' title='bbox 1488 4466 1571 4561; x_wconf 93' lang='lat' dir='ltr'>quin</span> <span class='ocrx_word' id='word_1_311' title='bbox 1598 4467 1814 4561; x_wconf 89' lang='lat' dir='ltr'>pervicacior</span> <span class='ocrx_word' id='word_1_312' title='bbox 1840 4470 1961 4552; x_wconf 90' lang='lat' dir='ltr'>etiam,</span> <span class='ocrx_word' id='word_1_313' title='bbox 1982 4490 2218 4540; x_wconf 87' lang='lat' dir='ltr'>aerumnosum</span> <span class='ocrx_word' id='word_1_314' title='bbox 2237 4493 2278 4544; x_wconf 89' lang='lat' dir='ltr'>se</span> 
     </span>
     <span class='ocr_line' id='line_1_31' title="bbox 647 4590 2277 4694; baseline -0.003 -23"><span class='ocrx_word' id='word_1_315' title='bbox 647 4628 664 4660; x_wconf 74' lang='grc' dir='ltr'>κ</span> <span class='ocrx_word' id='word_1_316' title='bbox 685 4600 842 4694; x_wconf 85' lang='lat' dir='ltr'>quidem,</span> <span class='ocrx_word' id='word_1_317' title='bbox 863 4598 924 4671; x_wconf 91' lang='lat' dir='ltr'>sed</span> <span class='ocrx_word' id='word_1_318' title='bbox 943 4598 1092 4692; x_wconf 90' lang='lat' dir='ltr'>probum</span> <span class='ocrx_word' id='word_1_319' title='bbox 1116 4596 1230 4666; x_wconf 87' lang='lat' dir='ltr'>virum</span> <span class='ocrx_word' id='word_1_320' title='bbox 1256 4593 1373 4664; x_wconf 90' lang='lat' dir='ltr'>dicere</span> <span class='ocrx_word' id='word_1_321' title='bbox 1395 4617 1402 4663; x_wconf 92' lang='lat'>:</span> <span class='ocrx_word' id='word_1_322' title='bbox 1422 4612 1494 4662; x_wconf 92' lang='lat' dir='ltr'>non</span> <span class='ocrx_word' id='word_1_323' title='bbox 1512 4590 1675 4664; x_wconf 86' lang='lat' dir='ltr'>dubitare</span> <span class='ocrx_word' id='word_1_324' title='bbox 1702 4615 1752 4676; x_wconf 88' lang='lat' dir='ltr'>se,</span> <span class='ocrx_word' id='word_1_325' title='bbox 1769 4593 1854 4686; x_wconf 90' lang='lat' dir='ltr'>quin</span> <span class='ocrx_word' id='word_1_326' title='bbox 1873 4593 1962 4666; x_wconf 91' lang='lat' dir='ltr'>bene</span> <span class='ocrx_word' id='word_1_327' title='bbox 1980 4599 2093 4664; x_wconf 89' lang='lat' dir='ltr'>actum</span> <span class='ocrx_word' id='word_1_328' title='bbox 2125 4593 2172 4664; x_wconf 89' lang='lat' dir='ltr'>sit</span> <span class='ocrx_word' id='word_1_329' title='bbox 2196 4617 2277 4666; x_wconf 90' lang='lat' dir='ltr'>cum</span> 
     </span>
     <span class='ocr_line' id='line_1_32' title="bbox 647 4714 2279 4820; baseline -0.005 -23"><span class='ocrx_word' id='word_1_330' title='bbox 647 4755 664 4786; x_wconf 69' lang='grc' dir='ltr'>κ</span> <span class='ocrx_word' id='word_1_331' title='bbox 685 4725 784 4820; x_wconf 92' lang='lat' dir='ltr'>prole</span> <span class='ocrx_word' id='word_1_332' title='bbox 802 4747 879 4808; x_wconf 88' lang='lat' dir='ltr'>sua,</span> <span class='ocrx_word' id='word_1_333' title='bbox 899 4731 1043 4819; x_wconf 88' lang='lat' dir='ltr'>propter</span> <span class='ocrx_word' id='word_1_334' title='bbox 1070 4745 1170 4794; x_wconf 89' lang='lat' dir='ltr'>suam</span> <span class='ocrx_word' id='word_1_335' title='bbox 1195 4719 1328 4793; x_wconf 90' lang='lat' dir='ltr'>scilicet</span> <span class='ocrx_word' id='word_1_336' title='bbox 1345 4717 1502 4812; x_wconf 88' lang='lat' dir='ltr'>parentis</span> <span class='ocrx_word' id='word_1_337' title='bbox 1521 4717 1754 4789; x_wconf 87' lang='lat' dir='ltr'>sanctitatem.</span> <span class='ocrx_word' id='word_1_338' title='bbox 1781 4751 1796 4782; x_wconf 66' lang='lat' dir='ltr'>n</span> <span class='ocrx_word' id='word_1_339' title='bbox 1816 4714 1913 4794; x_wconf 81' lang='lat' dir='ltr'>Quid</span> <span class='ocrx_word' id='word_1_340' title='bbox 1928 4714 2050 4810; x_wconf 74' lang='lat' dir='ltr'>plural</span> <span class='ocrx_word' id='word_1_341' title='bbox 2070 4715 2219 4788; x_wconf 85' lang='lat' dir='ltr'>alterum</span> <span class='ocrx_word' id='word_1_342' title='bbox 2237 4739 2279 4789; x_wconf 87' lang='lat' dir='ltr'>se</span> 
     </span>
     <span class='ocr_line' id='line_1_33' title="bbox 644 4833 2278 4948; baseline -0.007 -24"><span class='ocrx_word' id='word_1_343' title='bbox 644 4851 828 4948; x_wconf 89' lang='lat' dir='ltr'>impudens</span> <span class='ocrx_word' id='word_1_344' title='bbox 863 4850 884 4921; x_wconf 89' lang='lat' dir='ltr'>J</span> <span class='ocrx_word' id='word_1_345' title='bbox 889 4849 993 4920; x_wconf 90' lang='lat' dir='ltr'>obum</span> <span class='ocrx_word' id='word_1_346' title='bbox 1027 4847 1232 4942; x_wconf 85' lang='lat' dir='ltr'>praedicare.</span> <span class='ocrx_word' id='word_1_347' title='bbox 1267 4845 1314 4917; x_wconf 87' lang='lat' dir='ltr'>Et</span> <span class='ocrx_word' id='word_1_348' title='bbox 1345 4833 1460 4922; x_wconf 86' lang='lat' dir='ltr'>erant,</span> <span class='ocrx_word' id='word_1_349' title='bbox 1495 4840 1525 4910; x_wconf 91' lang='lat' dir='ltr'>si</span> <span class='ocrx_word' id='word_1_350' title='bbox 1554 4838 1719 4912; x_wconf 88' lang='lat' dir='ltr'>crederes</span> <span class='ocrx_word' id='word_1_351' title='bbox 1757 4835 1901 4922; x_wconf 91' lang='lat' dir='ltr'>homini,</span> <span class='ocrx_word' id='word_1_352' title='bbox 1935 4859 1992 4910; x_wconf 91' lang='lat' dir='ltr'>res</span> <span class='ocrx_word' id='word_1_353' title='bbox 2021 4859 2103 4909; x_wconf 86' lang='lat' dir='ltr'>snas</span> <span class='ocrx_word' id='word_1_354' title='bbox 2132 4837 2278 4912; x_wconf 88' lang='lat' dir='ltr'>minime</span> 
     </span>
     <span class='ocr_line' id='line_1_34' title="bbox 643 4959 2276 5067; baseline -0.012 -18"><span class='ocrx_word' id='word_1_355' title='bbox 643 4974 862 5058; x_wconf 80' lang='lat' dir='ltr'>extendenti,</span> <span class='ocrx_word' id='word_1_356' title='bbox 884 4995 968 5067; x_wconf 90' lang='lat' dir='ltr'>opes</span> <span class='ocrx_word' id='word_1_357' title='bbox 986 4995 1094 5065; x_wconf 88' lang='lat' dir='ltr'>prope</span> <span class='ocrx_word' id='word_1_358' title='bbox 1124 4970 1228 5054; x_wconf 86' lang='lat' dir='ltr'>Jobi;</span> <span class='ocrx_word' id='word_1_359' title='bbox 1257 4969 1294 5039; x_wconf 93' lang='lat' dir='ltr'>in</span> <span class='ocrx_word' id='word_1_360' title='bbox 1319 4989 1387 5060; x_wconf 88' lang='lat' dir='ltr'>quo</span> <span class='ocrx_word' id='word_1_361' title='bbox 1404 4971 1523 5035; x_wconf 90' lang='lat' dir='ltr'>tamen</span> <span class='ocrx_word' id='word_1_362' title='bbox 1549 4961 1682 5034; x_wconf 92' lang='lat' dir='ltr'>nullum</span> <span class='ocrx_word' id='word_1_363' title='bbox 1710 4959 1826 5030; x_wconf 88' lang='lat' dir='ltr'>inerat</span> <span class='ocrx_word' id='word_1_364' title='bbox 1843 4959 2032 5054; x_wconf 84' lang='lat' dir='ltr'>vestigium</span> <span class='ocrx_word' id='word_1_365' title='bbox 2051 4981 2117 5031; x_wconf 90' lang='lat' dir='ltr'>nec</span> <span class='ocrx_word' id='word_1_366' title='bbox 2142 4959 2276 5054; x_wconf 88' lang='lat' dir='ltr'>simpli-</span> 
     </span>
     <span class='ocr_line' id='line_1_35' title="bbox 643 5082 2279 5190; baseline -0.009 -18"><span class='ocrx_word' id='word_1_367' title='bbox 643 5099 772 5184; x_wconf 89' lang='lat' dir='ltr'>citatis,</span> <span class='ocrx_word' id='word_1_368' title='bbox 790 5119 855 5169; x_wconf 91' lang='lat' dir='ltr'>nec</span> <span class='ocrx_word' id='word_1_369' title='bbox 868 5095 1030 5190; x_wconf 79' lang='lat' dir='ltr'>justitiae,</span> <span class='ocrx_word' id='word_1_370' title='bbox 1051 5116 1116 5166; x_wconf 89' lang='lat' dir='ltr'>nec</span> <span class='ocrx_word' id='word_1_371' title='bbox 1133 5092 1270 5164; x_wconf 90' lang='lat' dir='ltr'>timoris</span> <span class='ocrx_word' id='word_1_372' title='bbox 1289 5089 1411 5162; x_wconf 90' lang='lat' dir='ltr'>divini.</span> <span class='ocrx_word' id='word_1_373' title='bbox 1433 5089 1544 5160; x_wconf 89' lang='lat' dir='ltr'>Pares</span> <span class='ocrx_word' id='word_1_374' title='bbox 1574 5084 1687 5159; x_wconf 91' lang='lat' dir='ltr'>eidem</span> <span class='ocrx_word' id='word_1_375' title='bbox 1701 5084 1850 5178; x_wconf 87' lang='lat' dir='ltr'>justitiae</span> <span class='ocrx_word' id='word_1_376' title='bbox 1868 5107 1992 5179; x_wconf 85' lang='lat' dir='ltr'>poenas</span> <span class='ocrx_word' id='word_1_377' title='bbox 2009 5082 2107 5155; x_wconf 91' lang='lat' dir='ltr'>dedit</span> <span class='ocrx_word' id='word_1_378' title='bbox 2124 5084 2279 5158; x_wconf 89' lang='lat' dir='ltr'>ministri</span> 
     </span>
     <span class='ocr_line' id='line_1_36' title="bbox 641 5206 2276 5307; baseline -0.009 -11"><span class='ocrx_word' id='word_1_379' title='bbox 641 5245 730 5296; x_wconf 88' lang='lat' dir='ltr'>uxor</span> <span class='ocrx_word' id='word_1_380' title='bbox 762 5219 897 5293; x_wconf 88' lang='lat' dir='ltr'>Ariani.</span> <span class='ocrx_word' id='word_1_381' title='bbox 936 5217 1024 5288; x_wconf 91' lang='lat' dir='ltr'>Haec</span> <span class='ocrx_word' id='word_1_382' title='bbox 1057 5239 1135 5289; x_wconf 91' lang='lat' dir='ltr'>cum</span> <span class='ocrx_word' id='word_1_383' title='bbox 1178 5215 1234 5285; x_wconf 88' lang='lat' dir='ltr'>die</span> <span class='ocrx_word' id='word_1_384' title='bbox 1273 5212 1437 5307; x_wconf 90' lang='lat' dir='ltr'>quodam,</span> <span class='ocrx_word' id='word_1_385' title='bbox 1473 5215 1708 5304; x_wconf 92' lang='lat' dir='ltr'>opportunum</span> <span class='ocrx_word' id='word_1_386' title='bbox 1744 5215 1848 5279; x_wconf 84' lang='lat' dir='ltr'>nacta</span> <span class='ocrx_word' id='word_1_387' title='bbox 1877 5208 1924 5279; x_wconf 92' lang='lat' dir='ltr'>ad</span> <span class='ocrx_word' id='word_1_388' title='bbox 1958 5206 2091 5282; x_wconf 89' lang='lat' dir='ltr'>crimen</span> <span class='ocrx_word' id='word_1_389' title='bbox 2120 5213 2276 5304; x_wconf 87' lang='lat' dir='ltr'>tempus,</span> 
     </span>
    </p>
   </div>
   <div class='ocr_carea' id='block_1_5' title="bbox 0 0 2452 6646">
    <p class='ocr_par' dir='ltr' id='par_1_15' title="bbox 0 0 2452 6646">
     <span class='ocr_line' id='line_1_37' title="bbox 0 0 2452 6646; baseline 0 0"><span class='ocrx_word' id='word_1_390' title='bbox 0 0 2452 6646; x_wconf 95' lang='lat' dir='ltr'> </span> 
     </span>
    </p>
   </div>
  </div>
 </body>
</html>
