<?xml version="1.0" encoding="UTF-8"?>
<!DOCTYPE html PUBLIC "-//W3C//DTD XHTML 1.0 Transitional//EN"
    "http://www.w3.org/TR/xhtml1/DTD/xhtml1-transitional.dtd">
<html xmlns="http://www.w3.org/1999/xhtml" xml:lang="en" lang="en">
 <head>
  <title>
</title>
<meta http-equiv="Content-Type" content="text/html;charset=utf-8" />
  <meta name='ocr-system' content='tesseract 3.04.00' />
  <meta name='ocr-capabilities' content='ocr_page ocr_carea ocr_par ocr_line ocrx_word'/>
</head>
<body>
  <div class='ocr_page' id='page_1' title='image "./lituanicarumsoc00rostgoog_0401.png"; bbox 0 0 4936 6658; ppageno 0'>
   <div class='ocr_carea' id='block_1_1' title="bbox 626 751 1914 842">
    <p class='ocr_par' dir='ltr' id='par_1_1' title="bbox 626 751 1914 842">
     <span class='ocr_line' id='line_1_1' title="bbox 626 751 1914 842; baseline -0.003 -22"><span class='ocrx_word' id='word_1_1' title='bbox 626 751 688 821; x_wconf 79' lang='lat'><strong>374</strong></span> <span class='ocrx_word' id='word_1_2' title='bbox 856 833 861 842; x_wconf 29' lang='grc'>1</span> <span class='ocrx_word' id='word_1_3' title='bbox 1015 755 1294 822; x_wconf 78' lang='lat' dir='ltr'><strong>LllUleCdelll</strong></span> <span class='ocrx_word' id='word_1_4' title='bbox 1317 757 1532 822; x_wconf 71' lang='lat' dir='ltr'><strong>sociamus</strong></span> <span class='ocrx_word' id='word_1_5' title='bbox 1551 759 1637 822; x_wconf 81' lang='lat' dir='ltr'>JESU</span> <span class='ocrx_word' id='word_1_6' title='bbox 1660 756 1914 822; x_wconf 77' lang='lat' dir='ltr'><strong>Htsrosrnuuu</strong></span> 
     </span>
    </p>
   </div>
   <div class='ocr_carea' id='block_1_2' title="bbox 442 943 2257 4538">
    <p class='ocr_par' dir='ltr' id='par_1_2' title="bbox 453 943 2257 1169">
     <span class='ocr_line' id='line_1_2' title="bbox 453 943 2257 1045; baseline 0 -27"><span class='ocrx_word' id='word_1_7' title='bbox 453 948 518 1006; x_wconf 78' lang='lat'>¹654</span> <span class='ocrx_word' id='word_1_8' title='bbox 624 949 679 1018; x_wconf 89' lang='lat' dir='ltr'><strong>est</strong></span> <span class='ocrx_word' id='word_1_9' title='bbox 695 943 809 1040; x_wconf 83' lang='lat' dir='ltr'>pridie</span> <span class='ocrx_word' id='word_1_10' title='bbox 827 966 939 1018; x_wconf 91' lang='lat' dir='ltr'><strong>nonas</strong></span> <span class='ocrx_word' id='word_1_11' title='bbox 953 945 1181 1040; x_wconf 82' lang='lat' dir='ltr'><strong>septembres.</strong></span> <span class='ocrx_word' id='word_1_12' title='bbox 1213 946 1398 1020; x_wconf 88' lang='lat' dir='ltr'><strong>Nondum</strong></span> <span class='ocrx_word' id='word_1_13' title='bbox 1424 948 1590 1022; x_wconf 89' lang='lat' dir='ltr'><strong>sacerdos</strong></span> <span class='ocrx_word' id='word_1_14' title='bbox 1608 946 1831 1045; x_wconf 84' lang='lat' dir='ltr'><strong>disciplinam</strong></span> <span class='ocrx_word' id='word_1_15' title='bbox 1848 946 2031 1042; x_wconf 90' lang='lat' dir='ltr'><strong>utriusque</strong></span> <span class='ocrx_word' id='word_1_16' title='bbox 2045 945 2257 1041; x_wconf 88' lang='lat' dir='ltr'><strong>eloquentiae</strong></span> 
     </span>
     <span class='ocr_line' id='line_1_3' title="bbox 622 1069 2252 1169; baseline 0.001 -28"><span class='ocrx_word' id='word_1_17' title='bbox 622 1069 802 1164; x_wconf 83' lang='lat' dir='ltr'><strong>professus</strong></span> <span class='ocrx_word' id='word_1_18' title='bbox 829 1075 884 1142; x_wconf 89' lang='lat' dir='ltr'><strong>est</strong></span> <span class='ocrx_word' id='word_1_19' title='bbox 901 1069 1091 1142; x_wconf 81' lang='lat' dir='ltr'><strong>triennium</strong></span> <span class='ocrx_word' id='word_1_20' title='bbox 1113 1095 1121 1142; x_wconf 74' lang='grc' dir='ltr'>ε</span> <span class='ocrx_word' id='word_1_21' title='bbox 1147 1070 1276 1144; x_wconf 89' lang='lat' dir='ltr'><strong>deinde</strong></span> <span class='ocrx_word' id='word_1_22' title='bbox 1296 1071 1453 1146; x_wconf 87' lang='lat' dir='ltr'><strong>initiatus</strong></span> <span class='ocrx_word' id='word_1_23' title='bbox 1465 1074 1555 1169; x_wconf 91' lang='lat' dir='ltr'><strong>jam,</strong></span> <span class='ocrx_word' id='word_1_24' title='bbox 1577 1074 1787 1147; x_wconf 79' lang='lat' dir='ltr'><strong>rhetoricam</strong></span> <span class='ocrx_word' id='word_1_25' title='bbox 1813 1071 1849 1143; x_wconf 90' lang='lat' dir='ltr'><strong>in</strong></span> <span class='ocrx_word' id='word_1_26' title='bbox 1870 1069 2020 1164; x_wconf 91' lang='lat' dir='ltr'><strong>collegio</strong></span> <span class='ocrx_word' id='word_1_27' title='bbox 2038 1069 2252 1143; x_wconf 89' lang='lat' dir='ltr'><strong>academico.</strong></span> 
     </span>
    </p>

    <p class='ocr_par' dir='ltr' id='par_1_3' title="bbox 623 1191 2257 1292">
     <span class='ocr_line' id='line_1_4' title="bbox 623 1191 2257 1292; baseline 0.001 -27"><span class='ocrx_word' id='word_1_28' title='bbox 623 1191 689 1265; x_wconf 88' lang='lat' dir='ltr'><strong>Vir</strong></span> <span class='ocrx_word' id='word_1_29' title='bbox 718 1193 862 1287; x_wconf 92' lang='lat' dir='ltr'><strong>ingenio</strong></span> <span class='ocrx_word' id='word_1_30' title='bbox 892 1193 980 1279; x_wconf 90' lang='lat' dir='ltr'><strong>miti,</strong></span> <span class='ocrx_word' id='word_1_31' title='bbox 1015 1194 1206 1288; x_wconf 74' lang='lat' dir='ltr'><strong>praesidum</strong></span> <span class='ocrx_word' id='word_1_32' title='bbox 1236 1218 1415 1282; x_wconf 71' lang='lat' dir='ltr'><strong>reverens</strong></span> <span class='ocrx_word' id='word_1_33' title='bbox 1447 1198 1636 1292; x_wconf 85' lang='lat' dir='ltr'><strong>aequalium</strong></span> <span class='ocrx_word' id='word_1_34' title='bbox 1675 1199 1883 1281; x_wconf 88' lang='lat' dir='ltr'><strong>observans,</strong></span> <span class='ocrx_word' id='word_1_35' title='bbox 1918 1195 2071 1268; x_wconf 90' lang='lat' dir='ltr'><strong>instituti</strong></span> <span class='ocrx_word' id='word_1_36' title='bbox 2097 1194 2257 1289; x_wconf 86' lang='lat' dir='ltr'><strong>religiosi</strong></span> 
     </span>
    </p>

    <p class='ocr_par' dir='ltr' id='par_1_4' title="bbox 496 1317 2255 1538">
     <span class='ocr_line' id='line_1_5' title="bbox 496 1317 2255 1416; baseline 0.002 -28"><span class='ocrx_word' id='word_1_37' title='bbox 496 1402 499 1408; x_wconf 11' lang='lat' dir='ltr'>A</span> <span class='ocrx_word' id='word_1_38' title='bbox 623 1339 744 1390; x_wconf 89' lang='lat' dir='ltr'><strong>amans</strong></span> <span class='ocrx_word' id='word_1_39' title='bbox 767 1324 802 1391; x_wconf 88' lang='lat' dir='ltr'><strong>ct</strong></span> <span class='ocrx_word' id='word_1_40' title='bbox 823 1340 967 1392; x_wconf 88' lang='lat' dir='ltr'><strong>severus</strong></span> <span class='ocrx_word' id='word_1_41' title='bbox 985 1317 1030 1392; x_wconf 93' lang='lat' dir='ltr'><strong>ab</strong></span> <span class='ocrx_word' id='word_1_42' title='bbox 1057 1320 1170 1392; x_wconf 90' lang='lat' dir='ltr'><strong>animo</strong></span> <span class='ocrx_word' id='word_1_43' title='bbox 1209 1343 1272 1393; x_wconf 90' lang='lat' dir='ltr'><strong>suo</strong></span> <span class='ocrx_word' id='word_1_44' title='bbox 1299 1330 1467 1408; x_wconf 80' lang='lat' dir='ltr'><strong>exactor,</strong></span> <span class='ocrx_word' id='word_1_45' title='bbox 1501 1323 1615 1397; x_wconf 93' lang='lat' dir='ltr'><strong>cultor</strong></span> <span class='ocrx_word' id='word_1_46' title='bbox 1632 1324 1759 1396; x_wconf 89' lang='lat' dir='ltr'><strong>Beatae</strong></span> <span class='ocrx_word' id='word_1_47' title='bbox 1782 1319 1942 1416; x_wconf 81' lang='lat' dir='ltr'><strong>Virginis</strong></span> <span class='ocrx_word' id='word_1_48' title='bbox 1972 1325 2008 1392; x_wconf 91' lang='lat' dir='ltr'><strong>et</strong></span> <span class='ocrx_word' id='word_1_49' title='bbox 2039 1319 2094 1392; x_wconf 92' lang='lat' dir='ltr'><strong>sui</strong></span> <span class='ocrx_word' id='word_1_50' title='bbox 2125 1319 2255 1416; x_wconf 84' lang='lat' dir='ltr'><strong>Sponsi</strong></span> 
     </span>
     <span class='ocr_line' id='line_1_6' title="bbox 626 1442 975 1538; baseline 0.014 -26"><span class='ocrx_word' id='word_1_51' title='bbox 626 1442 779 1538; x_wconf 88' lang='lat' dir='ltr'><strong>virginci</strong></span> <span class='ocrx_word' id='word_1_52' title='bbox 809 1442 975 1538; x_wconf 87' lang='lat' dir='ltr'><strong>diligens.</strong></span> 
     </span>
    </p>

    <p class='ocr_par' dir='ltr' id='par_1_5' title="bbox 449 1525 2252 2166">
     <span class='ocr_line' id='line_1_7' title="bbox 450 1525 2251 1668; baseline 0.003 -31"><span class='ocrx_word' id='word_1_53' title='bbox 450 1525 545 1660; x_wconf 50' lang='lat' dir='ltr'><strong>mg</strong></span> <span class='ocrx_word' id='word_1_54' title='bbox 674 1566 922 1641; x_wconf 87' lang='lat' dir='ltr'><strong>Evastantibus</strong></span> <span class='ocrx_word' id='word_1_55' title='bbox 934 1568 1133 1642; x_wconf 89' lang='lat' dir='ltr'><strong>Lituaniam</strong></span> <span class='ocrx_word' id='word_1_56' title='bbox 1144 1577 1179 1645; x_wconf 90' lang='lat' dir='ltr'><strong>et</strong></span> <span class='ocrx_word' id='word_1_57' title='bbox 1193 1571 1400 1666; x_wconf 88' lang='lat' dir='ltr'><strong>conjunctas</strong></span> <span class='ocrx_word' id='word_1_58' title='bbox 1411 1573 1608 1668; x_wconf 88' lang='lat' dir='ltr'><strong>provincias</strong></span> <span class='ocrx_word' id='word_1_59' title='bbox 1625 1571 1784 1644; x_wconf 89' lang='lat' dir='ltr'><strong>Moschis</strong></span> <span class='ocrx_word' id='word_1_60' title='bbox 1794 1576 1829 1645; x_wconf 92' lang='lat' dir='ltr'><strong>et</strong></span> <span class='ocrx_word' id='word_1_61' title='bbox 1843 1569 2083 1667; x_wconf 89' lang='lat' dir='ltr'><strong>perduellibus</strong></span> <span class='ocrx_word' id='word_1_62' title='bbox 2094 1567 2251 1654; x_wconf 83' lang='lat' dir='ltr'><strong>Cosacis,</strong></span> 
     </span>
     <span class='ocr_line' id='line_1_8' title="bbox 451 1682 2251 1818; baseline 0.002 -54"><span class='ocrx_word' id='word_1_63' title='bbox 451 1682 591 1818; x_wconf 56' lang='lat' dir='ltr'><strong>hhaehlhthi</strong></span> <span class='ocrx_word' id='word_1_64' title='bbox 623 1693 778 1765; x_wconf 87' lang='lat' dir='ltr'><strong>conciter</strong></span> <span class='ocrx_word' id='word_1_65' title='bbox 793 1693 953 1778; x_wconf 88' lang='lat' dir='ltr'><strong>istorum,</strong></span> <span class='ocrx_word' id='word_1_66' title='bbox 984 1703 1019 1768; x_wconf 88' lang='lat' dir='ltr'><strong>et</strong></span> <span class='ocrx_word' id='word_1_67' title='bbox 1043 1694 1127 1768; x_wconf 90' lang='lat' dir='ltr'><strong>belli</strong></span> <span class='ocrx_word' id='word_1_68' title='bbox 1145 1696 1283 1769; x_wconf 89' lang='lat' dir='ltr'><strong>servilis</strong></span> <span class='ocrx_word' id='word_1_69' title='bbox 1296 1699 1399 1770; x_wconf 91' lang='lat' dir='ltr'><strong>turbo</strong></span> <span class='ocrx_word' id='word_1_70' title='bbox 1420 1697 1693 1771; x_wconf 85' lang='lat' dir='ltr'><strong>Chmielnickius</strong></span> <span class='ocrx_word' id='word_1_71' title='bbox 1712 1697 1817 1770; x_wconf 84' lang='lat' dir='ltr'><strong>haesit</strong></span> <span class='ocrx_word' id='word_1_72' title='bbox 1835 1696 2051 1769; x_wconf 83' lang='lat' dir='ltr'><strong>Caechriniae</strong></span> <span class='ocrx_word' id='word_1_73' title='bbox 2070 1696 2108 1768; x_wconf 92' lang='lat' dir='ltr'><strong>in</strong></span> <span class='ocrx_word' id='word_1_74' title='bbox 2124 1695 2251 1770; x_wconf 83' lang='lat' dir='ltr'><strong>sunere</strong></span> 
     </span>
     <span class='ocr_line' id='line_1_9' title="bbox 449 1817 2252 1919; baseline 0 -25"><span class='ocrx_word' id='word_1_75' title='bbox 449 1839 572 1896; x_wconf 75' lang='lat' dir='ltr'><strong>formiae-</strong></span> <span class='ocrx_word' id='word_1_76' title='bbox 622 1817 752 1891; x_wconf 90' lang='lat' dir='ltr'><strong>tribuni</strong></span> <span class='ocrx_word' id='word_1_77' title='bbox 771 1819 826 1891; x_wconf 90' lang='lat' dir='ltr'><strong>sui</strong></span> <span class='ocrx_word' id='word_1_78' title='bbox 844 1819 997 1892; x_wconf 87' lang='lat' dir='ltr'><strong>Cosatici</strong></span> <span class='ocrx_word' id='word_1_79' title='bbox 1015 1821 1300 1908; x_wconf 82' lang='lat' dir='ltr'><strong>Zlotarenkonis,</strong></span> <span class='ocrx_word' id='word_1_80' title='bbox 1320 1846 1344 1895; x_wconf 91' lang='lat' dir='ltr'><strong>a</strong></span> <span class='ocrx_word' id='word_1_81' title='bbox 1361 1824 1523 1898; x_wconf 91' lang='lat' dir='ltr'><strong>Lituanis</strong></span> <span class='ocrx_word' id='word_1_82' title='bbox 1542 1824 1636 1919; x_wconf 86' lang='lat' dir='ltr'><strong>apud</strong></span> <span class='ocrx_word' id='word_1_83' title='bbox 1656 1823 1839 1909; x_wconf 86' lang='lat' dir='ltr'><strong>Sklovum‚</strong></span> <span class='ocrx_word' id='word_1_84' title='bbox 1870 1823 2035 1898; x_wconf 90' lang='lat' dir='ltr'><strong>Orsensis</strong></span> <span class='ocrx_word' id='word_1_85' title='bbox 2057 1823 2252 1918; x_wconf 86' lang='lat' dir='ltr'><strong>provinciae</strong></span> 
     </span>
     <span class='ocr_line' id='line_1_10' title="bbox 450 1923 2250 2042; baseline 0.002 -28"><span class='ocrx_word' id='word_1_86' title='bbox 450 1923 511 1982; x_wconf 80' lang='lat' dir='ltr'><strong>aue.</strong></span> <span class='ocrx_word' id='word_1_87' title='bbox 622 1943 801 2038; x_wconf 89' lang='lat' dir='ltr'><strong>oppidum,</strong></span> <span class='ocrx_word' id='word_1_88' title='bbox 818 1945 901 2017; x_wconf 90' lang='lat' dir='ltr'><strong>caesi</strong></span> <span class='ocrx_word' id='word_1_89' title='bbox 917 1944 952 2016; x_wconf 91' lang='lat' dir='ltr'><strong>in</strong></span> <span class='ocrx_word' id='word_1_90' title='bbox 970 1945 1146 2018; x_wconf 91' lang='lat' dir='ltr'><strong>conflictu.</strong></span> <span class='ocrx_word' id='word_1_91' title='bbox 1169 1943 1315 2018; x_wconf 86' lang='lat' dir='ltr'><strong>Inferias</strong></span> <span class='ocrx_word' id='word_1_92' title='bbox 1329 1947 1506 2020; x_wconf 88' lang='lat' dir='ltr'><strong>enimvero</strong></span> <span class='ocrx_word' id='word_1_93' title='bbox 1520 1947 1609 2021; x_wconf 88' lang='lat' dir='ltr'><strong>vidit</strong></span> <span class='ocrx_word' id='word_1_94' title='bbox 1622 1946 1808 2042; x_wconf 82' lang='lat' dir='ltr'><strong>pollinctor</strong></span> <span class='ocrx_word' id='word_1_95' title='bbox 1820 1953 1856 2019; x_wconf 89' lang='lat' dir='ltr'><strong>ct</strong></span> <span class='ocrx_word' id='word_1_96' title='bbox 1868 1969 1907 2019; x_wconf 87' lang='lat' dir='ltr'><strong>se</strong></span> <span class='ocrx_word' id='word_1_97' title='bbox 1921 1952 2122 2042; x_wconf 81' lang='lat' dir='ltr'><strong>spectatore</strong></span> <span class='ocrx_word' id='word_1_98' title='bbox 2136 1954 2172 2020; x_wconf 92' lang='lat' dir='ltr'><strong>et</strong></span> <span class='ocrx_word' id='word_1_99' title='bbox 2184 1969 2250 2020; x_wconf 90' lang='lat' dir='ltr'><strong>suo</strong></span> 
     </span>
     <span class='ocr_line' id='line_1_11' title="bbox 619 2068 2246 2166; baseline 0.002 -28"><span class='ocrx_word' id='word_1_100' title='bbox 619 2068 759 2140; x_wconf 91' lang='lat' dir='ltr'><strong>tribuno</strong></span> <span class='ocrx_word' id='word_1_101' title='bbox 794 2068 935 2164; x_wconf 89' lang='lat' dir='ltr'><strong>dignas.</strong></span> <span class='ocrx_word' id='word_1_102' title='bbox 968 2070 1175 2166; x_wconf 90' lang='lat' dir='ltr'><strong>Depositum</strong></span> <span class='ocrx_word' id='word_1_103' title='bbox 1198 2071 1351 2145; x_wconf 90' lang='lat' dir='ltr'><strong>cadaver</strong></span> <span class='ocrx_word' id='word_1_104' title='bbox 1380 2072 1417 2144; x_wconf 94' lang='lat' dir='ltr'><strong>in</strong></span> <span class='ocrx_word' id='word_1_105' title='bbox 1449 2072 1530 2145; x_wconf 87' lang='lat' dir='ltr'><strong>fano</strong></span> <span class='ocrx_word' id='word_1_106' title='bbox 1565 2073 1790 2147; x_wconf 89' lang='lat' dir='ltr'><strong>Rutenorum</strong></span> <span class='ocrx_word' id='word_1_107' title='bbox 1818 2071 2020 2144; x_wconf 85' lang='lat' dir='ltr'><strong>schismatis</strong></span> <span class='ocrx_word' id='word_1_108' title='bbox 2043 2071 2246 2166; x_wconf 88' lang='lat' dir='ltr'><strong>graecanici,</strong></span> 
     </span>
    </p>

    <p class='ocr_par' dir='ltr' id='par_1_6' title="bbox 619 2192 2250 2407">
     <span class='ocr_line' id='line_1_12' title="bbox 619 2192 2250 2291; baseline 0.003 -27"><span class='ocrx_word' id='word_1_109' title='bbox 619 2215 742 2266; x_wconf 90' lang='lat' dir='ltr'><strong>recens</strong></span> <span class='ocrx_word' id='word_1_110' title='bbox 761 2192 934 2267; x_wconf 88' lang='lat' dir='ltr'><strong>aedificato</strong></span> <span class='ocrx_word' id='word_1_111' title='bbox 949 2217 993 2268; x_wconf 88' lang='lat' dir='ltr'><strong>cx</strong></span> <span class='ocrx_word' id='word_1_112' title='bbox 1006 2196 1154 2291; x_wconf 75' lang='lat' dir='ltr'><strong>rapiniS,</strong></span> <span class='ocrx_word' id='word_1_113' title='bbox 1180 2219 1262 2268; x_wconf 86' lang='lat' dir='ltr'><strong>mox</strong></span> <span class='ocrx_word' id='word_1_114' title='bbox 1279 2196 1508 2270; x_wconf 89' lang='lat' dir='ltr'><strong>humandum.</strong></span> <span class='ocrx_word' id='word_1_115' title='bbox 1530 2197 1599 2270; x_wconf 91' lang='lat' dir='ltr'><strong>Hic</strong></span> <span class='ocrx_word' id='word_1_116' title='bbox 1616 2197 1653 2269; x_wconf 92' lang='lat' dir='ltr'><strong>in</strong></span> <span class='ocrx_word' id='word_1_117' title='bbox 1667 2219 1840 2270; x_wconf 86' lang='lat' dir='ltr'><strong>concursu</strong></span> <span class='ocrx_word' id='word_1_118' title='bbox 1859 2194 2046 2291; x_wconf 81' lang='lat' dir='ltr'><strong>frequenti,</strong></span> <span class='ocrx_word' id='word_1_119' title='bbox 2073 2201 2250 2290; x_wconf 89' lang='lat' dir='ltr'><strong>praesente</strong></span> 
     </span>
     <span class='ocr_line' id='line_1_13' title="bbox 619 2317 2250 2407; baseline 0.001 -17"><span class='ocrx_word' id='word_1_120' title='bbox 619 2317 884 2404; x_wconf 86' lang='lat' dir='ltr'><strong>Ohmielnickio,</strong></span> <span class='ocrx_word' id='word_1_121' title='bbox 919 2319 1125 2394; x_wconf 88' lang='lat' dir='ltr'><strong>sacrificulis</strong></span> <span class='ocrx_word' id='word_1_122' title='bbox 1143 2320 1356 2394; x_wconf 80' lang='lat' dir='ltr'><strong>Oosacorum</strong></span> <span class='ocrx_word' id='word_1_123' title='bbox 1374 2321 1537 2394; x_wconf 86' lang='lat' dir='ltr'><strong>funebria</strong></span> <span class='ocrx_word' id='word_1_124' title='bbox 1551 2344 1616 2393; x_wconf 92' lang='lat' dir='ltr'><strong>sua</strong></span> <span class='ocrx_word' id='word_1_125' title='bbox 1633 2321 1789 2393; x_wconf 84' lang='lat' dir='ltr'><strong>carmina</strong></span> <span class='ocrx_word' id='word_1_126' title='bbox 1820 2320 2039 2407; x_wconf 90' lang='lat' dir='ltr'><strong>canentibus,</strong></span> <span class='ocrx_word' id='word_1_127' title='bbox 2063 2341 2120 2392; x_wconf 90' lang='lat' dir='ltr'><strong>res</strong></span> <span class='ocrx_word' id='word_1_128' title='bbox 2134 2320 2250 2392; x_wconf 91' lang='lat' dir='ltr'><strong>horri-</strong></span> 
     </span>
    </p>

    <p class='ocr_par' dir='ltr' id='par_1_7' title="bbox 617 2439 2249 2544">
     <span class='ocr_line' id='line_1_14' title="bbox 617 2439 2249 2544; baseline 0.006 -32"><span class='ocrx_word' id='word_1_129' title='bbox 617 2439 704 2514; x_wconf 87' lang='lat' dir='ltr'><strong>fica!</strong></span> <span class='ocrx_word' id='word_1_130' title='bbox 726 2464 946 2516; x_wconf 86' lang='lat' dir='ltr'><strong>commovere</strong></span> <span class='ocrx_word' id='word_1_131' title='bbox 968 2465 1008 2515; x_wconf 89' lang='lat' dir='ltr'><strong>se</strong></span> <span class='ocrx_word' id='word_1_132' title='bbox 1023 2442 1172 2517; x_wconf 89' lang='lat' dir='ltr'><strong>latronis</strong></span> <span class='ocrx_word' id='word_1_133' title='bbox 1190 2443 1341 2518; x_wconf 85' lang='lat' dir='ltr'><strong>cadaver</strong></span> <span class='ocrx_word' id='word_1_134' title='bbox 1359 2472 1366 2519; x_wconf 94' lang='lat'><strong>:</strong></span> <span class='ocrx_word' id='word_1_135' title='bbox 1385 2445 1513 2520; x_wconf 86' lang='lat' dir='ltr'><strong>efferre</strong></span> <span class='ocrx_word' id='word_1_136' title='bbox 1540 2446 1715 2520; x_wconf 87' lang='lat' dir='ltr'><strong>stillantes</strong></span> <span class='ocrx_word' id='word_1_137' title='bbox 1737 2469 1862 2520; x_wconf 90' lang='lat' dir='ltr'><strong>cruore</strong></span> <span class='ocrx_word' id='word_1_138' title='bbox 1881 2469 2006 2520; x_wconf 86' lang='lat' dir='ltr'><strong>manus</strong></span> <span class='ocrx_word' id='word_1_139' title='bbox 2028 2472 2036 2519; x_wconf 89' lang='lat'>:</span> <span class='ocrx_word' id='word_1_140' title='bbox 2059 2447 2249 2544; x_wconf 85' lang='lat' dir='ltr'><strong>subrigere</strong></span> 
     </span>
    </p>

    <p class='ocr_par' dir='ltr' id='par_1_8' title="bbox 618 2566 2248 2670">
     <span class='ocr_line' id='line_1_15' title="bbox 618 2566 2248 2670; baseline 0.006 -32"><span class='ocrx_word' id='word_1_141' title='bbox 618 2566 703 2639; x_wconf 89' lang='lat' dir='ltr'><strong>setis</strong></span> <span class='ocrx_word' id='word_1_142' title='bbox 719 2566 947 2640; x_wconf 86' lang='lat' dir='ltr'><strong>horrentibus</strong></span> <span class='ocrx_word' id='word_1_143' title='bbox 965 2575 1095 2663; x_wconf 89' lang='lat' dir='ltr'><strong>caput:</strong></span> <span class='ocrx_word' id='word_1_144' title='bbox 1120 2591 1311 2666; x_wconf 89' lang='lat' dir='ltr'><strong>assurgere</strong></span> <span class='ocrx_word' id='word_1_145' title='bbox 1330 2576 1365 2643; x_wconf 88' lang='lat' dir='ltr'><strong>et</strong></span> <span class='ocrx_word' id='word_1_146' title='bbox 1382 2570 1597 2644; x_wconf 90' lang='lat' dir='ltr'><strong>circumlatis</strong></span> <span class='ocrx_word' id='word_1_147' title='bbox 1606 2572 1784 2645; x_wconf 86' lang='lat' dir='ltr'><strong>atrocibus</strong></span> <span class='ocrx_word' id='word_1_148' title='bbox 1803 2571 1927 2658; x_wconf 87' lang='lat' dir='ltr'><strong>oculis,</strong></span> <span class='ocrx_word' id='word_1_149' title='bbox 1946 2572 2112 2646; x_wconf 89' lang='lat' dir='ltr'><strong>bucilluc</strong></span> <span class='ocrx_word' id='word_1_150' title='bbox 2126 2575 2248 2670; x_wconf 88' lang='lat' dir='ltr'><strong>sejac-</strong></span> 
     </span>
    </p>

    <p class='ocr_par' dir='ltr' id='par_1_9' title="bbox 615 2683 2247 2793">
     <span class='ocr_line' id='line_1_16' title="bbox 615 2683 2247 2793; baseline 0.007 -32"><span class='ocrx_word' id='word_1_151' title='bbox 615 2697 709 2774; x_wconf 75' lang='lat' dir='ltr'><strong>taam,</strong></span> <span class='ocrx_word' id='word_1_152' title='bbox 722 2690 917 2765; x_wconf 82' lang='lat' dir='ltr'><strong>exululare:</strong></span> <span class='ocrx_word' id='word_1_153' title='bbox 930 2693 1051 2788; x_wconf 89' lang='lat' dir='ltr'><strong>sugite,</strong></span> <span class='ocrx_word' id='word_1_154' title='bbox 1061 2693 1246 2780; x_wconf 82' lang='lat' dir='ltr'><strong>exclamat,</strong></span> <span class='ocrx_word' id='word_1_155' title='bbox 1260 2693 1433 2790; x_wconf 86' lang='lat' dir='ltr'><strong>sugite(1)!</strong></span> <span class='ocrx_word' id='word_1_156' title='bbox 1456 2695 1685 2789; x_wconf 84' lang='lat' dir='ltr'><strong>Praeoipitant</strong></span> <span class='ocrx_word' id='word_1_157' title='bbox 1694 2717 1738 2768; x_wconf 86' lang='lat' dir='ltr'><strong>cx</strong></span> <span class='ocrx_word' id='word_1_158' title='bbox 1748 2695 1875 2770; x_wconf 80' lang='lat' dir='ltr'><strong>lanoso</strong></span> <span class='ocrx_word' id='word_1_159' title='bbox 1886 2683 2172 2793; x_wconf 63' lang='lat' dir='ltr'><strong>omnesnepente</strong></span> <span class='ocrx_word' id='word_1_160' title='bbox 2185 2697 2247 2772; x_wconf 92' lang='lat' dir='ltr'><strong>de-</strong></span> 
     </span>
    </p>

    <p class='ocr_par' dir='ltr' id='par_1_10' title="bbox 615 2813 2245 2916">
     <span class='ocr_line' id='line_1_17' title="bbox 615 2813 2245 2916; baseline 0.006 -30"><span class='ocrx_word' id='word_1_161' title='bbox 615 2813 755 2887; x_wconf 91' lang='lat' dir='ltr'><strong>lubrum</strong></span> <span class='ocrx_word' id='word_1_162' title='bbox 772 2815 922 2890; x_wconf 88' lang='lat' dir='ltr'><strong>flammis</strong></span> <span class='ocrx_word' id='word_1_163' title='bbox 932 2817 1132 2912; x_wconf 93' lang='lat' dir='ltr'><strong>corripitur,</strong></span> <span class='ocrx_word' id='word_1_164' title='bbox 1146 2825 1391 2914; x_wconf 89' lang='lat' dir='ltr'><strong>momentoque</strong></span> <span class='ocrx_word' id='word_1_165' title='bbox 1403 2817 1620 2891; x_wconf 86' lang='lat' dir='ltr'><strong>dissolvitur.</strong></span> <span class='ocrx_word' id='word_1_166' title='bbox 1640 2819 1834 2916; x_wconf 88' lang='lat' dir='ltr'><strong>Occupavit</strong></span> <span class='ocrx_word' id='word_1_167' title='bbox 1849 2821 2047 2894; x_wconf 87' lang='lat' dir='ltr'><strong>funerarios</strong></span> <span class='ocrx_word' id='word_1_168' title='bbox 2061 2821 2245 2910; x_wconf 89' lang='lat' dir='ltr'><strong>interitus,</strong></span> 
     </span>
    </p>

    <p class='ocr_par' dir='ltr' id='par_1_11' title="bbox 615 2941 2239 3042">
     <span class='ocr_line' id='line_1_18' title="bbox 615 2941 2239 3042; baseline 0.004 -30"><span class='ocrx_word' id='word_1_169' title='bbox 615 2946 719 3035; x_wconf 90' lang='lat' dir='ltr'><strong>atque</strong></span> <span class='ocrx_word' id='word_1_170' title='bbox 727 2941 792 3013; x_wconf 92' lang='lat' dir='ltr'><strong>hos</strong></span> <span class='ocrx_word' id='word_1_171' title='bbox 802 2941 1013 3015; x_wconf 83' lang='lat' dir='ltr'><strong>exanimavit</strong></span> <span class='ocrx_word' id='word_1_172' title='bbox 1026 2948 1154 3030; x_wconf 91' lang='lat' dir='ltr'><strong>terror,</strong></span> <span class='ocrx_word' id='word_1_173' title='bbox 1168 2942 1378 3017; x_wconf 91' lang='lat' dir='ltr'><strong>illitumultu</strong></span> <span class='ocrx_word' id='word_1_174' title='bbox 1391 2945 1651 3038; x_wconf 90' lang='lat' dir='ltr'><strong>penetrantium</strong></span> <span class='ocrx_word' id='word_1_175' title='bbox 1666 2968 1705 3019; x_wconf 90' lang='lat' dir='ltr'><strong>se</strong></span> <span class='ocrx_word' id='word_1_176' title='bbox 1719 2945 1757 3016; x_wconf 91' lang='lat' dir='ltr'><strong>in</strong></span> <span class='ocrx_word' id='word_1_177' title='bbox 1771 2944 2033 3041; x_wconf 86' lang='lat' dir='ltr'><strong>fugamobtriti.</strong></span> <span class='ocrx_word' id='word_1_178' title='bbox 2053 2946 2239 3042; x_wconf 88' lang='lat' dir='ltr'><strong>ltaimpio,</strong></span> 
     </span>
    </p>

    <p class='ocr_par' dir='ltr' id='par_1_12' title="bbox 442 3065 2246 3660">
     <span class='ocr_line' id='line_1_19' title="bbox 504 3065 2246 3165; baseline 0.003 -28"><span class='ocrx_word' id='word_1_179' title='bbox 504 3102 536 3158; x_wconf 78' lang='lat'><strong>14</strong></span> <span class='ocrx_word' id='word_1_180' title='bbox 614 3065 746 3160; x_wconf 88' lang='lat' dir='ltr'><strong>pariter</strong></span> <span class='ocrx_word' id='word_1_181' title='bbox 759 3066 820 3161; x_wconf 92' lang='lat' dir='ltr'><strong>pii,</strong></span> <span class='ocrx_word' id='word_1_182' title='bbox 848 3066 1009 3140; x_wconf 90' lang='lat' dir='ltr'><strong>cladibus</strong></span> <span class='ocrx_word' id='word_1_183' title='bbox 1027 3068 1100 3140; x_wconf 91' lang='lat' dir='ltr'><strong>suis</strong></span> <span class='ocrx_word' id='word_1_184' title='bbox 1113 3070 1214 3165; x_wconf 88' lang='lat' dir='ltr'><strong>justa</strong></span> <span class='ocrx_word' id='word_1_185' title='bbox 1231 3067 1488 3163; x_wconf 89' lang='lat' dir='ltr'><strong>persolverunt.</strong></span> <span class='ocrx_word' id='word_1_186' title='bbox 1512 3071 1551 3142; x_wconf 95' lang='lat' dir='ltr'><strong>ln</strong></span> <span class='ocrx_word' id='word_1_187' title='bbox 1571 3068 1698 3143; x_wconf 89' lang='lat' dir='ltr'><strong>Suecia</strong></span> <span class='ocrx_word' id='word_1_188' title='bbox 1715 3093 1834 3147; x_wconf 91' lang='lat' dir='ltr'><strong>rerum</strong></span> <span class='ocrx_word' id='word_1_189' title='bbox 1851 3071 2051 3165; x_wconf 88' lang='lat' dir='ltr'><strong>potiebatur</strong></span> <span class='ocrx_word' id='word_1_190' title='bbox 2069 3072 2137 3144; x_wconf 90' lang='lat' dir='ltr'><strong>hac</strong></span> <span class='ocrx_word' id='word_1_191' title='bbox 2156 3076 2246 3144; x_wconf 89' lang='lat' dir='ltr'><strong>tem-</strong></span> 
     </span>
     <span class='ocr_line' id='line_1_20' title="bbox 443 3180 2244 3330; baseline 0.003 -68"><span class='ocrx_word' id='word_1_192' title='bbox 443 3180 584 3330; x_wconf 51' lang='lat' dir='ltr'><strong>rceffififfl</strong></span> <span class='ocrx_word' id='word_1_193' title='bbox 614 3196 751 3286; x_wconf 88' lang='lat' dir='ltr'><strong>pestate</strong></span> <span class='ocrx_word' id='word_1_194' title='bbox 777 3189 967 3276; x_wconf 85' lang='lat' dir='ltr'><strong>Christina,</strong></span> <span class='ocrx_word' id='word_1_195' title='bbox 997 3190 1146 3264; x_wconf 82' lang='lat' dir='ltr'><strong>Gustavi</strong></span> <span class='ocrx_word' id='word_1_196' title='bbox 1163 3192 1319 3288; x_wconf 85' lang='lat' dir='ltr'><strong>Adolphi</strong></span> <span class='ocrx_word' id='word_1_197' title='bbox 1336 3193 1422 3276; x_wconf 89' lang='lat' dir='ltr'><strong>filia,</strong></span> <span class='ocrx_word' id='word_1_198' title='bbox 1445 3216 1557 3289; x_wconf 89' lang='lat' dir='ltr'><strong>nuper</strong></span> <span class='ocrx_word' id='word_1_199' title='bbox 1588 3194 1770 3266; x_wconf 90' lang='lat' dir='ltr'><strong>Sociorum</strong></span> <span class='ocrx_word' id='word_1_200' title='bbox 1789 3215 1898 3289; x_wconf 90' lang='lat' dir='ltr'><strong>opera</strong></span> <span class='ocrx_word' id='word_1_201' title='bbox 1924 3194 2099 3267; x_wconf 82' lang='lat' dir='ltr'><strong>Romanae</strong></span> <span class='ocrx_word' id='word_1_202' title='bbox 2126 3195 2244 3268; x_wconf 91' lang='lat' dir='ltr'><strong>conci·</strong></span> 
     </span>
     <span class='ocr_line' id='line_1_21' title="bbox 444 3312 2240 3416; baseline 0.004 -30"><span class='ocrx_word' id='word_1_203' title='bbox 444 3339 579 3396; x_wconf 77' lang='lat' dir='ltr'><strong>sneciaese</strong></span> <span class='ocrx_word' id='word_1_204' title='bbox 612 3314 699 3388; x_wconf 88' lang='lat' dir='ltr'><strong>liata</strong></span> <span class='ocrx_word' id='word_1_205' title='bbox 713 3312 896 3398; x_wconf 85' lang='lat' dir='ltr'><strong>Ecclesiae,</strong></span> <span class='ocrx_word' id='word_1_206' title='bbox 913 3322 1018 3409; x_wconf 89' lang='lat' dir='ltr'><strong>atque</strong></span> <span class='ocrx_word' id='word_1_207' title='bbox 1032 3315 1158 3390; x_wconf 87' lang='lat' dir='ltr'><strong>exinde</strong></span> <span class='ocrx_word' id='word_1_208' title='bbox 1171 3317 1301 3390; x_wconf 87' lang='lat' dir='ltr'><strong>cultrix</strong></span> <span class='ocrx_word' id='word_1_209' title='bbox 1319 3317 1503 3413; x_wconf 88' lang='lat' dir='ltr'><strong>religionis</strong></span> <span class='ocrx_word' id='word_1_210' title='bbox 1517 3319 1704 3393; x_wconf 89' lang='lat' dir='ltr'><strong>catholicae</strong></span> <span class='ocrx_word' id='word_1_211' title='bbox 1722 3318 1928 3393; x_wconf 87' lang='lat' dir='ltr'><strong>fidelissima</strong></span> <span class='ocrx_word' id='word_1_212' title='bbox 1948 3345 1956 3392; x_wconf 90' lang='lat'><strong>:</strong></span> <span class='ocrx_word' id='word_1_213' title='bbox 1977 3321 2049 3416; x_wconf 90' lang='lat' dir='ltr'><strong>pia,</strong></span> <span class='ocrx_word' id='word_1_214' title='bbox 2071 3320 2240 3404; x_wconf 89' lang='lat' dir='ltr'><strong>clemens,</strong></span> 
     </span>
     <span class='ocr_line' id='line_1_22' title="bbox 442 3417 2244 3540; baseline 0.003 -29"><span class='ocrx_word' id='word_1_215' title='bbox 442 3417 558 3476; x_wconf 52' lang='lat' dir='ltr'><strong>⁸bd³⁰⁸h</strong></span> <span class='ocrx_word' id='word_1_216' title='bbox 612 3445 722 3524; x_wconf 86' lang='lat' dir='ltr'><strong>casta,</strong></span> <span class='ocrx_word' id='word_1_217' title='bbox 740 3439 892 3534; x_wconf 81' lang='lat' dir='ltr'><strong>sapione,</strong></span> <span class='ocrx_word' id='word_1_218' title='bbox 920 3440 1096 3526; x_wconf 87' lang='lat' dir='ltr'><strong>munifica,</strong></span> <span class='ocrx_word' id='word_1_219' title='bbox 1118 3464 1161 3514; x_wconf 90' lang='lat' dir='ltr'><strong>ac</strong></span> <span class='ocrx_word' id='word_1_220' title='bbox 1186 3449 1376 3538; x_wconf 91' lang='lat' dir='ltr'><strong>propterea</strong></span> <span class='ocrx_word' id='word_1_221' title='bbox 1394 3441 1556 3514; x_wconf 90' lang='lat' dir='ltr'><strong>omnibus</strong></span> <span class='ocrx_word' id='word_1_222' title='bbox 1586 3453 1682 3515; x_wconf 83' lang='lat' dir='ltr'><strong>cara.</strong></span> <span class='ocrx_word' id='word_1_223' title='bbox 1722 3441 1840 3514; x_wconf 91' lang='lat' dir='ltr'><strong>Unum</strong></span> <span class='ocrx_word' id='word_1_224' title='bbox 1855 3441 1943 3514; x_wconf 93' lang='lat' dir='ltr'><strong>illud</strong></span> <span class='ocrx_word' id='word_1_225' title='bbox 1973 3441 2010 3513; x_wconf 91' lang='lat' dir='ltr'><strong>in</strong></span> <span class='ocrx_word' id='word_1_226' title='bbox 2040 3465 2104 3515; x_wconf 90' lang='lat' dir='ltr'><strong>suo</strong></span> <span class='ocrx_word' id='word_1_227' title='bbox 2130 3465 2244 3540; x_wconf 91' lang='lat' dir='ltr'><strong>regno</strong></span> 
     </span>
     <span class='ocr_line' id='line_1_23' title="bbox 612 3562 2246 3660; baseline 0.004 -25"><span class='ocrx_word' id='word_1_228' title='bbox 612 3562 787 3636; x_wconf 87' lang='lat' dir='ltr'><strong>sustinere</strong></span> <span class='ocrx_word' id='word_1_229' title='bbox 804 3584 875 3634; x_wconf 90' lang='lat' dir='ltr'><strong>non</strong></span> <span class='ocrx_word' id='word_1_230' title='bbox 892 3564 1021 3656; x_wconf 90' lang='lat' dir='ltr'><strong>potuit,</strong></span> <span class='ocrx_word' id='word_1_231' title='bbox 1042 3563 1137 3660; x_wconf 92' lang='lat' dir='ltr'><strong>quod</strong></span> <span class='ocrx_word' id='word_1_232' title='bbox 1154 3565 1249 3640; x_wconf 88' lang='lat' dir='ltr'><strong>cives</strong></span> <span class='ocrx_word' id='word_1_233' title='bbox 1272 3567 1326 3638; x_wconf 92' lang='lat' dir='ltr'><strong>sui</strong></span> <span class='ocrx_word' id='word_1_234' title='bbox 1344 3589 1408 3660; x_wconf 92' lang='lat' dir='ltr'><strong>per</strong></span> <span class='ocrx_word' id='word_1_235' title='bbox 1424 3565 1600 3650; x_wconf 86' lang='lat' dir='ltr'><strong>factiones</strong></span> <span class='ocrx_word' id='word_1_236' title='bbox 1627 3566 1817 3640; x_wconf 88' lang='lat' dir='ltr'><strong>haereticas</strong></span> <span class='ocrx_word' id='word_1_237' title='bbox 1832 3565 1883 3638; x_wconf 91' lang='lat' dir='ltr'><strong>sic</strong></span> <span class='ocrx_word' id='word_1_238' title='bbox 1901 3565 2110 3640; x_wconf 89' lang='lat' dir='ltr'><strong>abalienatis</strong></span> <span class='ocrx_word' id='word_1_239' title='bbox 2125 3575 2246 3642; x_wconf 88' lang='lat' dir='ltr'><strong>essent</strong></span> 
     </span>
    </p>

    <p class='ocr_par' dir='ltr' id='par_1_13' title="bbox 611 3689 2246 3788">
     <span class='ocr_line' id='line_1_24' title="bbox 611 3689 2246 3788; baseline 0.002 -26"><span class='ocrx_word' id='word_1_240' title='bbox 611 3689 737 3762; x_wconf 90' lang='lat' dir='ltr'><strong>animis</strong></span> <span class='ocrx_word' id='word_1_241' title='bbox 752 3689 796 3762; x_wconf 88' lang='lat' dir='ltr'><strong>ab</strong></span> <span class='ocrx_word' id='word_1_242' title='bbox 814 3689 962 3762; x_wconf 89' lang='lat' dir='ltr'><strong>ecclesia</strong></span> <span class='ocrx_word' id='word_1_243' title='bbox 976 3690 1164 3777; x_wconf 89' lang='lat' dir='ltr'><strong>catholica,</strong></span> <span class='ocrx_word' id='word_1_244' title='bbox 1185 3698 1224 3763; x_wconf 93' lang='lat' dir='ltr'><strong>ut</strong></span> <span class='ocrx_word' id='word_1_245' title='bbox 1240 3692 1492 3788; x_wconf 87' lang='lat' dir='ltr'><strong>resipiscentiae</strong></span> <span class='ocrx_word' id='word_1_246' title='bbox 1520 3692 1655 3766; x_wconf 91' lang='lat' dir='ltr'><strong>nullam</strong></span> <span class='ocrx_word' id='word_1_247' title='bbox 1672 3691 1742 3765; x_wconf 90' lang='lat' dir='ltr'><strong>sibi</strong></span> <span class='ocrx_word' id='word_1_248' title='bbox 1760 3713 1858 3786; x_wconf 88' lang='lat' dir='ltr'><strong>spem</strong></span> <span class='ocrx_word' id='word_1_249' title='bbox 1871 3689 2041 3765; x_wconf 81' lang='lat' dir='ltr'><strong>facerent.</strong></span> <span class='ocrx_word' id='word_1_250' title='bbox 2061 3691 2177 3787; x_wconf 91' lang='lat' dir='ltr'><strong>Hujus</strong></span> <span class='ocrx_word' id='word_1_251' title='bbox 2190 3694 2246 3766; x_wconf 91' lang='lat' dir='ltr'><strong>rei</strong></span> 
     </span>
    </p>

    <p class='ocr_par' dir='ltr' id='par_1_14' title="bbox 608 3813 2246 4039">
     <span class='ocr_line' id='line_1_25' title="bbox 608 3813 2244 3913; baseline 0.004 -27"><span class='ocrx_word' id='word_1_252' title='bbox 608 3815 721 3910; x_wconf 90' lang='lat' dir='ltr'><strong>ipsius</strong></span> <span class='ocrx_word' id='word_1_253' title='bbox 735 3813 843 3888; x_wconf 89' lang='lat' dir='ltr'><strong>taedio</strong></span> <span class='ocrx_word' id='word_1_254' title='bbox 855 3823 936 3910; x_wconf 90' lang='lat' dir='ltr'><strong>post</strong></span> <span class='ocrx_word' id='word_1_255' title='bbox 952 3817 1055 3910; x_wconf 91' lang='lat' dir='ltr'><strong>regni</strong></span> <span class='ocrx_word' id='word_1_256' title='bbox 1072 3816 1128 3888; x_wconf 90' lang='lat' dir='ltr'><strong>sui</strong></span> <span class='ocrx_word' id='word_1_257' title='bbox 1144 3817 1335 3890; x_wconf 91' lang='lat' dir='ltr'><strong>triennium</strong></span> <span class='ocrx_word' id='word_1_258' title='bbox 1348 3817 1509 3913; x_wconf 90' lang='lat' dir='ltr'><strong>Upsaliae</strong></span> <span class='ocrx_word' id='word_1_259' title='bbox 1523 3818 1559 3890; x_wconf 91' lang='lat' dir='ltr'><strong>in</strong></span> <span class='ocrx_word' id='word_1_260' title='bbox 1574 3817 1725 3890; x_wconf 91' lang='lat' dir='ltr'><strong>comitiis</strong></span> <span class='ocrx_word' id='word_1_261' title='bbox 1741 3814 1916 3888; x_wconf 91' lang='lat' dir='ltr'><strong>Ordinum</strong></span> <span class='ocrx_word' id='word_1_262' title='bbox 1930 3815 2029 3911; x_wconf 90' lang='lat' dir='ltr'><strong>regio</strong></span> <span class='ocrx_word' id='word_1_263' title='bbox 2044 3841 2190 3892; x_wconf 88' lang='lat' dir='ltr'><strong>munere</strong></span> <span class='ocrx_word' id='word_1_264' title='bbox 2204 3841 2244 3892; x_wconf 88' lang='lat' dir='ltr'><strong>se</strong></span> 
     </span>
     <span class='ocr_line' id='line_1_26' title="bbox 608 3937 2246 4039; baseline 0.004 -28"><span class='ocrx_word' id='word_1_265' title='bbox 608 3937 796 4012; x_wconf 86' lang='lat' dir='ltr'><strong>abdicavit.</strong></span> <span class='ocrx_word' id='word_1_266' title='bbox 813 3937 974 4035; x_wconf 90' lang='lat' dir='ltr'><strong>Reliquit</strong></span> <span class='ocrx_word' id='word_1_267' title='bbox 987 3940 1113 4014; x_wconf 89' lang='lat' dir='ltr'><strong>solium</strong></span> <span class='ocrx_word' id='word_1_268' title='bbox 1132 3939 1259 4014; x_wconf 82' lang='lat' dir='ltr'><strong>Oarolo</strong></span> <span class='ocrx_word' id='word_1_269' title='bbox 1274 3942 1445 4030; x_wconf 77' lang='lat' dir='ltr'><strong>Gustare,</strong></span> <span class='ocrx_word' id='word_1_270' title='bbox 1472 3943 1746 4039; x_wconf 92' lang='lat' dir='ltr'><strong>Bipontinorum</strong></span> <span class='ocrx_word' id='word_1_271' title='bbox 1767 3939 1938 4036; x_wconf 89' lang='lat' dir='ltr'><strong>palatino,</strong></span> <span class='ocrx_word' id='word_1_272' title='bbox 1956 3941 2105 4016; x_wconf 86' lang='lat' dir='ltr'><strong>Gustavi</strong></span> <span class='ocrx_word' id='word_1_273' title='bbox 2134 3943 2246 4018; x_wconf 84' lang='lat' dir='ltr'><strong>Adol-</strong></span> 
     </span>
    </p>

    <p class='ocr_par' dir='ltr' id='par_1_15' title="bbox 608 4062 2245 4287">
     <span class='ocr_line' id='line_1_27' title="bbox 608 4062 2245 4166; baseline 0.002 -30"><span class='ocrx_word' id='word_1_274' title='bbox 608 4063 681 4159; x_wconf 94' lang='lat' dir='ltr'><strong>phi,</strong></span> <span class='ocrx_word' id='word_1_275' title='bbox 703 4063 739 4134; x_wconf 95' lang='lat' dir='ltr'><strong>in</strong></span> <span class='ocrx_word' id='word_1_276' title='bbox 753 4062 878 4159; x_wconf 91' lang='lat' dir='ltr'><strong>praelio</strong></span> <span class='ocrx_word' id='word_1_277' title='bbox 892 4063 984 4160; x_wconf 88' lang='lat' dir='ltr'><strong>apud</strong></span> <span class='ocrx_word' id='word_1_278' title='bbox 996 4064 1201 4152; x_wconf 84' lang='lat' dir='ltr'><strong>Lutaenam,</strong></span> <span class='ocrx_word' id='word_1_279' title='bbox 1219 4066 1385 4162; x_wconf 92' lang='lat' dir='ltr'><strong>oppidum</strong></span> <span class='ocrx_word' id='word_1_280' title='bbox 1400 4067 1579 4152; x_wconf 83' lang='lat' dir='ltr'><strong>Saxoniae,</strong></span> <span class='ocrx_word' id='word_1_281' title='bbox 1599 4065 1809 4150; x_wconf 66' lang='lat' dir='ltr'><strong>reaccessi,</strong></span> <span class='ocrx_word' id='word_1_282' title='bbox 1826 4064 1975 4138; x_wconf 91' lang='lat' dir='ltr'><strong>sororio.</strong></span> <span class='ocrx_word' id='word_1_283' title='bbox 1994 4066 2089 4162; x_wconf 90' lang='lat' dir='ltr'><strong>Ipsa,</strong></span> <span class='ocrx_word' id='word_1_284' title='bbox 2110 4067 2245 4166; x_wconf 82' lang='lat' dir='ltr'><strong>inclyta</strong></span> 
     </span>
     <span class='ocr_line' id='line_1_28' title="bbox 608 4188 2239 4287; baseline 0.004 -27"><span class='ocrx_word' id='word_1_285' title='bbox 608 4188 767 4262; x_wconf 87' lang='lat' dir='ltr'><strong>haeretici</strong></span> <span class='ocrx_word' id='word_1_286' title='bbox 785 4188 1020 4284; x_wconf 79' lang='lat' dir='ltr'><strong>contemptrix</strong></span> <span class='ocrx_word' id='word_1_287' title='bbox 1047 4191 1164 4285; x_wconf 88' lang='lat' dir='ltr'><strong>regni,</strong></span> <span class='ocrx_word' id='word_1_288' title='bbox 1186 4189 1309 4264; x_wconf 89' lang='lat' dir='ltr'><strong>relicto</strong></span> <span class='ocrx_word' id='word_1_289' title='bbox 1328 4191 1460 4264; x_wconf 86' lang='lat' dir='ltr'><strong>civibus</strong></span> <span class='ocrx_word' id='word_1_290' title='bbox 1481 4215 1613 4287; x_wconf 88' lang='lat' dir='ltr'><strong>magno</strong></span> <span class='ocrx_word' id='word_1_291' title='bbox 1645 4192 1699 4263; x_wconf 90' lang='lat' dir='ltr'><strong>sui</strong></span> <span class='ocrx_word' id='word_1_292' title='bbox 1730 4188 1922 4274; x_wconf 88' lang='lat' dir='ltr'><strong>desiderio,</strong></span> <span class='ocrx_word' id='word_1_293' title='bbox 1944 4191 1982 4263; x_wconf 90' lang='lat' dir='ltr'><strong>in</strong></span> <span class='ocrx_word' id='word_1_294' title='bbox 1999 4190 2239 4279; x_wconf 84' lang='lat' dir='ltr'><strong>Germaniam,</strong></span> 
     </span>
    </p>

    <p class='ocr_par' dir='ltr' id='par_1_16' title="bbox 608 4313 2242 4411">
     <span class='ocr_line' id='line_1_29' title="bbox 608 4313 2242 4411; baseline 0.004 -26"><span class='ocrx_word' id='word_1_295' title='bbox 608 4313 683 4386; x_wconf 86' lang='lat' dir='ltr'><strong>sive</strong></span> <span class='ocrx_word' id='word_1_296' title='bbox 700 4335 764 4408; x_wconf 89' lang='lat' dir='ltr'><strong>per</strong></span> <span class='ocrx_word' id='word_1_297' title='bbox 777 4335 919 4385; x_wconf 87' lang='lat' dir='ltr'><strong>causam</strong></span> <span class='ocrx_word' id='word_1_298' title='bbox 930 4313 1005 4386; x_wconf 87' lang='lat' dir='ltr'><strong>sive</strong></span> <span class='ocrx_word' id='word_1_299' title='bbox 1021 4335 1084 4409; x_wconf 92' lang='lat' dir='ltr'><strong>per</strong></span> <span class='ocrx_word' id='word_1_300' title='bbox 1101 4313 1360 4389; x_wconf 88' lang='lat' dir='ltr'><strong>simulationem</strong></span> <span class='ocrx_word' id='word_1_301' title='bbox 1376 4316 1535 4390; x_wconf 89' lang='lat' dir='ltr'><strong>visendae</strong></span> <span class='ocrx_word' id='word_1_302' title='bbox 1549 4316 1668 4390; x_wconf 91' lang='lat' dir='ltr'><strong>amitae</strong></span> <span class='ocrx_word' id='word_1_303' title='bbox 1683 4338 1757 4390; x_wconf 91' lang='lat' dir='ltr'><strong>suae</strong></span> <span class='ocrx_word' id='word_1_304' title='bbox 1771 4314 2010 4411; x_wconf 83' lang='lat' dir='ltr'><strong>landgraviae</strong></span> <span class='ocrx_word' id='word_1_305' title='bbox 2023 4316 2178 4403; x_wconf 88' lang='lat' dir='ltr'><strong>Hassiae‚</strong></span> <span class='ocrx_word' id='word_1_306' title='bbox 2195 4317 2242 4392; x_wconf 86' lang='lat' dir='ltr'><strong>ad</strong></span> 
     </span>
    </p>

    <p class='ocr_par' dir='ltr' id='par_1_17' title="bbox 492 4435 1466 4538">
     <span class='ocr_line' id='line_1_30' title="bbox 492 4435 1466 4538; baseline 0.001 -27"><span class='ocrx_word' id='word_1_307' title='bbox 492 4481 525 4538; x_wconf 88' lang='lat'><strong>15</strong></span> <span class='ocrx_word' id='word_1_308' title='bbox 607 4435 828 4532; x_wconf 91' lang='lat' dir='ltr'><strong>Leopoldum</strong></span> <span class='ocrx_word' id='word_1_309' title='bbox 846 4437 1071 4512; x_wconf 88' lang='lat' dir='ltr'><strong>archiducem</strong></span> <span class='ocrx_word' id='word_1_310' title='bbox 1086 4436 1241 4512; x_wconf 83' lang='lat' dir='ltr'><strong>Austriae</strong></span> <span class='ocrx_word' id='word_1_311' title='bbox 1255 4461 1293 4513; x_wconf 90' lang='lat' dir='ltr'><strong>se</strong></span> <span class='ocrx_word' id='word_1_312' title='bbox 1306 4439 1466 4512; x_wconf 85' lang='lat' dir='ltr'><strong>contulit.</strong></span> 
     </span>
    </p>
   </div>
   <div class='ocr_carea' id='block_1_3' title="bbox 435 4560 2238 4698">
    <p class='ocr_par' dir='ltr' id='par_1_18' title="bbox 435 4560 2238 4698">
     <span class='ocr_line' id='line_1_31' title="bbox 435 4560 2238 4698; baseline 0.003 -64"><span class='ocrx_word' id='word_1_313' title='bbox 435 4560 554 4698; x_wconf 47' lang='lat'><strong>53:10³·</strong></span> <span class='ocrx_word' id='word_1_314' title='bbox 655 4560 884 4646; x_wconf 87' lang='lat' dir='ltr'><strong>Smolenscia‚</strong></span> <span class='ocrx_word' id='word_1_315' title='bbox 901 4562 1402 4637; x_wconf 88' lang='lat' dir='ltr'><strong>RussiamintcrLituanicam</strong></span> <span class='ocrx_word' id='word_1_316' title='bbox 1415 4563 1726 4637; x_wconf 86' lang='lat' dir='ltr'><strong>etMoscoviticam</strong></span> <span class='ocrx_word' id='word_1_317' title='bbox 1738 4563 1867 4650; x_wconf 90' lang='lat' dir='ltr'><strong>media,</strong></span> <span class='ocrx_word' id='word_1_318' title='bbox 1884 4563 1959 4638; x_wconf 88' lang='lat' dir='ltr'><strong>suis</strong></span> <span class='ocrx_word' id='word_1_319' title='bbox 1968 4566 2162 4662; x_wconf 90' lang='lat' dir='ltr'><strong>antiquitus</strong></span> <span class='ocrx_word' id='word_1_320' title='bbox 2175 4590 2238 4663; x_wconf 89' lang='lat' dir='ltr'><strong>pa-</strong></span> 
     </span>
    </p>
   </div>
   <div class='ocr_carea' id='block_1_4' title="bbox 317 4685 2239 4790">
    <p class='ocr_par' dir='ltr' id='par_1_19' title="bbox 317 4685 2239 4790">
     <span class='ocr_line' id='line_1_32' title="bbox 317 4685 2239 4790; baseline -0.01 -11"><span class='ocrx_word' id='word_1_321' title='bbox 317 4699 321 4708; x_wconf 81' lang='grc'><strong>’</strong></span> <span class='ocrx_word' id='word_1_322' title='bbox 433 4721 526 4790; x_wconf 66' lang='lat' dir='ltr'><strong>erepta</strong></span> <span class='ocrx_word' id='word_1_323' title='bbox 605 4708 688 4760; x_wconf 88' lang='lat' dir='ltr'><strong>rens</strong></span> <span class='ocrx_word' id='word_1_324' title='bbox 702 4685 889 4760; x_wconf 87' lang='lat' dir='ltr'><strong>tetrarchis</strong></span> <span class='ocrx_word' id='word_1_325' title='bbox 898 4687 1089 4783; x_wconf 83' lang='lat' dir='ltr'><strong>provincia,</strong></span> <span class='ocrx_word' id='word_1_326' title='bbox 1106 4687 1213 4760; x_wconf 88' lang='lat' dir='ltr'><strong>armis</strong></span> <span class='ocrx_word' id='word_1_327' title='bbox 1231 4687 1315 4760; x_wconf 90' lang='lat' dir='ltr'><strong>clim</strong></span> <span class='ocrx_word' id='word_1_328' title='bbox 1328 4688 1366 4760; x_wconf 89' lang='lat' dir='ltr'><strong>in</strong></span> <span class='ocrx_word' id='word_1_329' title='bbox 1383 4688 1549 4761; x_wconf 90' lang='lat' dir='ltr'><strong>ditionem</strong></span> <span class='ocrx_word' id='word_1_330' title='bbox 1560 4688 1790 4768; x_wconf 84' lang='lat' dir='ltr'><strong>Lituanorum</strong></span> <span class='ocrx_word' id='word_1_331' title='bbox 1806 4687 1950 4761; x_wconf 84' lang='lat' dir='ltr'><strong>redacta</strong></span> <span class='ocrx_word' id='word_1_332' title='bbox 1962 4690 1999 4786; x_wconf 82' lang='lat' dir='ltr'><strong>(a)</strong></span> <span class='ocrx_word' id='word_1_333' title='bbox 2013 4715 2020 4763; x_wconf 94' lang='lat'><strong>:</strong></span> <span class='ocrx_word' id='word_1_334' title='bbox 2034 4713 2127 4764; x_wconf 90' lang='lat' dir='ltr'><strong>anno</strong></span> <span class='ocrx_word' id='word_1_335' title='bbox 2145 4692 2239 4766; x_wconf 86' lang='grc'>1506</span> 
     </span>
    </p>
   </div>
   <div class='ocr_carea' id='block_1_5' title="bbox 2114 1551 2455 6194">
    <p class='ocr_par' dir='ltr' id='par_1_20' title="bbox 2454 1551 2455 1570">
     <span class='ocr_line' id='line_1_33' title="bbox 2454 1551 2455 1570; baseline 0 0"><span class='ocrx_word' id='word_1_336' title='bbox 2454 1551 2455 1570; x_wconf 87' lang='lat' dir='ltr'><strong>l</strong></span> 
     </span>
    </p>

    <p class='ocr_par' dir='ltr' id='par_1_21' title="bbox 2454 3425 2455 3440">
     <span class='ocr_line' id='line_1_34' title="bbox 2454 3425 2455 3440; baseline 0 0"><span class='ocrx_word' id='word_1_337' title='bbox 2454 3425 2455 3440; x_wconf 87' lang='lat' dir='ltr'><strong>l</strong></span> 
     </span>
    </p>

    <p class='ocr_par' dir='ltr' id='par_1_22' title="bbox 2114 3967 2455 6645">
     <span class='ocr_line' id='line_1_35' title="bbox 2454 3967 2455 3980; baseline 0 0"><span class='ocrx_word' id='word_1_338' title='bbox 2454 3967 2455 3980; x_wconf 81' lang='lat' dir='ltr'><strong>r</strong></span> 
     </span>
     <span class='ocr_line' id='line_1_36' title="bbox 2114 6176 2121 6194; baseline 0 451"><span class='ocrx_word' id='word_1_339' title='bbox 2114 6176 2121 6194; x_wconf 55' lang='grc' dir='ltr'><strong><em>Ι</em></strong></span> 
     </span>
    </p>
   </div>
   <div class='ocr_carea' id='block_1_6' title="bbox 434 4798 2238 4946">
    <p class='ocr_par' dir='ltr' id='par_1_23' title="bbox 434 4798 2238 4946">
     <span class='ocr_line' id='line_1_37' title="bbox 434 4798 2238 4946; baseline -0.003 -54"><span class='ocrx_word' id='word_1_340' title='bbox 434 4798 582 4946; x_wconf 54' lang='lat' dir='ltr'><strong>fflffln</strong></span> <span class='ocrx_word' id='word_1_341' title='bbox 605 4811 738 4886; x_wconf 85' lang='lat' dir='ltr'><strong>Joanni</strong></span> <span class='ocrx_word' id='word_1_342' title='bbox 763 4811 913 4884; x_wconf 89' lang='lat' dir='ltr'><strong>Basilidi</strong></span> <span class='ocrx_word' id='word_1_343' title='bbox 934 4812 1138 4886; x_wconf 84' lang='lat' dir='ltr'><strong>Moesorum</strong></span> <span class='ocrx_word' id='word_1_344' title='bbox 1161 4812 1242 4887; x_wconf 90' lang='lat' dir='ltr'><strong>duci</strong></span> <span class='ocrx_word' id='word_1_345' title='bbox 1267 4809 1452 4886; x_wconf 82' lang='lat' dir='ltr'><strong>fraudibus</strong></span> <span class='ocrx_word' id='word_1_346' title='bbox 1468 4811 1658 4888; x_wconf 87' lang='lat' dir='ltr'><strong>Michaelis</strong></span> <span class='ocrx_word' id='word_1_347' title='bbox 1690 4810 1833 4888; x_wconf 84' lang='lat' dir='ltr'><strong>Glinski</strong></span> <span class='ocrx_word' id='word_1_348' title='bbox 1850 4813 1991 4908; x_wconf 89' lang='lat' dir='ltr'><strong>prodita</strong></span> <span class='ocrx_word' id='word_1_349' title='bbox 2012 4838 2020 4887; x_wconf 93' lang='lat'><strong>:</strong></span> <span class='ocrx_word' id='word_1_350' title='bbox 2041 4837 2106 4911; x_wconf 92' lang='lat' dir='ltr'><strong>per</strong></span> <span class='ocrx_word' id='word_1_351' title='bbox 2124 4813 2238 4910; x_wconf 88' lang='lat' dir='ltr'><strong>Sigis-</strong></span> 
     </span>
    </p>
   </div>
   <div class='ocr_carea' id='block_1_7' title="bbox 432 4936 2239 5037">
    <p class='ocr_par' dir='ltr' id='par_1_24' title="bbox 432 4936 2239 5037">
     <span class='ocr_line' id='line_1_38' title="bbox 432 4936 2239 5037; baseline 0.003 -29"><span class='ocrx_word' id='word_1_352' title='bbox 432 4952 562 5024; x_wconf 78' lang='lat' dir='ltr'><strong>dispcrgi-</strong></span> <span class='ocrx_word' id='word_1_353' title='bbox 605 4937 773 5013; x_wconf 92' lang='lat' dir='ltr'><strong>mundum</strong></span> <span class='ocrx_word' id='word_1_354' title='bbox 803 4936 975 5016; x_wconf 68' lang='lat' dir='ltr'><strong>Poloniae,</strong></span> <span class='ocrx_word' id='word_1_355' title='bbox 988 4961 1110 5034; x_wconf 90' lang='lat' dir='ltr'><strong>regem</strong></span> <span class='ocrx_word' id='word_1_356' title='bbox 1141 4938 1208 5012; x_wconf 89' lang='lat' dir='ltr'><strong>hoc</strong></span> <span class='ocrx_word' id='word_1_357' title='bbox 1237 4938 1378 5012; x_wconf 90' lang='lat' dir='ltr'><strong>nomine</strong></span> <span class='ocrx_word' id='word_1_358' title='bbox 1407 4937 1550 5012; x_wconf 89' lang='lat' dir='ltr'><strong>tertium</strong></span> <span class='ocrx_word' id='word_1_359' title='bbox 1576 4946 1811 5035; x_wconf 85' lang='lat' dir='ltr'><strong>recuperata:</strong></span> <span class='ocrx_word' id='word_1_360' title='bbox 1831 4939 1996 5036; x_wconf 91' lang='lat' dir='ltr'><strong>denique,</strong></span> <span class='ocrx_word' id='word_1_361' title='bbox 2035 4945 2239 5037; x_wconf 76' lang='lat' dir='ltr'><strong>expugnata</strong></span> 
     </span>
    </p>
   </div>
   <div class='ocr_carea' id='block_1_8' title="bbox 605 5086 2239 5286">
    <p class='ocr_par' dir='ltr' id='par_1_25' title="bbox 605 5086 2239 5286">
     <span class='ocr_line' id='line_1_39' title="bbox 645 5086 2239 5172; baseline 0.003 -22"><span class='ocrx_word' id='word_1_362' title='bbox 645 5091 686 5169; x_wconf 76' lang='lat' dir='ltr'><strong>(tt</strong></span> <span class='ocrx_word' id='word_1_363' title='bbox 701 5090 871 5172; x_wconf 81' lang='lat' dir='ltr'><strong>Vespasiae.</strong></span> <span class='ocrx_word' id='word_1_364' title='bbox 886 5086 1063 5164; x_wconf 86' lang='lat' dir='ltr'><strong>lloehovsli,</strong></span> <span class='ocrx_word' id='word_1_365' title='bbox 1080 5089 1207 5152; x_wconf 87' lang='lat' dir='ltr'><strong>Climact.</strong></span> <span class='ocrx_word' id='word_1_366' title='bbox 1225 5092 1248 5164; x_wconf 96' lang='lat' dir='ltr'><strong>l,</strong></span> <span class='ocrx_word' id='word_1_367' title='bbox 1264 5091 1298 5153; x_wconf 89' lang='lat' dir='ltr'><strong>L.</strong></span> <span class='ocrx_word' id='word_1_368' title='bbox 1313 5093 1342 5149; x_wconf 88' lang='grc'><strong>7.</strong></span> <span class='ocrx_word' id='word_1_369' title='bbox 1367 5105 1432 5170; x_wconf 85' lang='lat' dir='ltr'><strong>pag.</strong></span> <span class='ocrx_word' id='word_1_370' title='bbox 1450 5091 1520 5150; x_wconf 74' lang='lat' dir='ltr'><strong>tlt.</strong></span> <span class='ocrx_word' id='word_1_371' title='bbox 1540 5121 1579 5136; x_wconf 89' lang='lat'><em>-</em></span> <span class='ocrx_word' id='word_1_372' title='bbox 1595 5089 1636 5167; x_wconf 73' lang='grc'><strong>(9)</strong></span> <span class='ocrx_word' id='word_1_373' title='bbox 1651 5089 1721 5153; x_wconf 87' lang='lat' dir='ltr'><strong>Vide</strong></span> <span class='ocrx_word' id='word_1_374' title='bbox 1743 5095 1846 5154; x_wconf 79' lang='lat' dir='ltr'><strong>catera</strong></span> <span class='ocrx_word' id='word_1_375' title='bbox 1858 5091 1894 5152; x_wconf 87' lang='lat' dir='ltr'><strong>da</strong></span> <span class='ocrx_word' id='word_1_376' title='bbox 1921 5092 2010 5154; x_wconf 84' lang='lat' dir='ltr'><strong>turbis</strong></span> <span class='ocrx_word' id='word_1_377' title='bbox 2044 5091 2239 5155; x_wconf 82' lang='lat' dir='ltr'><strong>Mosooritiois</strong></span> 
     </span>
     <span class='ocr_line' id='line_1_40' title="bbox 605 5198 1690 5286; baseline 0.001 -27"><span class='ocrx_word' id='word_1_378' title='bbox 605 5201 634 5260; x_wconf 90' lang='lat' dir='ltr'><strong>in</strong></span> <span class='ocrx_word' id='word_1_379' title='bbox 656 5199 740 5262; x_wconf 81' lang='lat' dir='ltr'><strong>Facie</strong></span> <span class='ocrx_word' id='word_1_380' title='bbox 755 5213 851 5261; x_wconf 86' lang='lat' dir='ltr'><strong>rorum</strong></span> <span class='ocrx_word' id='word_1_381' title='bbox 878 5198 1002 5266; x_wconf 88' lang='lat' dir='ltr'><strong>Sarmat.</strong></span> <span class='ocrx_word' id='word_1_382' title='bbox 1031 5203 1148 5261; x_wconf 87' lang='lat' dir='ltr'><strong>auctora</strong></span> <span class='ocrx_word' id='word_1_383' title='bbox 1173 5200 1203 5262; x_wconf 85' lang='lat' dir='ltr'><strong>P.</strong></span> <span class='ocrx_word' id='word_1_384' title='bbox 1223 5198 1429 5274; x_wconf 73' lang='lat' dir='ltr'><strong>narencium,</strong></span> <span class='ocrx_word' id='word_1_385' title='bbox 1457 5213 1523 5282; x_wconf 83' lang='lat' dir='ltr'><strong>pag.</strong></span> <span class='ocrx_word' id='word_1_386' title='bbox 1542 5199 1690 5286; x_wconf 76' lang='lat'><strong>295·296.</strong></span> 
     </span>
    </p>
   </div>
   <div class='ocr_carea' id='block_1_9' title="bbox 0 0 2472 6658">
    <p class='ocr_par' dir='ltr' id='par_1_26' title="bbox 0 0 2472 6658">
     <span class='ocr_line' id='line_1_41' title="bbox 0 0 2472 6658; baseline 0 5"><span class='ocrx_word' id='word_1_387' title='bbox 0 0 2472 6658; x_wconf 95' lang='lat' dir='ltr'><strong> </strong></span> 
     </span>
    </p>
   </div>
  </div>
 </body>
</html>
