4896 6650
647 805 705 870 108
1035 803 1308 865 tltunnlcuuuu
1332 804 1547 865 SOClETATlS
1569 806 1656 865 JESU
1679 803 1935 864 Hlsronulauu

477 1009 560 1097 158βΙ
598 1081 604 1094 ⁸
648 1016 752 1088 quam
765 992 948 1076 reciderat,
965 990 1094 1062 haeresi
1111 990 1133 1062 J
1137 1011 1253 1062 oanne
1270 1013 1370 1086 rege,
1403 993 1591 1086 omniaque
1608 989 1733 1064 salutis
1752 991 1903 1064 consilia
1920 999 2110 1088 respuente
2127 1017 2135 1066 :
2167 992 2276 1065 turba

474 1085 620 1218 fflgffff
647 1141 768 1214 regem
793 1124 921 1189 caetera
955 1120 1211 1208 consequente:
1245 1097 1464 1210 advigilante
1491 1115 1652 1188 omnibus
1678 1118 1829 1188 maxime
1859 1116 1987 1188 Carolo
2017 1115 2126 1189 fratre
2156 1117 2273 1210 regio,

474 1257 602 1297 amram
643 1243 785 1315 homine
802 1240 1033 1335 religionibus
1052 1238 1192 1311 addicto
1210 1240 1432 1333 peregrinis;
1453 1262 1475 1311 a
1496 1263 1564 1334 quo
1586 1239 1665 1334 plus
1685 1241 1753 1312 sibi
1775 1239 1921 1334 periculi
1948 1262 2080 1334 suoque
2107 1239 2145 1336 (1)
2176 1241 2272 1335 prin-

474 1320 618 1469 ζξξῗωα.
644 1368 714 1462 cipi
728 1365 954 1460 Sigismundo
973 1363 1180 1435 educatores
1197 1362 1375 1440 catholici,
1396 1369 1500 1456 atque
1517 1387 1581 1437 rex
1599 1365 1717 1448 etiam,
1739 1365 1954 1437 metuebant.
1972 1365 2148 1461 Majorem
2165 1365 2276 1440 multo

474 1481 598 1628 {3022ssss
646 1492 689 1562 de
704 1487 922 1584 Sigismundi
940 1486 1140 1558 constantia
1157 1484 1331 1578 rebusque
1348 1487 1386 1557 in
1400 1487 1527 1559 Suecia
1544 1489 1690 1584 reliquis
1704 1499 1834 1562 metum
1855 1491 1968 1564 Sociis
1994 1492 2116 1586 injecit
2142 1493 2280 1586 reginae

475 1637 598 1693 cathan·
646 1616 787 1710 optimae
818 1635 912 1685 mors
930 1612 1130 1683 immatura.
1149 1609 1401 1682 Stockholmiae
1418 1610 1506 1684 XVI
1530 1613 1703 1688 kalendas
1722 1615 1883 1688 octobres
1910 1616 2002 1688 diem
2029 1615 2117 1688 obiit
2154 1639 2278 1711 supre-

474 1732 522 1772 Μ·
645 1762 752 1824 mum,
769 1737 821 1808 uti
833 1737 983 1820 vixerat,
1000 1735 1171 1830 piissime,
1188 1734 1310 1806 morbo
1325 1735 1490 1809 diuturno
1505 1745 1713 1832 consumpta
1730 1764 1737 1810 :
1756 1735 1975 1833 Sigismundi
2004 1739 2020 1810 l
2047 1740 2144 1835 regis
2171 1741 2278 1815 Polo-

527 1895 566 1949 11.
644 1886 771 1935 norum
788 1860 876 1944 iilia,
892 1859 1112 1953 Sigismundi
1130 1857 1284 1951 Augusti
1298 1879 1399 1930 soror
1417 1885 1424 1930 :
1446 1859 1591 1933 foemina
1604 1864 1863 1959 amplificandae
1889 1866 2073 1961 religionis
2093 1867 2281 1940 catholicae

473 1972 608 2122 suffigi
645 1986 835 2058 admodum
849 1982 1021 2054 studiosa.
1039 1981 1116 2052 Nec
1134 1979 1319 2074 quisquam
1331 1983 1481 2068 dubitat,
1503 1986 1601 2077 quin,
1618 1988 1647 2059 si
1666 1988 1797 2062 diutius
1816 1991 2058 2086 superfuisset,
2089 1991 2215 2088 religio
2240 1995 2281 2068 in

472 2149 513 2186 na
532 2131 617 2202 piatas
647 2113 773 2186 Suecia
790 2113 1006 2183 incrementa
1019 2107 1171 2203 cepisset
1184 2106 1353 2200 insignia.
1371 2107 1413 2177 ln
1427 2105 1530 2179 rebus
1544 2108 1708 2182 humanis
1721 2112 1914 2186 tolerandis
1929 2138 2033 2209 quam
2047 2116 2147 2188 sortis
2166 2129 2275 2204 esset,

645 2236 825 2332 complura
843 2255 954 2329 eaque
972 2231 1147 2328 praeolara
1164 2231 1261 2304 dedit
1278 2229 1499 2301 documenta.
1523 2231 1663 2306 Laudes
1682 2259 1753 2308 non
1777 2237 1889 2310 levius
1916 2239 2064 2323 serebat,
2090 2264 2194 2336 quam
2211 2242 2279 2315 alii

644 2355 1035 2434 soleantcontumelias.
1059 2354 1127 2433 Qui
1154 2375 1192 2425 se
1220 2350 1495 2438 collaudassent,
1520 2357 1685 2428 monebat
1703 2383 1777 2445 eos,
1807 2370 1926 2456 partes
1957 2366 2045 2435 istas
2066 2363 2141 2437 Deo
2161 2365 2278 2461 judici

645 2481 891 2566 reservandas,
907 2479 1019 2573 utqui
1037 2477 1134 2549 solus
1153 2477 1351 2548 animorum
1365 2476 1522 2548 latebras
1542 2485 1767 2578 perspiceret.
1802 2491 1889 2563 Cum
1916 2515 2116 2588 supremum
2136 2501 2278 2589 tempus

642 2608 727 2679 vitae
744 2613 940 2702 appeteret,
962 2603 1192 2676 sacramentis
1206 2601 1274 2673 rite
1288 2601 1334 2672 ad
1349 2600 1483 2673 luctam
1495 2607 1645 2693 munita,
1662 2613 1781 2687 multis
1797 2640 1876 2696 cum
1890 2615 2056 2714 lacrymis
2070 2625 2195 2712 questa
2207 2627 2279 2704 est,

644 2750 916 2824 senequaquam
935 2727 1065 2798 divinae
1078 2724 1283 2798 muneribus
1310 2725 1558 2804 beneficentiae
1584 2731 1620 2802 in
1647 2735 1720 2806 vita
1744 2739 1982 2833 respondisse.
2014 2740 2282 2817 Sacerdoteme

644 2853 819 2926 Societate
837 2858 911 2924 toto
926 2875 968 2924 eo
983 2833 1142 2944 te'mpore
1155 2849 1250 2944 apud
1265 2873 1304 2922 se
1318 2850 1431 2923 voluit
1444 2873 1523 2925 esse
1549 2856 1751 2945 assiduum;
1769 2885 1848 2934 eum
1876 2863 1919 2936 de
1941 2863 2046 2936 rebus
2072 2873 2283 2940 narrantem

510 2999 513 3006 ·
644 2963 773 3046 divinis
787 2974 877 3045 mira
894 2996 974 3045 cum
992 2970 1104 3043 animi
1118 2969 1303 3044 voluntate
1322 2972 1560 3047 auscultabat.

691 3100 807 3196 Atque
837 3099 894 3172 hic
923 3097 991 3170 fuit
1008 3098 1123 3171 exitus
1159 3094 1403 3192 maximusque
1437 3098 1571 3171 fructus
1597 3103 1825 3195 profectionis
1849 3097 1984 3183 'nostrae
2011 3109 2189 3184 Suedicae.
2210 3113 2281 3187 Su-

643 3228 742 3300 blata
760 3250 804 3300 ex
822 3225 934 3298 oculis
952 3225 1091 3318 regina,
1109 3245 1190 3317 spes
1204 3223 1338 3316 pariter
1356 3225 1470 3298 omnis
1488 3224 1673 3319 religionis
1692 3231 1726 3300 in
1744 3232 1906 3304 Sueciam
1926 3234 2136 3308 revocanda
2155 3236 2282 3310 Socios

642 3359 813 3432 destituit.
834 3357 925 3428 Tum
942 3355 1081 3429 demum
1112 3375 1178 3426 sua
1195 3353 1303 3426 etiam
1332 3351 1418 3437 filia,
1447 3353 1556 3447 probe
1583 3353 1700 3426 adhuc
1734 3355 1771 3426 in
1801 3357 1965 3429 manibus
1995 3359 2098 3431 bonae
2121 3361 2284 3454 parentis

642 3485 802 3568 educata,
824 3481 1055 3555 mobilitatem
1086 3481 1222 3575 ingenii
1240 3481 1332 3577 (quae
1367 3502 1405 3552 se
1426 3481 1612 3574 prodebat,
1634 3481 1772 3552 vivente
1799 3479 1904 3551 etiam
1930 3485 2054 3578 matre)
2078 3492 2211 3568 secuta,
2233 3487 2283 3558 ab
2397 3559 2401 3568 ,

641 3609 862 3683 institutione
893 3629 1028 3678 morum
1059 3606 1194 3700 pariter
1228 3627 1271 3677 ac
1301 3604 1476 3698 religione
1506 3606 1668 3679 descivit.
1697 3605 1788 3678 Aliis
1816 3606 1968 3700 denique
1995 3615 2076 3701 post
2109 3608 2200 3681 alios
2234 3611 2284 3683 ab

645 3733 806 3807 Ecclesia
840 3732 1005 3804 Romana
1039 3729 1287 3812 defluentibus,
1318 3727 1566 3822 Sigismundus
1595 3731 1671 3825 ipse
1701 3730 1866 3825 princeps
1897 3732 2027 3803 restitit
2052 3733 2170 3806 animo
2194 3757 2283 3806 con-

645 3859 775 3942 stanti;
813 3857 896 3928 hinc
931 3855 1042 3949 patris
1062 3853 1135 3937 ille,
1169 3853 1266 3925 illinc
1299 3854 1417 3948 patrui
1446 3853 1645 3926 hortatibus
1674 3853 1898 3946 importunis
1919 3855 2061 3928 aliunde
2090 3880 2280 3950 procorum

606 4013 610 4022 ⁴
644 3981 893 4055 haereticorum
924 3977 1208 4050 cavillationibus
1235 3983 1271 4050 et
1296 3976 1478 4048 fraudibus
1510 3984 1734 4072 oppugnatus
1761 3977 2019 4071 indignissime.
2041 3980 2142 4052 Nihil
2160 4005 2281 4054 mora·

645 4108 750 4179 batur
766 4103 972 4176 adolescens
1003 4124 1199 4196 generosus
1231 4106 1473 4172 assentatores
1509 4099 1641 4172 sororis
1676 4124 1750 4172 suae
1776 4101 1922 4196 perfidae
1941 4105 2207 4201 parasitosque;
2229 4109 2280 4180 ad

645 4255 750 4329 quam
768 4229 886 4303 studia
904 4251 969 4300 sua
991 4227 1152 4300 consulto
1166 4233 1214 4299 'et
1232 4226 1515 4299 benevolentiam
1533 4225 1757 4310 deferebant;
1778 4227 1899 4321 paucis
1920 4251 1959 4300 se
1989 4231 2276 4307 associantibus:

645 4354 766 4427 multis
797 4353 1063 4449 Sigismundum
1094 4375 1116 4424 a
1145 4351 1275 4424 virtuto
1299 4351 1512 4444 degenerem
1529 4358 1691 4445 paterna,
1719 4373 1762 4421 ao
1786 4358 1974 4444 propterca
2002 4352 2048 4423 ad
2065 4357 2280 4430 tractandas

646 4478 784 4572 imperii
800 4478 960 4550 habenas
977 4476 1078 4571 quasi
1095 4472 1300 4556 inhabilem,
1321 4473 1590 4548 mussitantibus
1608 4474 1678 4558 his,
1698 4473 1769 4544 illis
1787 4474 1903 4568 palam
1922 4475 2027 4546 etiarn
2054 4476 2279 4571 obloquenti·

647 4605 725 4678 bus.
747 4607 838 4678 Tum
855 4577 927 4677 tres
958 4603 1010 4676 illi
1028 4628 1047 4677 e
1065 4601 1241 4675 Societate
1271 4602 1404 4674 residui
1429 4625 1531 4697 quam
1548 4601 1710 4695 indigna,
1728 4620 1832 4691 quam
1862 4596 1970 4669 multa
1987 4598 2207 4693 pertulerint,
2231 4626 2279 4676 ex

645 4728 867 4803 contumeliis
897 4727 1003 4800 etiam
1023 4726 1078 4797 sui
1107 4725 1287 4820 principis,
1315 4725 1410 4808 licet,
1430 4725 1592 4820 colligas.
1615 4723 1837 4796 Convenerat
1862 4723 1985 4816 cuique
2002 4723 2095 4795 inter
2124 4745 2199 4808 eos,
2236 4738 2277 4801 ut

643 4851 840 4923 abstractos
858 4873 880 4922 a
900 4846 1140 4943 Sigismund0,
1167 4849 1280 4943 inqua
1303 4848 1421 4921 navim
1439 4851 1627 4944 conjectos,
1660 4850 1704 4921 ab
1735 4849 1830 4921 omni
1855 4872 1922 4921 sua
1949 4850 2096 4944 regione
2116 4851 2152 4921 in
2172 4873 2273 4936 oras,

643 4974 736 5047 unde
754 4999 792 5048 se
810 4976 959 5047 advenae
977 4973 1208 5068 appulissent,
1228 4974 1264 5044 in
1290 4961 1452 5068 gurgites
1479 4974 1577 5046 sinus
1605 4973 1744 5045 Finnici
1761 4973 1960 5069 rejicerent.
1994 4975 2064 5047 Sed
2083 4975 2275 5049 consilium

639 5103 874 5176 violentorum
891 5101 1083 5198 prudentia
1101 5100 1316 5172 moderatius
1334 5099 1516 5194 agentium
1533 5097 1752 5192 impeditum.

680 5251 725 5334 (1)
743 5253 939 5327 sigismundus
955 5254 1087 5328 princeps
1108 5255 1142 5310 ab
1155 5247 1294 5314 baselicis
1309 5252 1448 5324 carpitur.
