4930 6634
718 837 825 898 urana
848 837 1015 900 ooruvos
1037 805 1248 916 (roeo-roro).
1754 835 1814 900 307

185 1019 286 1093 venis
317 1043 396 1092 cum
413 1019 462 1090 ad
478 1042 617 1092 omnem
635 1019 776 1092 virtutis
794 1028 829 1092 et
845 993 1029 1107 doctrinae,
1049 1028 1125 1093 tum
1142 1022 1180 1093 in
1197 1020 1320 1116 primis
1341 1019 1387 1092 ad
1404 1019 1552 1114 poeticae
1569 1019 1657 1092 artis
1674 1018 1817 1092 laudem
1843 1029 1908 1084 leae

186 1151 290 1217 natus
315 1151 404 1216 erat.
438 1144 634 1238 Eleganter
663 1143 721 1216 hic
751 1144 875 1217 Musas
904 1167 988 1217 suas
1013 1145 1208 1217 amantibus
1235 1145 1435 1217 litterarum
1460 1143 1717 1216 commendavit
1741 1149 1817 1214 tum

186 1291 250 1340 suo
268 1268 416 1363 poeticae
432 1268 652 1362 magisterio,
672 1266 790 1340 Vilnae
805 1267 843 1339 in
866 1268 1060 1340 Academia
1079 1269 1348 1364 quadriennium
1364 1269 1584 1340 continenter
1605 1276 1813 1364 praeceptor,

185 1395 261 1460 tum
276 1389 365 1462 alias
379 1389 517 1485 scriptis
536 1413 558 1462 a
576 1413 613 1464 se
631 1391 852 1487 poematibus
877 1415 957 1487 quae
983 1395 1031 1494 iu
1045 1393 1210 1487 catalogo
1228 1393 1437 1487 provinciali
1463 1395 1672 1488 scriptorum
1695 1393 1729 1490 (ι)
1745 1416 1814 1465 nou

185 1512 397 1586 omittemus.
432 1501 607 1610 Magnum
643 1516 698 1586 sui
731 1515 876 1610 reliquit
910 1516 1123 1604 desiderium
1162 1516 1336 1604 omnibus,
1377 1525 1489 1590 morte
1523 1524 1740 1613 praecerptus
1772 1541 1815 1591 ex

184 1639 265 1712 tabe
288 1638 388 1711 lenta
406 1640 456 1711 VI
474 1638 648 1711 kalendas
666 1640 825 1712 martias.
1908 1705 1937 1758 H

233 1765 452 1850 Vladislaus,
473 1765 692 1861 Sigismundi
712 1767 765 1838 III
780 1767 997 1840 Polonorum
1015 1764 1113 1859 regis
1132 1764 1240 1850 filius,
1258 1765 1390 1838 Suetici
1408 1766 1510 1859 regni
1526 1765 1656 1848 haeres,
1673 1767 1813 1860 parenti
1840 1781 1894 1836 Rex
1915 1782 1990 1838 Polo-

185 1891 222 1962 in
247 1890 374 1962 solium
400 1889 609 1962 Polonicum
628 1891 822 1962 successit:
844 1888 1108 1963 commendatus
1126 1897 1237 1959 tuma
1255 1889 1363 1982 regiis
1380 1889 1611 1985 principibus,
1628 1887 1811 1972 fratribus,
1839 1875 1943 1993 fflr

186 2015 271 2100 suis,
293 2013 480 2098 Oasimiro,
500 2014 641 2086 Joanne
667 2014 828 2098 Alberto,
855 2014 996 2098 carole,
1018 2011 1236 2097 Alexandro,
1257 2020 1332 2083 turn
1352 2012 1521 2106 elegatis
1546 2013 1756 2108 principum,
1777 2011 1813 2084 in
1840 2014 1931 2069 vuor-

185 2139 308 2235 primis
325 2139 506 2234 pontificio
524 2139 663 2211 Urbani
680 2139 782 2223 VIII,
805 2147 840 2212 et
858 2139 1022 2212 Caesareo
1041 2136 1259 2210 Fordinandi
1277 2137 1313 2208 II
1334 2161 1341 2208 :
1362 2136 1494 2210 electus
1519 2138 1603 2209 anni
1629 2137 1723 2212 1632
1744 2125 1815 2208 idi·
1840 2094 1920 2150 Μ’

186 2264 250 2336 bus
269 2265 540 2349 novembribus;
566 2287 698 2336 corona
715 2265 783 2336 rite
803 2270 949 2336 ornatus
968 2263 1149 2336 cracoviae
1169 2261 1263 2334 1633
1281 2261 1332 2332 IV
1348 2259 1520 2333 kalendas
1534 2263 1691 2334 martias.
1710 2261 1813 2334 Prin·

183 2389 275 2484 cipio
294 2390 414 2462 statim
433 2390 612 2461 turbidum
629 2389 694 2460 fuit
711 2388 886 2461 Vladislai
913 2410 1075 2481 regnum,
1105 2386 1312 2458 Moscovitis
1337 2385 1469 2458 bellum
1495 2387 1806 2460 commoventibus.

183 2511 407 2586 Obsidebant
424 2511 476 2584 illi
494 2513 749 2597 Smolensoum‚
765 2534 942 2606 agrosque
962 2511 1143 2583 Polonicae
1156 2510 1300 2582 Russiae
1314 2509 1446 2582 vicinos
1465 2511 1631 2596 urebant;
1649 2510 1806 2598 ducibus,
1837 2501 1940 2631 acioli

182 2639 360 2712 Michaele
378 2638 605 2733 Borysowicz
624 2639 793 2723 Szehin0,
815 2645 850 2710 et
868 2636 1029 2709 Salmone
1046 2633 1624 2708 WasiIeviczProsorovslrio.Jam
1642 2636 1812 2709 Poloceu·
1838 2654 1963 2710 Mouri-

181 2767 309 2833 semet
331 2761 512 2833 civitatem
530 2768 565 2832 et
581 2760 800 2855 provinciam
819 2745 913 2831 ferro
932 2759 1078 2854 ignique
1097 2765 1303 2830 evastarant
1322 2782 1330 2842 ;
1352 2756 1389 2829 in
1415 2780 1529 2834 arcem
1556 2757 1713 2830 Polociae
1741 2781 1811 2830 non
1836 2735 1957 2869 ξοζᾞω

179 2891 456 2978 penetraverant
488 2883 629 2955 adhuc:
663 2891 803 2956 tutante
838 2906 912 2955 reru
943 2905 1056 2966 suam,
1076 2882 1235 2976 eorporis
1252 2880 1420 2976 reliquias
1450 2883 1503 2954 sui
1535 2882 1584 2953 ibi
1613 2882 1807 2977 depositas,
1837 2892 1951 2960 postas

180 3007 284 3080 beato
302 3007 324 3078 J
328 3009 478 3102 osaphat
495 3015 667 3103 martyre,
690 3005 935 3080 Polocensium
953 3011 1037 3077 ante
1054 3004 1174 3078 decem
1200 3029 1312 3078 annos
1330 3007 1508 3080 antistite:
1531 3007 1568 3079 id
1586 3006 1680 3102 quod
1690 3006 1812 3080 hostes
1837 2975 1987 3109 ζζζζίΡζὲζζ

176 3129 286 3203 etiarn
302 3129 455 3203 confessi
473 3139 568 3202 sunt.
590 3131 756 3225 Plerique
773 3154 818 3204 en
835 3129 922 3224 ipsis
940 3129 1035 3238 capti
1053 3129 1308 3201 confirmabant
1324 3129 1455 3228 nostris
1476 3155 1483 3202 :
1505 3153 1583 3202 cum
1605 3132 1727 3205 hostes
1745 3155 1805 3227 op·
1837 3137 1878 3188 tas
1895 3147 1953 3200 pro·

173 3262 379 3350 pugnarent
410 3277 541 3340 arcem,
567 3255 680 3327 visum
702 3255 832 3327 ¹fuisse·
852 3253 1058 3340 antistitem,
1080 3251 1194 3348 qualis
1226 3260 1444 3348 spectaretur
1470 3253 1507 3326 in
1533 3254 1606 3326 suis
1632 3255 1809 3352 Josaphat
1834 3215 1934 3286 pulset.

175 3378 414 3474 imaginibus;
434 3379 512 3452 luce
529 3378 778 3462 circumfusum
795 3387 831 3453 et
856 3378 1095 3473 fulgurantem
1121 3377 1285 3463 terribili,
1306 3378 1505 3474 moeniaque
1531 3378 1809 3454 inambulantem

175 3509 213 3573 et
227 3499 336 3584 valla,
353 3507 548 3573 struentem
564 3500 721 3573 illustres
736 3503 958 3598 nescioquas
973 3500 1290 3596 formidolosasque
1304 3504 1437 3596 copias,
1456 3500 1671 3598 bellicasque
1684 3513 1809 3577 contra
1887 3541 1890 3552 ·

176 3601 361 3696 machinas
379 3624 634 3698 collibrantom.
657 3627 747 3706 Quae
764 3627 899 3722 species
918 3625 1067 3721 perpulit
1085 3634 1179 3698 metu
1201 3625 1321 3698 hostes
1347 3649 1389 3698 ac
1412 3626 1608 3722 dissipavit.
1640 3628 1739 3701 Idem
1768 3653 1807 3703 se

177 3747 323 3834 vidisse,
340 3730 530 3822 narrarunt
543 3747 757 3822 Polocenses
775 3774 838 3823 suo
852 3751 1118 3846 archiepiscopo
1132 3750 1287 3822 Antonio
1306 3751 1469 3837 Sielava;
1486 3751 1545 3846 qui
1563 3761 1635 3825 tum
1651 3752 1806 3828 Polociae

173 3872 224 3944 ad
242 3895 324 3944 ossa
341 3873 437 3946 beati
455 3875 621 3972 martyris
645 3875 720 3950 Deo
742 3877 892 3950 salutem
913 3877 1040 3951 civium
1063 3899 1141 3947 cum
1163 3874 1406 3948 sacerdotibus
1424 3875 1497 3946 suis
1523 3877 1801 3950 commendabat.

174 3995 236 4066 Ita
252 3997 380 4091 ingens
399 3997 616 4070 Polonorum
634 4000 809 4072 exercitus
825 4002 986 4073 hostibus
1003 4001 1114 4086 visus,
1134 3999 1362 4094 legionesque
1379 3999 1451 4071 illae
1469 4001 1570 4094 quasi
1594 3999 1805 4074 fuhninatri·

170 4144 260 4206 ces;
294 4123 431 4194 homuli
460 4124 593 4196 scihcet
623 4124 671 4195 ibi
702 4131 903 4198 castrenses
932 4122 1172 4218 qulnquageni
1203 4146 1273 4194 non
1304 4121 1467 4218 amplius,
1486 4123 1699 4217 praesidiarii
1728 4126 1804 4221 ejus

168 4244 294 4332 arcis;
317 4245 604 4320 Smolenscenses
622 4248 763 4321 interim
781 4269 918 4319 summa
942 4245 1097 4318 hostium
1119 4245 1153 4315 vi
1181 4248 1400 4340 petebantur.
1429 4248 1512 4319 Jam
1537 4247 1803 4343 propugnacula
1829 4319 1853 4373 A
1873 4234 1947 4377 &133

168 4369 248 4442 duo
265 4378 472 4465 partemque
497 4375 664 4446 moenium
682 4373 859 4468 insignem
876 4370 1047 4443 Srehinus
1065 4371 1614 4467 prorueret,expugnavissetque
1631 4372 1789 4446 funditus
1829 4398 1915 4455 Ieme
1935 4400 1980 4456 oo

165 4497 320 4583 urbem,
347 4497 416 4568 nisi
432 4499 470 4569 in
494 4498 698 4572 defensores
724 4498 834 4569 fortes
859 4518 901 4566 ao
932 4502 1094 4568 strenuos
1124 4491 1343 4578 incurrisset.
1373 4494 1461 4568 Octo
1479 4519 1618 4570 menses
1636 4497 1748 4570 virtus
1766 4519 1804 4570 se
1829 4478 1977 4614 {gffffssgssj

164 4621 440 4694 defendentium
457 4621 609 4718 impetus
625 4622 781 4695 hostium
799 4627 834 4692 et
852 4617 1043 4690 obsidionis
1063 4615 1286 4690 difficultates
1305 4619 1482 4692 sustinuit.
1496 4619 1707 4695 Admonitus
1721 4621 1803 4694 civi·
1830 4639 1934 4693 tunm.

159 4745 220 4818 lis
249 4745 397 4839 periculi
422 4768 497 4832 rex,
523 4747 561 4818 in
585 4747 752 4820 Russiam
779 4745 1031 4840 christophoro
1061 4743 1242 4816 Radivillo
1269 4745 1343 4842 (pro
1370 4745 1489 4820 Leone
1520 4746 1686 4843 Sapieha,
1715 4747 1803 4822 duce

158 4869 350 4944 Lituanici
384 4871 558 4944 exercitus
594 4895 706 4968 nuper
730 4870 880 4966 mortuo)
897 4869 1033 4941 militiae
1051 4875 1137 4940 tum
1162 4869 1343 4964 praelecto,
1373 4894 1451 4943 cum
1477 4873 1550 4946 suis
1576 4875 1685 4970 copiis
1711 4897 1801 4969 prae·

156 4993 303 5067 misso:
324 4995 385 5090 qui
402 5002 550 5066 conatus
575 4994 722 5068 hostiles
748 4995 934 5067 distineret
958 4995 1144 5087 tantisper,
1167 4994 1251 5065 dum
1266 4993 1446 5089 paulisper
1462 4997 1538 5094 ipse
1555 4997 1673 5071 Vilnae
1690 4999 1801 5094 respi-

153 5125 273 5192 raret
289 5141 333 5192 ex
350 5118 499 5192 itinere:
521 5142 625 5214 quam
645 5118 796 5214 primum
813 5115 981 5190 recreatis
1006 5115 1153 5203 viribus,
1174 5141 1256 5192 mox
1281 5120 1324 5191 ad
1348 5119 1634 5198 Smolenscenses
1661 5123 1800 5218 magula

207 5259 258 5334 (1)
280 5257 340 5319 vu.
364 5259 529 5340 Catalogum
553 5261 720 5334 scriptorum
751 5277 766 5318 e
797 5259 941 5317 Lituaoiea
958 5257 987 5316 S.
1007 5257 1032 5318 J.
1049 5257 1205 5330 provincia.
1313 5309 1315 5314 .
