4896 6650
628 805 687 871 112
732 811 733 814 ’
1026 808 1303 872 LITUANIGARUM
1326 808 1540 870 SOCIETATIS
1560 809 1647 872 test]
1670 809 1923 871 ulsroulanon

624 992 729 1088 nique
746 992 983 1068 celebrabant.
1006 995 1187 1068 (lavabant
1204 993 1346 1067 interim
1364 993 1567 1090 diligenter,
1588 1019 1633 1069 ne
1658 996 1805 1093 quidde
1827 997 1923 1069 omni
1941 1018 2005 1068 suo
2032 991 2192 1066 convivio
2214 991 2250 1062 in

625 1116 717 1188 diem
739 1118 981 1212 insequentem
999 1126 1094 1191 esset
1111 1117 1257 1213 reliqui;
1279 1142 1360 1202 nam
1385 1118 1424 1190 id
1441 1118 1606 1214 religioni
1623 1121 1818 1194 habebatur
1836 1145 1843 1193 :
1861 1120 1943 1214 quin
1971 1141 2098 1214 aquam
2128 1117 2248 1200 etiam,

624 1263 694 1335 qua
713 1241 830 1314 lances
849 1249 970 1315 essent
987 1243 1104 1328 elotae,
1121 1244 1205 1337 igne
1218 1243 1357 1315 absumi
1370 1243 1723 1339 oportebatMortuis
1739 1245 1848 1339 dapes
1861 1241 2113 1316 anniversariis
2127 1239 2250 1313 diebus

624 1363 668 1435 ad
698 1365 852 1438 tumulos
883 1365 1120 1440 conferebant.
1144 1367 1259 1439 Officii
1281 1366 1369 1438 ritus
1399 1373 1477 1439 erat
1509 1364 1682 1459 ejusmodi
1704 1391 1711 1438 :
1733 1365 1947 1439 fundebatur
1970 1365 2156 1461 epolubro
2183 1363 2250 1434 sub

621 1487 776 1562 cibillam
793 1490 962 1587 lympha:
984 1514 1090 1587 super
1107 1491 1261 1564 tabulam
1280 1489 1481 1565 cochlearia
1499 1492 1765 1565 sustinebantur
1792 1499 1910 1565 erecta
1927 1491 1963 1562 in
1991 1488 2135 1585 quadris
2153 1512 2159 1560 :
2176 1498 2250 1561 tum

623 1611 670 1684 ad
686 1613 863 1698 lucernas,
879 1615 1074 1689 meridiano
1093 1618 1201 1689 etiam
1222 1624 1394 1711 tempore,
1411 1618 1541 1687 circum
1560 1616 1707 1710 positas,
1731 1616 1837 1688 dialis
1856 1616 2046 1710 sortilegus
2072 1613 2250 1708 conceptis

623 1740 811 1813 verborum
823 1739 984 1814 formulis
1005 1751 1161 1814 mortuos
1179 1741 1358 1838 appellat;
1376 1742 1514 1825 deinde,
1541 1741 1630 1813 bene
1657 1749 1822 1835 precatus
1840 1741 2025 1826 manibus,
2037 1763 2117 1812 cum
2134 1738 2251 1810 dome·

623 1866 720 1938 sticis
743 1867 917 1938 accumbit
934 1869 1094 1954 conviva,
1120 1868 1322 1966 primusque
1354 1866 1460 1938 offam
1492 1865 1621 1962 tripodi
1648 1867 1790 1960 subjicit
1802 1866 1848 1963 (ι).
1863 1867 2097 1939 Rutenorum
2115 1865 2249 1961 plebes,

625 2013 704 2084 quae
735 1989 792 2061 hic
820 1991 955 2085 degunt
983 1993 1193 2086 promiscue,
1219 1991 1263 2064 ad
1289 1989 1443 2064 tumulos
1469 1990 1630 2062 similiter
1656 1991 1753 2062 cibos
1785 1989 1953 2063 afferunt.
1989 1989 2082 2062 Illud
2113 2011 2250 2085 quoque

623 2113 782 2211 splenem
793 2116 879 2210 ipsis
893 2118 999 2189 etiam
1017 2118 1216 2212 agrestibus
1234 2115 1341 2188 hodie
1358 2122 1475 2187 movet
1498 2114 1779 2200 recordantibus,
1796 2113 1906 2188 fuisse
1928 2114 2116 2210 aliquando
2131 2137 2252 2209 super·

623 2238 781 2313 stitiosos
798 2240 887 2314 adeo
905 2243 1057 2338 majores
1085 2264 1167 2315 suos
1193 2243 1272 2338 (quo
1290 2240 1365 2312 vitii
1387 2262 1520 2335 genere
1537 2240 1787 2312 contaminatae
1805 2247 1908 2312 erant
1925 2245 2021 2313 certe
2038 2261 2160 2312 omnes
2177 2237 2253 2312 fere
2355 2299 2363 2306 .

624 2366 778 2437 omnium
797 2368 956 2461 gentium
974 2366 1140 2462 origines)
1158 2373 1197 2438 ut
1215 2365 1302 2438 nihil
1321 2365 1532 2460 occiperent‚
1550 2364 1690 2436 adirent
1708 2364 1799 2436 nihil
1811 2365 1924 2458 priua,
1941 2364 2046 2460 quam
2063 2364 2252 2460 propitias·

623 2497 702 2560 sent
715 2489 853 2584 genios,
869 2513 985 2563 rerum
1001 2491 1086 2585 ipsis
1099 2491 1332 2562 humanarum
1345 2487 1527 2582 praesides
1548 2487 1793 2560 conserendus
1812 2496 1889 2560 erat
1906 2487 2069 2582 frugibus
2087 2488 2249 2582 agellus:

624 2611 741 2705 gallus
759 2613 900 2685 omnino
919 2613 1123 2709 gallinaque
1141 2613 1189 2684 ad
1206 2613 1429 2706 secespitam,
1451 2612 1570 2684 invitis
1589 2611 1693 2684 etiam
1719 2610 2073 2695 matribus-familias,
2094 2611 2140 2684 ab
2161 2612 2253 2706 agri·

623 2735 709 2808 colis
731 2735 957 2824 ferebantur;
978 2747 1171 2832 aegrotaret
1184 2736 1335 2833 cuipiam
1352 2736 1447 2809 filius
1462 2779 1509 2789 -
1527 2735 1737 2831 sortilegum
1761 2756 1889 2831 parens
1922 2736 2127 2808 accersebat
2144 2761 2153 2821 ;
2174 2735 2248 2818 ille,

617 2858 724 2954 jactis
750 2861 907 2947 tesseris,
929 2884 1061 2955 agnum
1089 2861 1166 2945 deo,
1183 2884 1251 2957 quo
1269 2861 1359 2955 aegri
1376 2867 1480 2956 eaput
1497 2861 1696 2944 redimeret,
1712 2859 1910 2954 jugulabat.
1930 2859 1969 2933 Si
1989 2883 2059 2954 qna
2084 2881 2191 2953 pecus
2212 2859 2250 2929 in

620 3006 732 3080 grege
755 3007 817 3057 suo
841 2987 1048 3080 generosior
1073 2989 1184 3073 assata
1202 3009 1281 3058 eam
1307 2987 1482 3073 dominus,
1498 2985 1660 3058 facturam
1678 2992 1842 3080 precatus
1870 2984 2020 3057 similem
2045 2984 2082 3054 in
2098 2982 2250 3056 ovilibus

623 3107 697 3179 suis
715 3108 966 3204 armentisque,
987 3111 1039 3182 uti
1064 3116 1356 3206 propagarentur,
1384 3108 1578 3193 mactabat;
1607 3111 1651 3182 de
1680 3108 1845 3194 victimis,
1872 3115 2002 3203 praeter
2021 3113 2187 3203 parentes
2215 3116 2253 3179 et

621 3229 766 3318 liberoS,
800 3255 844 3306 ne
866 3232 1057 3329 degustare
1081 3234 1221 3328 quidem
1245 3234 1408 3329 cuiquam
1438 3232 1492 3304 fas
1518 3239 1602 3304 erat.
1625 3231 1760 3304 Diebus
1786 3231 1940 3306 adventu
1967 3229 2076 3302 divini
2098 3230 2252 3325 Spiritus

621 3353 832 3452 celebribus,
853 3355 991 3429 collatis
1012 3378 1077 3452 per
1098 3354 1260 3452 singulas
1278 3355 1428 3429 familias
1446 3355 1612 3427 frumenti
1629 3355 1800 3451 partibus,
1826 3377 1868 3427 ac
1885 3354 2027 3448 potione
2042 3375 2085 3426 ex
2102 3375 2145 3426 eo
2168 3376 2251 3425 oon·

622 3476 726 3565 fecta,
751 3480 981 3576 condictoque
994 3480 1041 3552 ad
1054 3504 1191 3553 coenam
1210 3481 1383 3578 symbolo,
1404 3481 1638 3566 conveniunt;
1660 3489 1746 3566 tum,
1767 3481 1880 3553 ariete
1894 3487 1955 3552 aut
1969 3481 2058 3553 bove
2071 3479 2116 3551 ad
2135 3478 2251 3571 ripam

622 3603 789 3676 torrentis
802 3603 993 3688 immolato,
1010 3605 1244 3678 discumbunt.
1262 3604 1330 3676 Hic
1344 3603 1548 3699 sortilegus,
1566 3614 1628 3676 aut
1644 3604 1748 3691 alius,
1767 3613 1852 3676 natu
1871 3603 2051 3699 grandior,
2069 3600 2113 3674 de
2134 3600 2256 3674 hostia

623 3727 809 3824 praelibat;
835 3730 918 3802 inde
944 3728 1082 3824 reliqui,
1107 3728 1325 3801 commodam
1351 3728 1430 3800 coeli
1456 3735 1700 3822 tempestatem
1718 3727 2005 3823 fertilitatemque
2022 3723 2249 3822 comprecati.

448 3845 583 3980 ἓξξὲζθῒῑ·
626 3851 710 3923 Cum
731 3851 820 3925 ritus
845 3854 1018 3948 ejusmodi
1035 3851 1312 3925 concionabundi
1340 3859 1586 3947 oppugnarent
1612 3852 1737 3936 nostri,
1770 3875 1849 3922 cum
1872 3850 1925 3921 illi
1951 3849 2123 3944 pecudum
2153 3871 2249 3933 ossa,

447 4002 570 4059 suante.
625 3975 766 4072 aliaque
786 3976 863 4072 ejus
887 3999 1045 4075 scrupeae
1064 3975 1248 4072 religionis
1263 3977 1366 4071 signa
1384 3999 1405 4047 a
1424 3977 1582 4071 postibus
1601 3982 1637 4048 et
1653 3977 1847 4070 parietibus
1869 3975 2093 4058 revellerent,
2110 3972 2255 4046 concul-

625 4109 758 4188 carent,
775 4103 933 4197 inrogos
958 4102 1199 4196 conjicerent:
1222 4125 1300 4173 cum
1327 4125 1409 4174 suas
1427 4124 1576 4194 quercus
1607 4100 1744 4174 divinas
1771 4100 2029 4184 exscinderent,
2046 4120 2257 4194 anguesque

627 4219 761 4312 samoe,
778 4224 1166 4321 patribus-familiarum
1183 4226 1371 4321 puerisque
1402 4225 1476 4297 suis
1496 4225 1573 4320 jam
1598 4225 1643 4297 ab
1670 4225 1890 4299 incunabulis
1915 4221 2121 4310 familiares,
2143 4221 2256 4296 elide·

627 4357 728 4436 rent;
749 4347 1018 4421 conclamabant
1035 4347 1180 4444 pagani,
1201 4349 1384 4444 profanari
1405 4372 1507 4422 sacra
1525 4374 1532 4422 :
1550 4349 1636 4422 deos
1658 4373 1754 4434 suos
1784 4359 1819 4423 et
1844 4350 2026 4434 arboreos,
2057 4358 2092 4422 et
2109 4348 2253 4434 fictiles,

626 4480 661 4544 et
677 4471 860 4561 saxatiles
878 4482 913 4547 et
930 4473 1090 4547 olitorios
1109 4475 1161 4546 ire
1182 4497 1335 4569 pessum.
1357 4459 1583 4547 Mirabantur
1600 4473 1675 4559 alii,
1693 4473 1836 4570 impune
1849 4476 1886 4546 in
1904 4474 2040 4547 aedibus
2059 4475 2132 4547 suis
2144 4472 2257 4546 lucis-

625 4619 693 4692 que
722 4596 927 4671 latrooinari
952 4599 1168 4694 sacrilegos,
1197 4597 1402 4688 Perkunum
1432 4598 1572 4670 interim
1599 4622 1713 4686 suum,
1743 4601 1906 4674 extinctis
1931 4599 2087 4695 ignibus,
2103 4598 2255 4692 frigere,

624 4731 824 4820 caeteraque
841 4707 920 4796 cum
932 4725 999 4796 hoc
1013 4725 1158 4796 numina
1174 4730 1321 4819 repente
1334 4721 1424 4795 adeo
1438 4723 1653 4817 elanguisse.
1669 4723 1785 4819 Atque
1799 4733 1913 4812 erant,
1930 4726 2002 4819 qui,
2023 4724 2107 4796 deos
2126 4721 2261 4796 obdor-

622 4852 744 4926 miisse
757 4853 824 4925 rati
843 4853 1147 4948 (quemadmodum
1169 4853 1329 4925 Chaldaei
1351 4851 1518 4925 adversus
1537 4853 1722 4925 Danielem
1739 4855 1914 4951 commoti)
1932 4878 2110 4927 murmure
2127 4854 2264 4927 clamo—

624 4977 793 5074 ribusque
818 4977 927 5050 loves
953 5000 1035 5050 suos
1061 4983 1307 5072 provocarent,
1328 4976 1591 5072 excitarentque
1621 4985 1828 5072 potestates
1851 5003 1937 5074 quas
1956 4987 2084 5053 vocant
2113 4978 2262 5066 aeriam

626 5103 689 5176 sed
705 5104 867 5178 turbines
885 5103 1063 5202 repentini
1082 5125 1340 5197 successusque
1353 5102 1495 5190 aedium,
1515 5101 1636 5197 illique
1648 5103 1808 5178 fremitus
1826 5112 1861 5178 et
1876 5104 2027 5179 latratus
2045 5105 2269 5198 rugitusque

667 5255 709 5332 (t)
733 5257 844 5330 Antiqui
857 5255 1013 5316 Rusaorum
1034 5257 1113 5331 ritus,
1130 5262 1159 5315 ct
1172 5255 1402 5334 Semigallorum,
1417 5255 1633 5334 Samogitarum,
1646 5253 1826 5314 Lituanorum
1843 5263 1870 5315 ot
1883 5256 2017 5316 livonum
2031 5256 2164 5335 gentiles.
