4930 6634
676 713 785 774 meur
809 713 934 799 nouus
957 716 1168 794 <reto-roeo).
1560 759 1563 766 .
1713 715 1773 779 335

153 900 346 998 palatinum
369 896 415 970 ad
440 919 561 968 arcum
582 895 843 993 triumphalem,
864 900 1060 996 exquisitis,
1081 900 1154 973 suis
1171 898 1346 995 praecipue
1364 897 1595 982 scholasticis,
1611 903 1774 970 ornatum
1799 920 1864 975 rota

154 1023 323 1098 artificiis.
344 1021 504 1094 Joannes
532 1020 736 1106 Casimirus‚
757 1023 853 1118 regis
875 1023 1050 1098 Vladislai
1075 1045 1265 1119 germanus
1283 1045 1327 1096 ex
1346 1022 1587 1116 sigismundo,
1607 1044 1678 1094 non
1700 1029 1774 1094 ute·
1801 1003 1918 1137 saulce

155 1150 253 1222 rinus
270 1169 314 1221 ex
332 1145 537 1219 Constantia
563 1145 674 1218 frater
698 1145 783 1242 (uati
803 1148 937 1222 scilicet
962 1172 1007 1222 ex
1030 1147 1136 1222 Anna
1151 1147 1353 1230 Austriaca,
1374 1168 1542 1240 germana
1560 1145 1777 1219 Constantios
1803 1158 1916 1216 enimi-

156 1271 287 1367 sorore)
305 1277 480 1366 regnante
504 1268 686 1350 Vladislao
704 1269 741 1342 iu
759 1271 921 1361 Polonia,
941 1273 979 1346 in
997 1273 1147 1346 Galliam
1167 1295 1205 1344 re
1223 1271 1380 1345 contulit.
1402 1272 1550 1344 Factum
1568 1270 1603 1342 id
1620 1277 1778 1366 tempore
1803 1245 1950 1396 2222?

155 1396 293 1480 alieno;
319 1389 420 1489 quasi
437 1391 459 1466 J
463 1414 597 1465 oannes
615 1400 766 1465 autnon
783 1396 1001 1469 meminisset
1017 1395 1205 1468 Austriaco
1223 1419 1261 1468 se
1278 1395 1410 1467 editum
1428 1402 1518 1478 satu,
1539 1400 1600 1466 aut
1613 1394 1775 1478 nesciret,
1803 1404 1876 1472 eius,
1894 1402 1953 1494 up-

156 1522 284 1596 ardere
297 1527 372 1593 tum
385 1517 517 1591 bellum
535 1517 731 1591 Germanos
746 1519 839 1591 inter
854 1527 890 1592 et
904 1519 1051 1594 Gallos:
1072 1520 1191 1616 itaque
1211 1541 1233 1589 a
1251 1517 1376 1604 Gallis,
1398 1519 1442 1590 de
1459 1516 1582 1589 iraude
1600 1518 1780 1612 suspican-
1805 1479 1884 1616 ἓξὲξ
1885 1495 1951 1616 ⁰13⁰*

155 1646 262 1730 tibus,
287 1667 350 1739 pro
368 1643 470 1716 hoste
488 1643 525 1714 in
544 1641 740 1716 custodiam
766 1643 875 1715 datus
896 1644 1142 1718 Cisteroniam.
1170 1643 1358 1716 Biennium
1377 1642 1414 1712 in
1427 1641 1489 1714 illa
1508 1641 1695 1713 solitudine
1721 1641 1780 1714 de·
1807 1641 1900 1696 virius.

156 1767 265 1841 lituit.
277 1767 489 1839 Vindicatus
502 1765 630 1838 deinde
642 1765 889 1861 peeradislai
903 1774 938 1839 et
951 1767 1089 1840 Urbani
1101 1766 1437 1863 pontificislegatoS,
1448 1765 1604 1861 perrexit
1616 1766 1779 1838 Romam.
1808 1724 1930 1864 gffi,

161 1892 228 1976 lbi,
251 1915 296 1964 ex
328 1889 472 1962 fastidio
502 1896 616 1962 status
647 1889 702 1961 sui
731 1913 840 1984 aeger,
865 1891 1021 1963 animum
1038 1891 1085 1962 ad
1103 1892 1313 1996 Societatem
1343 1897 1501 1961 nostram
1531 1888 1675 1984 appulit.
1699 1890 1786 1961 Post
1808 1889 1947 1963 principis.

162 2015 344 2098 biennium
372 2013 530 2108 religiosi
556 2012 710 2085 tirocinii
738 2020 901 2110 acceptus
917 2015 954 2086 in
973 2015 1169 2111 Collegium
1199 2013 1430 2094 cardinalium
1448 2015 1492 2086 ab
1511 2012 1716 2086 Innocentio
1733 2012 1782 2084 X.

161 2139 290 2235 Neque
315 2139 351 2210 in
385 2138 452 2210 isto
483 2136 597 2232 gradu
623 2137 646 2209 J
650 2159 782 2210 oannes
809 2138 876 2209 sibi
901 2139 1087 2212 videbatur
1111 2139 1249 2213 facilem
1274 2139 1407 2212 habere
1426 2147 1461 2211 et
1483 2137 1683 2232 expeditum
1704 2136 1787 2209 vitae

161 2285 316 2336 cursum.
340 2261 417 2342 Quo
436 2260 562 2354 sejam
580 2267 746 2346 verteret,
771 2260 856 2356 quid
871 2284 976 2356 porro
995 2270 1226 2359 exspectaret,
1246 2262 1464 2335 consuluisse
1481 2261 1593 2334 fertur
1617 2261 1787 2357 inclytum

161 2387 351 2462 sanctitate
381 2391 417 2460 et
435 2383 672 2481 praedicandis
697 2385 802 2457 rebus
832 2385 958 2459 futuris
975 2388 1089 2460 virum
1116 2411 1159 2460 ex
1186 2387 1317 2459 Ordine
1338 2386 1575 2458 Franciscano
1593 2385 1615 2457 J
1618 2385 1788 2480 osephum
1812 2412 1937 2470 predicte

161 2511 207 2583 de
225 2509 440 2608 Copertino;
460 2507 566 2604 idque
583 2508 774 2604 accepisse,
796 2510 889 2604 quod
914 2511 1047 2586 nollet:
1068 2535 1182 2606 neque
1201 2521 1240 2584 tu
1260 2512 1410 2594 Jesuita,
1430 2512 1544 2604 inquit
1561 2510 1700 2582 divinus
1717 2509 1784 2593 vir,
1812 2505 1924 2632 Jffl

161 2657 278 2730 neque
305 2640 343 2705 tu
370 2631 575 2705 cardinalis.
596 2633 792 2705 Obscurum
818 2633 886 2706 hoc
912 2633 1042 2707 Joanni
1068 2635 1134 2708 fuit
1163 2634 1528 2728 oraculum..Urgenti
1545 2656 1650 2729 porro
1668 2633 1788 2727 longis
1814 2649 1958 2706 Venerabi-

162 2759 342 2856 precibus‚
363 2756 489 2851 ecquid
505 2762 604 2829 vates
623 2765 765 2829 sanctus
790 2755 1015 2853 polliceretur
1032 2759 1099 2833 sibi
1116 2736 1265 2854 reguum
1282 2759 1454 2844 Poloniae,
1475 2758 1681 2854 respoudit:
1701 2757 1784 2830 Ab!
1813 2732 1945 2880 ᾗῖεξζζζζ

163 2881 334 2978 regnabis
350 2887 389 2954 tu
412 2879 564 2975 quidem,
590 2880 782 2974 regnabis:
804 2882 866 2954 sed
882 2903 1032 2977 regnum
1049 2889 1148 2955 tuum
1176 2907 1289 2979 neque
1318 2883 1382 2955 tibi
1413 2881 1579 2978 optabile,
1610 2903 1723 2976 neque
1740 2880 1788 2953 ci·
1814 2893 1936 2985 ceoper-

163 3007 269 3079 vibus
292 3006 362 3078 tuis
388 3003 619 3077 conducibile.
641 3006 764 3100 ltaque
784 3006 913 3092 evenit,
934 3006 1114 3100 quodsuis
1130 3006 1218 3079 locis
1240 3007 1472 3080 narrabimus.
1495 3007 1597 3086 Quod
1613 3006 1636 3078 J
1639 3028 1789 3078 oannem
1813 2977 1878 3029 τωο·

164 3135 203 3204 in
223 3137 352 3205 coetum
383 3153 486 3202 suum
516 3128 719 3202 admiserint
737 3130 843 3214 Socii,
862 3128 954 3202 male
983 3131 1021 3204 id
1049 3132 1173 3204 habuit
1190 3139 1263 3204 tum
1288 3132 1510 3204 Vladislaum
1527 3139 1601 3203 tum
1627 3152 1789 3227 proceres
1813 3159 1965 3216 veniam,

167 3255 352 3339 Poloniae3
375 3253 434 3348 qui
451 3254 472 3326 J
476 3253 709 3348 agellonicam
735 3253 902 3326 familiam
919 3257 1108 3352 propagari
1126 3257 1278 3330 maxime
1291 3264 1471 3353 cuperent,
1496 3263 1532 3328 et
1554 3255 1648 3350 apud
1670 3277 1708 3328 se
1734 3276 1790 3327 re·
1816 3239 1942 3375 isffll

167 3401 284 3474 gnare
312 3376 560 3450 immortalem.
591 3377 719 3449 Iratior
734 3377 816 3448 hinc
832 3378 1037 3452 Vladislaus
1066 3379 1200 3453 aulicos
1218 3403 1237 3454 e
1255 3381 1432 3454 Societate
1448 3377 1647 3473 theologos,
1667 3379 1793 3473 quibus
1908 3361 1913 3373 ⁸

169 3510 337 3577 amanter
358 3502 524 3574 utebatur
549 3501 676 3585 adhuc,
696 3503 911 3576 amandavit.
937 3504 1038 3576 Unus
1063 3527 1109 3578 ex
1138 3504 1209 3578 illis
1235 3505 1356 3600 utique
1382 3504 1449 3577 sibi
1463 3511 1503 3577 ut
1522 3503 1791 3599 relinqueretur,

169 3626 234 3698 vix
251 3625 417 3730 precibus
446 3626 647 3720 impetravit
674 3626 800 3720 regina
827 3626 978 3699 Caecilia.
1000 3629 1086 3700 Inde
1110 3652 1174 3702 rex
1203 3629 1292 3702 alias
1317 3627 1565 3723 religiosorum
1596 3635 1797 3730 respectare
1821 3645 1916 3700 versa·

169 3750 341 3834 familias,
364 3756 399 3823 et
416 3751 565 3824 invitare
595 3751 640 3822 ad
670 3773 720 3822 se.
741 3751 819 3822 Hac
848 3751 926 3847 ipsa
942 3759 1152 3849 tempestate
1181 3752 1303 3825 accivit
1331 3775 1481 3847 peregre
1510 3753 1638 3826 Patres
1656 3732 1797 3825 Ordinis
1821 3743 1968 3862 ffltssa

175 3877 430 3962 Calassantini,
451 3901 537 3972 quos
559 3876 667 3972 vulgo
684 3877 822 3973 piarum
839 3878 1037 3950 scholarum
1057 3879 1289 3974 appellamus,
1306 3886 1342 3950 et
1355 3879 1391 3949 in
1404 3884 1604 3950 constructo
1618 3878 1800 3950 Varsaviae
1820 3888 1876 3941 trev
1892 3889 1948 3956 pic·

178 4003 356 4076 domicilio
372 4003 565 4076 collocavit.
583 4003 791 4097 Quanquam
804 4003 872 4074 ista
885 4003 981 4096 regis
994 4001 1131 4076 offensa
1143 4027 1213 4075 non
1226 4003 1292 4074 fuit
1304 4003 1523 4087 immortalis,
1540 4025 1653 4096 neque
1669 4025 1798 4074 aunum
1820 3969 1970 4102 {ffinfffhl

176 4127 330 4223 amplius
348 4127 460 4200 tenuit
473 4126 664 4222 principem
683 4149 690 4196 :
711 4147 793 4197 nam
810 4125 937 4199 deinde
953 4133 988 4200 et
1003 4126 1140 4201 visebat
1156 4149 1251 4223 saepe
1262 4127 1500 4199 Varsaviense
1513 4125 1695 4198 Sociorum
1712 4132 1798 4198 tem·
1825 4123 1954 4183 concuic-

173 4251 290 4348 plum,
324 4257 360 4322 et
390 4249 592 4322 intermissa
622 4248 877 4322 benevolentiae
907 4250 1021 4323 officia
1051 4251 1152 4323 novis
1185 4249 1365 4328 beneficiis
1395 4250 1654 4345 compensabat.
1688 4250 1799 4321 Porro
1824 4209 1944 4345 ml?

173 4377 197 4450 J
202 4398 358 4448 oannem
377 4397 396 4446 e
415 4375 592 4449 Societate
617 4373 775 4445 evocavit
802 4396 897 4447 mors
922 4375 1153 4470 Sigismundi,
1174 4372 1352 4470 septennis
1379 4361 1492 4469 pueri,
1513 4372 1697 4446 Vladislao
1727 4373 1801 4445 nati
1824 4388 1937 4482 somnis

175 4523 222 4574 ex
255 4497 408 4572 Caecilia.
440 4498 518 4572 Hoc
545 4504 696 4582 mortuo,
717 4497 913 4592 expeditior
930 4498 997 4570 sibi
1013 4499 1199 4571 videbatur
1228 4505 1308 4595 post
1335 4496 1557 4569 Vladislaum
1586 4498 1623 4569 iu
1639 4520 1802 4592 regnum
1824 4472 1960 4606 ⁰322}ssssss

174 4627 257 4700 sore
290 4625 488 4711 successio;
516 4623 748 4696 invitantibus
781 4613 933 4698 maxime‘
955 4625 1088 4704 civibus
1119 4625 1205 4712 suis,
1233 4624 1338 4718 idque
1368 4645 1432 4719 per
1456 4622 1595 4718 legatos
1619 4624 1713 4718 apud
1732 4623 1803 4696 Ro·
1827 4623 1970 4692 neocaes

171 4773 321 4824 manum
352 4748 565 4822 Pontificem
596 4747 796 4842 agentibus.
1471 4817 1472 4822 ,
1828 4722 1922 4763 Μ’

229 4871 485 4946 Resselienses
513 4871 736 4944 conturbavit
764 4894 859 4942 mors
875 4869 1095 4942 Varmiensis
1114 4870 1170 4942 sui
1200 4869 1368 4965 episcopi,
1396 4870 1537 4944 Nicolai
1558 4871 1802 4968 Szyskovslrii.

176 4997 419 5093 comparabat
439 5018 478 5069 se
500 4997 614 5068 bonus
635 4994 795 5089 pontilex
811 4993 859 5065 ad
873 4990 1055 5066 condenda
1066 4992 1283 5067 ‘Resseliano
1302 4993 1461 5090 Collegio
1479 5003 1514 5068 et
1543 4996 1756 5070 domicilium
1771 5007 1808 5073 et

172 5119 352 5217 templum
372 5128 407 5193 et
433 5120 668 5216 gymnasium,
690 5119 817 5192 dirutis
846 5113 1023 5226 veteribus
1040 5117 1238 5211 parietinis.
1266 5117 1458 5192 Consilium
1484 5142 1578 5193 mors
1603 5123 1805 5195 antevertit.
