4948 6654
739 790 848 852 ursan
868 789 1027 862 oururus
1050 789 1263 870 (roco-roro).
1764 787 1822 852 221

197 975 436 1050 confessiones
458 999 466 1046 ε
492 973 660 1069 quidquid
689 975 854 1049 salutaris
880 975 984 1049 officii
1013 977 1050 1048 in
1076 999 1118 1049 eo
1150 993 1268 1049 rorum
1293 975 1442 1048 articulo
1477 974 1634 1048 exhiberi
1664 979 1817 1069 poterat,
1849 982 1912 1036 loro

197 1123 300 1173 omne
334 1100 371 1171 id
405 1099 591 1171 alacritate
625 1100 734 1172 animi
768 1101 921 1173 maxima
949 1109 1142 1195 praestare;
1178 1107 1218 1172 ut
1251 1100 1398 1195 proinde
1429 1099 1576 1171 istorum
1605 1098 1762 1172 consiliis
1787 1097 1852 1168 in

196 1223 322 1298 salutis
356 1223 514 1318 negotio,
548 1225 650 1318 quasi
676 1225 803 1296 ducum
829 1248 973 1296 suorum
998 1223 1154 1320 imperiis
1176 1224 1214 1295 in
1245 1225 1333 1327 acie,
1351 1231 1549 1296 castrenses
1566 1223 1670 1295 facile
1690 1222 1768 1317 regi
1787 1245 1824 1295 se

195 1348 462 1443 circumagique‘
497 1347 664 1420 sinerent.

247 1471 441 1566 Profligato
460 1471 602 1544 Suetico
616 1470 653 1540 in
673 1471 823 1542 Livonia
840 1468 945 1554 hello,
967 1491 1067 1541 arma
1083 1492 1147 1542 rex
1163 1468 1342 1542 transtulit
1362 1469 1399 1540 in
1419 1469 1612 1542 Severiam.
1634 1469 1769 1541 Urbem
1785 1469 1821 1539 in
1848 1459 1954 1514 B⁰¹¹¹¹¹¹¹

195 1619 240 1669 ea
253 1597 460 1692 principem,
482 1595 738 1681 Smolenscum,
765 1618 877 1690 nuper
896 1594 1043 1666 Polonis
1061 1601 1229 1688 ereptam,
1264 1593 1486 1666 Moscovitici
1504 1595 1628 1667 ductor
1645 1595 1820 1667 exercitus
1847 1538 1999 1671 pgorgoppm-

195 1720 353 1793 Michael
371 1720 537 1794 Borissos
556 1720 741 1804 Scheinus,
761 1720 909 1814 triginta
940 1717 1097 1812 praesidii
1114 1717 1269 1788 millibus
1299 1725 1518 1811 occupatam,
1539 1741 1690 1790 annonae
1720 1718 1820 1812 copia
1846 1696 1980 1830 3⁰¹⁰&

195 1865 445 1937 armorumque
463 1844 558 1915 omni
592 1867 724 1939 genere
743 1843 1005 1926 communitam,
1038 1841 1229 1914 obtinebat.
1270 1841 1317 1912 Bt
1335 1849 1390 1914 est
1412 1842 1495 1913 urbs
1522 1842 1595 1913 suis
1622 1843 1728 1915 etiam
1746 1844 1824 1936 ipsa

195 1970 371 2041 moenibus
384 1969 469 2041 satis
482 1968 584 2040 firma
601 1993 609 2039 :
630 1992 729 2042 muro
746 1967 816 2040 lato
835 1965 971 2053 cubitos
988 1975 1087 2038 octo:
1108 1967 1223 2039 cincta
1235 1966 1372 2038 turritis
1393 1967 1483 2038 serie
1498 1968 1608 2040 densa
1621 1991 1822 2062 propugna-

195 2092 297 2166 culis.
319 2091 395 2164 Arx
408 2091 445 2162 in
475 2091 565 2164 clivo
579 2093 707 2164 montis
736 2091 879 2186 Riphaei
893 2090 940 2161 ad
957 2090 1144 2173 Nebrium,
1170 2089 1244 2162 sive
1262 2089 1533 2183 Borysthenem,
1560 2091 1642 2184 sita,
1658 2089 1721 2162 illa
1734 2101 1820 2164 tem·

194 2224 334 2314 pestate
346 2217 421 2289 fere
446 2215 743 2310 inexpugnabilia.
776 2215 965 2286 Biennium
983 2214 1061 2285 haec
1078 2236 1100 2284 a
1131 2213 1277 2286 Polonis
1298 2221 1446 2299 tentata,
1471 2215 1538 2286 hoc
1558 2214 1708 2308 deniquo
1728 2237 1820 2320 anno

191 2339 377 2424 cuniculis,
397 2363 420 2410 a
439 2340 660 2434 Borysthene
677 2340 724 2410 ad
737 2338 887 2433 triginta
904 2337 1040 2410 cubitos
1058 2338 1159 2421 actis,
1190 2338 1349 2423 subruta,
1366 2343 1550 2432 captaque.
1574 2339 1671 2410 Intra
1689 2341 1820 2411 moenia
1847 2365 1936 2436 Expu-

195 2463 389 2538 obsidionis
406 2469 564 2556 tempore
582 2463 625 2533 ad
644 2462 825 2556 octoginta
842 2460 1043 2533 mortalium
1058 2460 1169 2532 millia
1185 2461 1243 2533 vel
1260 2461 1390 2534 morbis
1408 2461 1465 2533 vel
1482 2461 1711 2536 incommodis
1740 2463 1821 2536 belli
1846 2447 1967 2578 ffiul

192 2588 395 2682 absumpta.
422 2585 565 2658 Btanto
582 2608 730 2658 numero
750 2585 807 2656 vix
825 2592 903 2656 octo
928 2584 1039 2656 millia
1065 2585 1293 2679 superstitum
1318 2608 1450 2671 censa;
1483 2609 1570 2680 quos
1598 2587 1716 2659 salvos
1743 2613 1821 2662 esse
1848 2602 1978 2658 Sisolens-

188 2711 301 2808 jussit
314 2718 417 2803 atque
431 2707 627 2781 incolumes
645 2709 789 2781 victoris
808 2707 1007 2781 clementia.
1030 2709 1236 2802 Impositum
1249 2709 1329 2781 urbi
1345 2709 1515 2782 adversus
1533 2732 1644 2781 novas
1665 2711 1820 2783 hostium
1848 2682 1897 2737 ⁰1⁸·

194 2834 396 2908 molitiones
414 2830 631 2927 praesidium.
653 2833 702 2904 Ut
718 2855 823 2926 porro
850 2841 997 2905 conatus
1024 2855 1107 2904 suos
1137 2855 1289 2926 suasque
1307 2832 1390 2904 boni
1416 2831 1547 2927 publici
1565 2855 1668 2906 curas
1696 2834 1824 2929 Superi
1865 2893 1867 2900 .

193 2961 368 3032 adversus
388 2957 506 3051 gentis
528 2955 713 3028 catholicae
731 2956 852 3028 hostes
875 2957 1056 3028 fortunare
1082 2956 1227 3041 vellent,
1248 2957 1371 3028 orabat
1393 2957 1506 3029 bonus
1520 2957 1696 3053 princeps,
1715 2958 1820 3054 idque
1901 2987 1934 3042 36

193 3085 364 3182 precibus
381 3078 672 3165 commendabat;
694 3087 796 3152 utens
811 3079 983 3174 inprimis
998 3087 1160 3174 patron0,
1180 3081 1289 3153 heroe
1311 3080 1372 3153 illo
1386 3082 1505 3154 divino
1524 3083 1711 3155 Societatis
1733 3085 1755 3156 J
1758 3107 1819 3157 esu
1842 3065 1928 3120 uivus

714 3208 716 3212 Α
1846 3143 1970 3210 ignatius

193 3213 357 3306 parente,
379 3204 519 3300 Ignatio
533 3201 576 3276 de
591 3202 737 3300 Loyola,
762 3203 845 3275 anni
858 3203 962 3299 hujus
980 3213 1080 3276 sexto
1105 3203 1279 3277 kalendas
1308 3205 1451 3277 sextiles
1477 3228 1500 3276 a
1518 3206 1630 3279 Paulo
1647 3207 1677 3277 V
1694 3208 1761 3280 rite
1784 3209 1821 3280 in
1846 3216 1874 3272 in
1886 3219 1983 3274 Beatos

193 3338 329 3408 Beatos
347 3328 473 3403 relato.
488 3328 565 3401 Hoc
578 3328 808 3422 deprecatore
822 3350 864 3400 ac
878 3329 977 3413 duce,
993 3329 1115 3401 hostes
1129 3328 1311 3424 religionis
1325 3338 1360 3403 et
1374 3331 1514 3404 Lechici
1524 3332 1675 3404 nominis
1688 3332 1819 3426 saepius
1844 3297 1954 3354 'm'

191 3459 295 3532 lracti
314 3454 561 3551 prostratique.
585 3453 750 3547 Triginta
776 3475 897 3525 eorum
914 3453 1038 3537 millia,
1059 3476 1205 3525 numero
1224 3453 1438 3526 Polonorum
1453 3479 1540 3528 sane
1568 3456 1710 3551 exiguo,
1727 3459 1820 3553 apud
1905 3506 1938 3560 37

193 3583 378 3656 Clusinum
407 3577 526 3674 (1610)
542 3600 627 3672 pars
656 3599 763 3661 caesa,
793 3599 876 3670 pars
889 3601 966 3650 cum
997 3599 1062 3648 suo
1091 3577 1143 3648 M.
1170 3577 1268 3650 Duce
1286 3578 1420 3651 Basilio
1447 3579 1617 3676 Szuyskio
1648 3581 1685 3653 in
1701 3581 1823 3676 lugam
1847 3583 1998 3675 motinus-

195 3729 336 3780 aversa.
359 3703 537 3776 Promotis
569 3703 652 3775 inde
669 3702 778 3773 armis
796 3703 842 3773 ad
859 3701 937 3797 ipsa
951 3701 1109 3774 Moscuae
1139 3702 1283 3787 moenia,
1317 3725 1359 3774 eo
1378 3700 1448 3774 dux
1474 3702 1627 3797 polonici
1647 3705 1819 3779 exercitus
1843 3664 2000 3794 gpcrtgppnt

195 3827 399 3905 Stanislaus
430 3825 674 3898 Zolkievskius
705 3825 872 3920 compulit
904 3827 1039 3910 hostes,
1072 3833 1111 3897 ut
1133 3825 1185 3909 hi,
1205 3826 1377 3921 abrogato
1408 3826 1618 3920 magistratu
1645 3827 1724 3901 duci
1756 3852 1820 3901 suo
1844 3817 1988 3966 '1¹33ssss
1993 3937 1998 3949 Ι

194 3954 347 4038 Basilio,
367 3952 504 4048 regium
522 3951 716 4046 principem
733 3949 969 4035 Vladislaum,
1004 3937 1221 4045 Sigismundi
1249 3950 1373 4034 filium,
1395 3952 1512 4024 oblato
1537 3953 1684 4047 imperio
1699 3955 1822 4026 invita·

194 4087 276 4153 rent
290 4100 355 4173 per
369 4075 591 4148 Philarotum
605 4075 845 4157 Theodorum,
863 4075 1047 4146 Rostoviae
1066 4073 1386 4168 metropolitanum,
1397 4073 1441 4146 ¹et
1461 4075 1631 4148 Basilium
1647 4077 1821 4173 Galliozy-

192 4227 291 4289 num,
312 4201 465 4296 legatos
487 4199 639 4271 Versute
668 4199 702 4272 id
722 4197 784 4279 illi,
804 4205 839 4272 et
860 4221 903 4270 ex
932 4197 1002 4270 lide
1020 4221 1152 4292 graeca,
1185 4220 1233 4269 an
1247 4221 1290 4271 ex
1315 4199 1431 4272 animo
1458 4200 1626 4285 facerent,
1647 4200 1823 4295 explorari

192 4328 282 4401 satis
297 4327 369 4398 non
388 4330 540 4420 poterat.
558 4322 733 4416 Proptora
752 4320 993 4415 sigismundo,
1013 4321 1150 4393 timenti
1169 4321 1313 4394 Danaos
1330 4324 1424 4400 dona
1441 4299 1547 4394 eiiam
1561 4322 1727 4408 ferentes
1748 4347 1824 4418 per·

192 4450 347 4524 suadere
361 4446 505 4520 difficile
519 4453 608 4529 erat,
635 4455 673 4518 ut
702 4443 925 4516 Vladislaum
943 4445 1054 4538 genti,
1073 4445 1275 4538 nuperrime
1293 4446 1360 4517 sibi
1377 4446 1541 4528 inimicae,
1568 4446 1799 4518 committeret
1815 4472 1824 4531 ;

190 4574 340 4649 tametsi
358 4596 456 4645 suam
477 4570 545 4666 ipsi
571 4570 675 4642 fidem
702 4568 847 4641 Polonis
857 4567 1090 4664 jurejurando
1110 4568 1391 4641 obstrinxissent.
1423 4569 1527 4642 Pacis
1546 4568 1665 4665 itaque
1682 4570 1829 4643 consilia

189 4700 286 4772 inter
304 4705 490 4789 utramque
509 4701 652 4788 gentem
673 4692 841 4786 impedita
861 4691 990 4785 bellum
1011 4692 1093 4764 inde
1125 4715 1342 4787 consequens
1360 4691 1636 4766 inflammarunt.
1664 4693 1705 4764 ln
1722 4717 1827 4789 expu-

190 4829 310 4918 gnata
333 4817 655 4892 Smolenscensium
674 4816 759 4889 urbe
774 4816 909 4911 aliquot
935 4816 1162 4901 eSocietate,
1187 4837 1282 4888 anno
1316 4816 1406 4890 1611
1429 4814 1605 4902 collocati,
1639 4839 1760 4890 omues
1775 4817 1827 4888 in·

191 4946 345 5020 dustriae
367 4963 494 5016 nervos
512 4937 785 5022 contendebant,
822 4947 862 5011 ut
886 4938 1069 5033 religionis
1098 4939 1293 5022 catholicae,
1313 4962 1375 5034 per
1402 4941 1597 5014 Photianos
1627 4940 1828 5014 Orientales

190 5078 388 5166 corruptae,
408 5064 562 5141 studium
577 5073 613 5138 et
625 5064 834 5159 dignitatem
864 5087 966 5136 suum
997 5062 1165 5134 inlocum
1196 5064 1431 5137 restituerent.
1454 5066 1553 5139 lntra
1582 5065 1675 5139 arcis
1697 5067 1828 5138 moenia

188 5197 281 5294 ipsis
300 5193 477 5287 tantisper
509 5198 545 5264 et
561 5188 729 5284 templum
748 5197 825 5261 erat
855 5195 890 5260 et
907 5187 1121 5260 domicilium
1139 5213 1148 5272 3
1170 5211 1251 5260 mox
1273 5189 1310 5260 in
1333 5190 1422 5285 jugo
1449 5192 1619 5275 omnium,
1647 5191 1828 5286 inquibus
