4930 6634
622 781 685 850 260
841 782 1117 847 LlTUthCARUM
1140 787 1170 846 S.
1194 786 1220 845 1.
1247 784 1501 846 HISTORIARUM
1524 787 1632 846 LIBER
1655 787 1796 848 SEXTUS
1820 787 2032 864 (telo-1620).
2158 747 2160 750 Ι

622 970 762 1044 Suetice
780 993 894 1044 annes
925 972 970 1055 14
1004 969 1154 1064 amplius
1176 969 1298 1054 armis,
1328 965 1434 1054 fame,
1456 967 1538 1050 inde
1563 967 1767 1063 pestilentia
1797 969 1901 1044 etiam
1919 970 2108 1046 Livonices
2142 997 2248 1070 agros

593 1149 597 1166 .
621 1101 823 1191 perurente..
846 1094 910 1166 llle
928 1100 1004 1166 tum
1020 1094 1171 1166 maxime
1184 1093 1279 1165 cives
1299 1091 1336 1163 in
1350 1092 1470 1167 vacuis
1492 1091 1630 1188 oppidis
1644 1099 1679 1164 et
1692 1093 1808 1188 pagis,
1829 1094 1867 1166 in
1885 1095 1994 1191 sylvis
2011 1095 2195 1172 latitantes
2213 1105 2249 1186 et

619 1219 808 1314 speluncis,
840 1219 1066 1315 conquirere,
1101 1225 1136 1290 et
1162 1217 1414 1312 quibusquibus
1433 1224 1554 1312 posset
1586 1217 1750 1295 fomentis
1780 1219 1929 1292 miseros
1952 1219 2118 1309 reficere;
2149 1223 2249 1317 isque

619 1351 724 1418 aetate
737 1344 813 1439 Jam
830 1343 1114 1438 ingravescente,
1143 1341 1345 1414 valetudiue
1364 1340 1516 1424 infirma,
1538 1340 1680 1436 injuriis
1707 1349 1742 1415 et
1758 1343 1925 1438 periculis
1943 1344 2117 1418 obnoxius
2136 1371 2144 1419 ι
2165 1347 2249 1420 hinc

619 1468 686 1540 sibi
711 1468 871 1541 hostibus
897 1467 1088 1552 haereticis,
1122 1467 1218 1540 illinc
1234 1465 1447 1552 latronibus,
1476 1465 1611 1562 passim
1638 1467 1916 1540 occursantibus.
1952 1469 2068 1550 Quam
2098 1470 2142 1542 eb
2173 1494 2248 1545 rem

620 1591 807 1689 oppidanis
838 1591 1095 1686 rusticanisque
1113 1591 1202 1664 adeo
1220 1589 1286 1662 fuit
1303 1612 1421 1668 carus,
1442 1597 1481 1662 ut
1510 1613 1631 1664 omnes
1661 1591 1891 1664 communiter
1921 1592 2154 1666 Ertmannum
2182 1616 2246 1688 pro

616 1723 763 1813 parente
782 1740 846 1790 suo
868 1719 1052 1800 haberent,
1074 1715 1337 1810 carissimisque
1356 1715 1425 1787 sibi
1440 1714 1653 1801 nominibus,
1664 1716 1742 1811 jam
1759 1717 1854 1790 senis
1878 1717 2023 1804 demini,
2035 1720 2112 1814 jam
2129 1721 2240 1814 patris

616 1843 684 1928 sui,
706 1842 761 1914 sui
778 1840 947 1914 antistitis
958 1840 1016 1936 pii,
1032 1839 1238 1912 vocitarent.
1257 1838 1436 1910 Laborem
1445 1839 1589 1924 inediae,
1602 1863 1853 1925 aerumnarum,
1870 1865 1941 1913 non
1956 1842 2060 1914 modo
2072 1841 2244 1927 tolerans,

615 1965 678 2039 sed
704 1965 811 2039 etiam
829 1964 1087 2059 cupidissimus,
1112 1962 1160 2034 ad
1177 1984 1359 2056 supremos
1383 1964 1576 2036 senectutis
1604 1963 1679 2036 dies
1696 1964 1850 2038 habebat
1873 1988 2011 2060 semper
2027 1965 2094 2038 sibi
2117 1988 2245 2062 propo-

615 2090 733 2172 situm,
753 2088 846 2182 quod
859 2095 984 2182 agerat
1002 2087 1156 2159 utiliter:
1172 2109 1266 2160 nunc
1278 2087 1324 2158 ad
1338 2086 1454 2159 serum
1470 2087 1690 2182 poenitentiae
1707 2089 1890 2160 accusanti
1908 2111 1945 2160 se
1967 2088 2097 2186 popule
2116 2090 2242 2170 aderat

615 2213 780 2288 assiduus
799 2238 806 2284 :
830 2236 922 2297 nunc
936 2210 1245 2285 concionabundus
1263 2212 1468 2284 hortabatur
1489 2235 1496 2282 :
1515 2211 1617 2284 modo
1636 2212 1843 2284 rudimentis
1857 2213 2057 2286 christianae
2072 2213 2243 2288 doctrinae

614 2338 822 2411 instituebat
834 2335 972 2433 plebem
993 2361 1000 2409 :
1022 2334 1125 2408 modo
1144 2343 1299 2430 aegrotos
1317 2336 1473 2408 medicus
1489 2337 1687 2409 animorum
1704 2337 1901 2410 invisebat:
1923 2337 2019 2410 nulla
2040 2339 2122 2424 sibi,
2143 2363 2186 2412 ex
2198 2362 2241 2412 eo

605 2463 767 2536 maxime
783 2471 952 2557 tempore,
974 2483 1042 2555 quo
1065 2461 1101 2532 in
1128 2459 1340 2536 Societatem
1363 2469 1583 2556 aggregatus
1600 2469 1706 2548 esset,
1727 2462 1811 2533 boni
1834 2463 1989 2536 muneris
2002 2487 2157 2559 unquam
2173 2463 2241 2536 fuit

614 2588 765 2660 vacatio.
794 2579 1000 2683 Mortemh)
1019 2586 1152 2669 Patris,
1180 2585 1300 2658 laetam
1326 2584 1436 2670 illam,
1462 2586 1695 2684 spei'plenam
1714 2587 1868 2684 optimae,
1886 2589 2055 2677 omniurn,
2075 2589 2240 2664 Venden·

614 2713 704 2786 sium
721 2713 761 2786 in
776 2712 899 2810 primis
916 2711 1057 2796 civium,
1079 2711 1215 2807 excepit
1238 2709 1464 2795 desiderium,
1481 2711 1669 2784 multorum
1686 2712 1792 2784 etiam
1808 2713 2053 2808 comploratio.

657 2847 700 2932 (1)
722 2851 850 2914 Mortuus
862 2829 999 2912 lllnonas
1014 2852 1151 2922 octobris,
1169 2866 1271 2910 annum
1283 2851 1374 2910 atatis
1393 2850 1632 2929 septuagesimum
1651 2865 1795 2910 emensus.
