<?xml version="1.0" encoding="UTF-8"?>
<!DOCTYPE html PUBLIC "-//W3C//DTD XHTML 1.0 Transitional//EN"
    "http://www.w3.org/TR/xhtml1/DTD/xhtml1-transitional.dtd">
<html xmlns="http://www.w3.org/1999/xhtml" xml:lang="en" lang="en">
 <head>
  <title>
</title>
<meta http-equiv="Content-Type" content="text/html;charset=utf-8" />
  <meta name='ocr-system' content='tesseract 3.04.00' />
  <meta name='ocr-capabilities' content='ocr_page ocr_carea ocr_par ocr_line ocrx_word'/>
</head>
<body>
  <div class='ocr_page' id='page_1' title='image "./lituanicarumsoc00rostgoog_0039.png"; bbox 0 0 4906 6642; ppageno 0'>
   <div class='ocr_carea' id='block_1_1' title="bbox 666 747 1928 854">
    <p class='ocr_par' dir='ltr' id='par_1_1' title="bbox 666 747 1928 854">
     <span class='ocr_line' id='line_1_1' title="bbox 666 747 1928 854; baseline 0.015 -43"><span class='ocrx_word' id='word_1_1' title='bbox 666 747 706 812; x_wconf 84' lang='lat'><strong>12</strong></span> <span class='ocrx_word' id='word_1_2' title='bbox 1034 755 1309 817; x_wconf 84' lang='lat' dir='ltr'><strong>LITUANlCARUll</strong></span> <span class='ocrx_word' id='word_1_3' title='bbox 1333 759 1548 854; x_wconf 72' lang='lat' dir='ltr'><strong>SOClE&#39;lATlS</strong></span> <span class='ocrx_word' id='word_1_4' title='bbox 1569 768 1655 828; x_wconf 82' lang='lat' dir='ltr'>JESU</span> <span class='ocrx_word' id='word_1_5' title='bbox 1679 766 1928 830; x_wconf 82' lang='lat' dir='ltr'><strong>HISTORIARUM</strong></span> 
     </span>
    </p>
   </div>
   <div class='ocr_carea' id='block_1_2' title="bbox 489 930 2292 1158">
    <p class='ocr_par' dir='ltr' id='par_1_2' title="bbox 489 930 2292 1158">
     <span class='ocr_line' id='line_1_2' title="bbox 489 930 2291 1046; baseline 0.023 -56"><span class='ocrx_word' id='word_1_6' title='bbox 489 939 553 992; x_wconf 78' lang='lat' dir='ltr'><strong>rsus</strong></span> <span class='ocrx_word' id='word_1_7' title='bbox 666 930 819 1004; x_wconf 90' lang='lat' dir='ltr'><strong>ducenos</strong></span> <span class='ocrx_word' id='word_1_8' title='bbox 832 933 990 1026; x_wconf 89' lang='lat' dir='ltr'><strong>triginta,</strong></span> <span class='ocrx_word' id='word_1_9' title='bbox 1008 935 1044 1006; x_wconf 92' lang='lat' dir='ltr'><strong>in</strong></span> <span class='ocrx_word' id='word_1_10' title='bbox 1062 937 1214 1030; x_wconf 90' lang='lat' dir='ltr'><strong>quinque</strong></span> <span class='ocrx_word' id='word_1_11' title='bbox 1231 938 1423 1032; x_wconf 92' lang='lat' dir='ltr'><strong>primarum</strong></span> <span class='ocrx_word' id='word_1_12' title='bbox 1440 941 1570 1017; x_wconf 82' lang='lat' dir='ltr'><strong>classes</strong></span> <span class='ocrx_word' id='word_1_13' title='bbox 1584 948 1715 1021; x_wconf 92' lang='lat' dir='ltr'><strong>artium</strong></span> <span class='ocrx_word' id='word_1_14' title='bbox 1739 950 1883 1037; x_wconf 91' lang='lat' dir='ltr'><strong>divisos,</strong></span> <span class='ocrx_word' id='word_1_15' title='bbox 1903 974 2114 1046; x_wconf 83' lang='lat' dir='ltr'><strong>generosam</strong></span> <span class='ocrx_word' id='word_1_16' title='bbox 2133 957 2291 1032; x_wconf 86' lang='lat' dir='ltr'><strong>sobolem</strong></span> 
     </span>
     <span class='ocr_line' id='line_1_3' title="bbox 668 1057 2292 1158; baseline 0.019 -32"><span class='ocrx_word' id='word_1_17' title='bbox 668 1057 912 1129; x_wconf 86' lang='lat' dir='ltr'><strong>censebamus.</strong></span> <span class='ocrx_word' id='word_1_18' title='bbox 934 1057 1148 1132; x_wconf 85' lang='lat' dir='ltr'><strong>Exciverunt</strong></span> <span class='ocrx_word' id='word_1_19' title='bbox 1165 1060 1340 1158; x_wconf 80' lang='lat' dir='ltr'><strong>principes</strong></span> <span class='ocrx_word' id='word_1_20' title='bbox 1359 1065 1465 1138; x_wconf 89' lang='lat' dir='ltr'><strong>etiam</strong></span> <span class='ocrx_word' id='word_1_21' title='bbox 1489 1058 1584 1142; x_wconf 88' lang='lat' dir='ltr'><strong>viros</strong></span> <span class='ocrx_word' id='word_1_22' title='bbox 1615 1073 1661 1144; x_wconf 93' lang='lat' dir='ltr'><strong>ad</strong></span> <span class='ocrx_word' id='word_1_23' title='bbox 1678 1073 1861 1146; x_wconf 89' lang='lat' dir='ltr'><strong>visendam</strong></span> <span class='ocrx_word' id='word_1_24' title='bbox 1886 1099 1960 1148; x_wconf 91' lang='lat' dir='ltr'><strong>rem</strong></span> <span class='ocrx_word' id='word_1_25' title='bbox 1977 1100 2105 1150; x_wconf 93' lang='lat' dir='ltr'><strong>novam</strong></span> <span class='ocrx_word' id='word_1_26' title='bbox 2123 1080 2166 1152; x_wconf 91' lang='lat' dir='ltr'><strong>de</strong></span> <span class='ocrx_word' id='word_1_27' title='bbox 2181 1082 2292 1157; x_wconf 91' lang='lat' dir='ltr'><strong>initiis</strong></span> 
     </span>
    </p>
   </div>
   <div class='ocr_carea' id='block_1_3' title="bbox 486 1171 2292 1308">
    <p class='ocr_par' dir='ltr' id='par_1_3' title="bbox 486 1167 2292 1308">
     <span class='ocr_line' id='line_1_4' title="bbox 486 1171 2292 1308; baseline 0.02 -64"><span class='ocrx_word' id='word_1_28' title='bbox 486 1171 633 1308; x_wconf 51' lang='lat' dir='ltr'><strong>‘mm</strong></span> <span class='ocrx_word' id='word_1_29' title='bbox 669 1179 818 1274; x_wconf 86' lang='lat' dir='ltr'><strong>Collegii</strong></span> <span class='ocrx_word' id='word_1_30' title='bbox 835 1183 1137 1278; x_wconf 87' lang='lat' dir='ltr'><strong>Brunsbergensis</strong></span> <span class='ocrx_word' id='word_1_31' title='bbox 1168 1209 1328 1277; x_wconf 89' lang='lat' dir='ltr'><strong>rumores</strong></span> <span class='ocrx_word' id='word_1_32' title='bbox 1350 1187 1520 1285; x_wconf 90' lang='lat' dir='ltr'><strong>dissipati.</strong></span> <span class='ocrx_word' id='word_1_33' title='bbox 1552 1195 1689 1268; x_wconf 84' lang='lat' dir='ltr'><strong>Praeter</strong></span> <span class='ocrx_word' id='word_1_34' title='bbox 1719 1197 1821 1284; x_wconf 83' lang='lat' dir='ltr'><strong>alios,</strong></span> <span class='ocrx_word' id='word_1_35' title='bbox 1856 1201 1907 1272; x_wconf 90' lang='lat' dir='ltr'><strong>rei</strong></span> <span class='ocrx_word' id='word_1_36' title='bbox 1925 1206 2179 1296; x_wconf 88' lang='lat' dir='ltr'><strong>cognoscendae</strong></span> <span class='ocrx_word' id='word_1_37' title='bbox 2197 1208 2292 1303; x_wconf 92' lang='lat' dir='ltr'><strong>cupi-</strong></span> 
     </span>
    </p>
   </div>
   <div class='ocr_carea' id='block_1_4' title="bbox 379 1306 2289 1425">
    <p class='ocr_par' dir='ltr' id='par_1_4' title="bbox 379 1306 2289 1425">
     <span class='ocr_line' id='line_1_5' title="bbox 379 1306 2289 1425; baseline 0.016 -52"><span class='ocrx_word' id='word_1_38' title='bbox 379 1380 383 1385; x_wconf 57' lang='grc'><strong>,</strong></span> <span class='ocrx_word' id='word_1_39' title='bbox 486 1336 640 1391; x_wconf 82' lang='lat' dir='ltr'><strong>wiclivisit</strong></span> <span class='ocrx_word' id='word_1_40' title='bbox 668 1306 744 1392; x_wconf 91' lang='lat' dir='ltr'><strong>dos,</strong></span> <span class='ocrx_word' id='word_1_41' title='bbox 764 1308 877 1380; x_wconf 87' lang='lat' dir='ltr'><strong>adfuit</strong></span> <span class='ocrx_word' id='word_1_42' title='bbox 902 1309 1097 1383; x_wconf 89' lang='lat' dir='ltr'><strong>Stanislaus</strong></span> <span class='ocrx_word' id='word_1_43' title='bbox 1122 1312 1405 1414; x_wconf 75' lang='lat' dir='ltr'><strong>Varsnevickius</strong></span> <span class='ocrx_word' id='word_1_44' title='bbox 1426 1319 1480 1389; x_wconf 92' lang='lat' dir='ltr'><strong>vir</strong></span> <span class='ocrx_word' id='word_1_45' title='bbox 1509 1319 1669 1394; x_wconf 85' lang='lat' dir='ltr'><strong>claritate</strong></span> <span class='ocrx_word' id='word_1_46' title='bbox 1695 1324 1849 1416; x_wconf 90' lang='lat' dir='ltr'><strong>generis,</strong></span> <span class='ocrx_word' id='word_1_47' title='bbox 1872 1327 2091 1411; x_wconf 87' lang='lat' dir='ltr'><strong>sacerdotiis,</strong></span> <span class='ocrx_word' id='word_1_48' title='bbox 2112 1335 2148 1402; x_wconf 87' lang='lat' dir='ltr'><strong>et</strong></span> <span class='ocrx_word' id='word_1_49' title='bbox 2164 1332 2289 1425; x_wconf 86' lang='lat' dir='ltr'><strong>praeci-</strong></span> 
     </span>
    </p>
   </div>
   <div class='ocr_carea' id='block_1_5' title="bbox 485 1417 2290 2191">
    <p class='ocr_par' dir='ltr' id='par_1_5' title="bbox 485 1417 2290 2034">
     <span class='ocr_line' id='line_1_6' title="bbox 485 1417 2290 1564; baseline 0.017 -66"><span class='ocrx_word' id='word_1_50' title='bbox 485 1417 631 1564; x_wconf 47' lang='lat' dir='ltr'><strong>{afgllbffi&#39;</strong></span> <span class='ocrx_word' id='word_1_51' title='bbox 666 1429 745 1523; x_wconf 88' lang='lat' dir='ltr'><strong>puis</strong></span> <span class='ocrx_word' id='word_1_52' title='bbox 775 1429 813 1501; x_wconf 92' lang='lat' dir='ltr'><strong>in</strong></span> <span class='ocrx_word' id='word_1_53' title='bbox 857 1431 972 1526; x_wconf 87' lang='lat' dir='ltr'><strong>patria</strong></span> <span class='ocrx_word' id='word_1_54' title='bbox 1007 1432 1129 1505; x_wconf 90' lang='lat' dir='ltr'><strong>officiis</strong></span> <span class='ocrx_word' id='word_1_55' title='bbox 1162 1433 1324 1528; x_wconf 89' lang='lat' dir='ltr'><strong>insignis.</strong></span> <span class='ocrx_word' id='word_1_56' title='bbox 1358 1437 1586 1528; x_wconf 83' lang='lat' dir='ltr'><strong>Adolescens,</strong></span> <span class='ocrx_word' id='word_1_57' title='bbox 1625 1444 1663 1516; x_wconf 91' lang='lat' dir='ltr'><strong>in</strong></span> <span class='ocrx_word' id='word_1_58' title='bbox 1694 1447 1919 1520; x_wconf 83' lang='lat' dir='ltr'><strong>Germaniam</strong></span> <span class='ocrx_word' id='word_1_59' title='bbox 1948 1450 2146 1525; x_wconf 88' lang='lat' dir='ltr'><strong>litterarum</strong></span> <span class='ocrx_word' id='word_1_60' title='bbox 2181 1478 2290 1528; x_wconf 85' lang='lat' dir='ltr'><strong>causa</strong></span> 
     </span>
     <span class='ocr_line' id='line_1_7' title="bbox 665 1557 2288 1661; baseline 0.015 -34"><span class='ocrx_word' id='word_1_61' title='bbox 665 1557 806 1643; x_wconf 76' lang='lat' dir='ltr'><strong>missua,</strong></span> <span class='ocrx_word' id='word_1_62' title='bbox 828 1558 998 1652; x_wconf 89' lang='lat' dir='ltr'><strong>magistro</strong></span> <span class='ocrx_word' id='word_1_63' title='bbox 1017 1558 1182 1654; x_wconf 92' lang='lat' dir='ltr'><strong>Philippo</strong></span> <span class='ocrx_word' id='word_1_64' title='bbox 1208 1561 1473 1652; x_wconf 85' lang='lat' dir='ltr'><strong>Melanchtone‚</strong></span> <span class='ocrx_word' id='word_1_65' title='bbox 1493 1569 1664 1643; x_wconf 89' lang='lat' dir='ltr'><strong>doctrinae</strong></span> <span class='ocrx_word' id='word_1_66' title='bbox 1680 1570 1813 1643; x_wconf 88' lang='lat' dir='ltr'><strong>malum</strong></span> <span class='ocrx_word' id='word_1_67' title='bbox 1837 1581 2080 1661; x_wconf 87' lang='lat' dir='ltr'><strong>contraxerat;</strong></span> <span class='ocrx_word' id='word_1_68' title='bbox 2103 1586 2288 1652; x_wconf 90' lang='lat' dir='ltr'><strong>revocatus</strong></span> 
     </span>
     <span class='ocr_line' id='line_1_8' title="bbox 664 1681 2287 1797; baseline 0.015 -45"><span class='ocrx_word' id='word_1_69' title='bbox 664 1681 701 1753; x_wconf 92' lang='lat' dir='ltr'><strong>in</strong></span> <span class='ocrx_word' id='word_1_70' title='bbox 726 1681 890 1776; x_wconf 88' lang='lat' dir='ltr'><strong>patriam,</strong></span> <span class='ocrx_word' id='word_1_71' title='bbox 919 1704 939 1754; x_wconf 90' lang='lat' dir='ltr'><strong>e</strong></span> <span class='ocrx_word' id='word_1_72' title='bbox 968 1681 1134 1755; x_wconf 90' lang='lat' dir='ltr'><strong>seditiosa</strong></span> <span class='ocrx_word' id='word_1_73' title='bbox 1163 1690 1260 1756; x_wconf 88' lang='lat' dir='ltr'><strong>scota</strong></span> <span class='ocrx_word' id='word_1_74' title='bbox 1289 1687 1422 1780; x_wconf 89' lang='lat' dir='ltr'><strong>pariter</strong></span> <span class='ocrx_word' id='word_1_75' title='bbox 1443 1714 1481 1763; x_wconf 89' lang='lat' dir='ltr'><strong>se</strong></span> <span class='ocrx_word' id='word_1_76' title='bbox 1498 1692 1633 1765; x_wconf 84' lang='lat' dir='ltr'><strong>extulit.</strong></span> <span class='ocrx_word' id='word_1_77' title='bbox 1654 1694 1997 1791; x_wconf 87' lang='lat' dir='ltr'><strong>Brunsbergensium</strong></span> <span class='ocrx_word' id='word_1_78' title='bbox 2017 1699 2077 1772; x_wconf 92' lang='lat' dir='ltr'><strong>ille</strong></span> <span class='ocrx_word' id='word_1_79' title='bbox 2108 1701 2287 1797; x_wconf 91' lang='lat' dir='ltr'><strong>hospitum</strong></span> 
     </span>
     <span class='ocr_line' id='line_1_9' title="bbox 663 1805 2288 1918; baseline 0.014 -42"><span class='ocrx_word' id='word_1_80' title='bbox 663 1811 865 1878; x_wconf 88' lang='lat' dir='ltr'><strong>nostrorum</strong></span> <span class='ocrx_word' id='word_1_81' title='bbox 882 1827 998 1878; x_wconf 89' lang='lat' dir='ltr'><strong>mores</strong></span> <span class='ocrx_word' id='word_1_82' title='bbox 1016 1813 1051 1878; x_wconf 90' lang='lat' dir='ltr'><strong>et</strong></span> <span class='ocrx_word' id='word_1_83' title='bbox 1077 1805 1194 1878; x_wconf 92' lang='lat' dir='ltr'><strong>studia</strong></span> <span class='ocrx_word' id='word_1_84' title='bbox 1225 1808 1361 1882; x_wconf 92' lang='lat' dir='ltr'><strong>curiose</strong></span> <span class='ocrx_word' id='word_1_85' title='bbox 1390 1811 1549 1900; x_wconf 76' lang='lat' dir='ltr'><strong>intuitus,</strong></span> <span class='ocrx_word' id='word_1_86' title='bbox 1572 1816 1621 1888; x_wconf 89' lang='lat' dir='ltr'><strong>sic</strong></span> <span class='ocrx_word' id='word_1_87' title='bbox 1646 1817 1837 1904; x_wconf 86' lang='lat' dir='ltr'><strong>adamavit,</strong></span> <span class='ocrx_word' id='word_1_88' title='bbox 1857 1829 1896 1893; x_wconf 93' lang='lat' dir='ltr'><strong>ut</strong></span> <span class='ocrx_word' id='word_1_89' title='bbox 1914 1845 1952 1894; x_wconf 90' lang='lat' dir='ltr'><strong>se</strong></span> <span class='ocrx_word' id='word_1_90' title='bbox 1978 1829 2089 1918; x_wconf 85' lang='lat' dir='ltr'><strong>totum</strong></span> <span class='ocrx_word' id='word_1_91' title='bbox 2122 1825 2288 1898; x_wconf 88' lang='lat' dir='ltr'><strong>Societati</strong></span> 
     </span>
     <span class='ocr_line' id='line_1_10' title="bbox 663 1929 2285 2034; baseline 0.014 -34"><span class='ocrx_word' id='word_1_92' title='bbox 663 1929 799 2003; x_wconf 90' lang='lat' dir='ltr'><strong>dederit</strong></span> <span class='ocrx_word' id='word_1_93' title='bbox 807 1931 855 2026; x_wconf 85' lang='grc' dir='ltr'>(ι).</span> <span class='ocrx_word' id='word_1_94' title='bbox 877 1931 931 2002; x_wconf 86' lang='lat' dir='ltr'><strong>Ea</strong></span> <span class='ocrx_word' id='word_1_95' title='bbox 944 1954 1062 2004; x_wconf 89' lang='lat' dir='ltr'><strong>rerum</strong></span> <span class='ocrx_word' id='word_1_96' title='bbox 1080 1938 1282 2004; x_wconf 87' lang='lat' dir='ltr'><strong>nostrarum</strong></span> <span class='ocrx_word' id='word_1_97' title='bbox 1295 1933 1395 2007; x_wconf 91' lang='lat' dir='ltr'><strong>initia</strong></span> <span class='ocrx_word' id='word_1_98' title='bbox 1411 1938 1555 2012; x_wconf 92' lang='lat' dir='ltr'><strong>nimium</strong></span> <span class='ocrx_word' id='word_1_99' title='bbox 1575 1947 1743 2034; x_wconf 90' lang='lat' dir='ltr'><strong>quantum</strong></span> <span class='ocrx_word' id='word_1_100' title='bbox 1760 1940 2026 2018; x_wconf 89' lang='lat' dir='ltr'><strong>inflammabant</strong></span> <span class='ocrx_word' id='word_1_101' title='bbox 2039 1946 2285 2022; x_wconf 87' lang='lat' dir='ltr'><strong>baereticorum</strong></span> 
     </span>
    </p>

    <p class='ocr_par' dir='ltr' id='par_1_6' title="bbox 485 2054 2281 2191">
     <span class='ocr_line' id='line_1_11' title="bbox 485 2054 2281 2191; baseline 0.016 -69"><span class='ocrx_word' id='word_1_102' title='bbox 485 2136 628 2191; x_wconf 74' lang='lat' dir='ltr'><strong>nmnsoer·</strong></span> <span class='ocrx_word' id='word_1_103' title='bbox 660 2054 842 2127; x_wconf 91' lang='lat' dir='ltr'><strong>invidiam.</strong></span> <span class='ocrx_word' id='word_1_104' title='bbox 861 2055 1048 2127; x_wconf 75' lang='lat' dir='ltr'><strong>continere</strong></span> <span class='ocrx_word' id='word_1_105' title='bbox 1066 2077 1104 2126; x_wconf 91' lang='lat' dir='ltr'><strong>se</strong></span> <span class='ocrx_word' id='word_1_106' title='bbox 1121 2078 1192 2127; x_wconf 92' lang='lat' dir='ltr'><strong>non</strong></span> <span class='ocrx_word' id='word_1_107' title='bbox 1209 2064 1386 2151; x_wconf 86' lang='lat' dir='ltr'><strong>poterant,</strong></span> <span class='ocrx_word' id='word_1_108' title='bbox 1404 2065 1500 2158; x_wconf 89' lang='lat' dir='ltr'><strong>quin,</strong></span> <span class='ocrx_word' id='word_1_109' title='bbox 1520 2068 1638 2140; x_wconf 90' lang='lat' dir='ltr'><strong>multis</strong></span> <span class='ocrx_word' id='word_1_110' title='bbox 1655 2068 1773 2163; x_wconf 91' lang='lat' dir='ltr'><strong>palam</strong></span> <span class='ocrx_word' id='word_1_111' title='bbox 1786 2072 1932 2144; x_wconf 88' lang='lat' dir='ltr'><strong>tentatis</strong></span> <span class='ocrx_word' id='word_1_112' title='bbox 1946 2073 2079 2146; x_wconf 90' lang='lat' dir='ltr'><strong>frustra</strong></span> <span class='ocrx_word' id='word_1_113' title='bbox 2098 2076 2281 2163; x_wconf 86' lang='lat' dir='ltr'><strong>machinis,</strong></span> 
     </span>
    </p>
   </div>
   <div class='ocr_carea' id='block_1_6' title="bbox 483 2181 2310 5028">
    <p class='ocr_par' dir='ltr' id='par_1_7' title="bbox 483 2181 2310 5028">
     <span class='ocr_line' id='line_1_12' title="bbox 485 2181 2284 2292; baseline 0.012 -39"><span class='ocrx_word' id='word_1_114' title='bbox 485 2218 606 2287; x_wconf 67' lang='lat' dir='ltr'><strong>gencium</strong></span> <span class='ocrx_word' id='word_1_115' title='bbox 661 2205 705 2254; x_wconf 86' lang='lat' dir='ltr'><strong>ex</strong></span> <span class='ocrx_word' id='word_1_116' title='bbox 722 2181 858 2255; x_wconf 90' lang='lat' dir='ltr'><strong>insidiis</strong></span> <span class='ocrx_word' id='word_1_117' title='bbox 876 2183 1018 2255; x_wconf 90' lang='lat' dir='ltr'><strong>tandem</strong></span> <span class='ocrx_word' id='word_1_118' title='bbox 1035 2204 1145 2254; x_wconf 92' lang='lat' dir='ltr'><strong>novos</strong></span> <span class='ocrx_word' id='word_1_119' title='bbox 1171 2183 1412 2279; x_wconf 89' lang='lat' dir='ltr'><strong>Brunsbergae</strong></span> <span class='ocrx_word' id='word_1_120' title='bbox 1429 2187 1564 2262; x_wconf 88' lang='lat' dir='ltr'><strong>incolas</strong></span> <span class='ocrx_word' id='word_1_121' title='bbox 1593 2203 1852 2288; x_wconf 78' lang='lat' dir='ltr'><strong>oppugnarent.</strong></span> <span class='ocrx_word' id='word_1_122' title='bbox 1882 2196 2169 2292; x_wconf 89' lang='lat' dir='ltr'><strong>Depeculandam</strong></span> <span class='ocrx_word' id='word_1_123' title='bbox 2188 2223 2284 2274; x_wconf 89' lang='lat' dir='ltr'><strong>cum·</strong></span> 
     </span>
     <span class='ocr_line' id='line_1_13' title="bbox 483 2299 2281 2433; baseline 0.013 -59"><span class='ocrx_word' id='word_1_124' title='bbox 483 2299 631 2433; x_wconf 52' lang='lat' dir='ltr'><strong>fflfigu</strong></span> <span class='ocrx_word' id='word_1_125' title='bbox 659 2305 781 2400; x_wconf 89' lang='lat' dir='ltr'><strong>primis</strong></span> <span class='ocrx_word' id='word_1_126' title='bbox 799 2307 989 2378; x_wconf 87' lang='lat' dir='ltr'><strong>censebant</strong></span> <span class='ocrx_word' id='word_1_127' title='bbox 1005 2306 1134 2378; x_wconf 82' lang='lat' dir='ltr'><strong>famam</strong></span> <span class='ocrx_word' id='word_1_128' title='bbox 1160 2307 1351 2403; x_wconf 90' lang='lat' dir='ltr'><strong>hospitum.</strong></span> <span class='ocrx_word' id='word_1_129' title='bbox 1382 2311 1479 2384; x_wconf 89' lang='lat' dir='ltr'><strong>Inter</strong></span> <span class='ocrx_word' id='word_1_130' title='bbox 1508 2313 1651 2390; x_wconf 78' lang='lat' dir='ltr'><strong>fraudes</strong></span> <span class='ocrx_word' id='word_1_131' title='bbox 1680 2319 1812 2414; x_wconf 91' lang='lat' dir='ltr'><strong>primas</strong></span> <span class='ocrx_word' id='word_1_132' title='bbox 1829 2321 1922 2394; x_wconf 93' lang='lat' dir='ltr'><strong>istuc</strong></span> <span class='ocrx_word' id='word_1_133' title='bbox 1953 2322 2016 2395; x_wconf 86' lang='lat' dir='ltr'><strong>fuit</strong></span> <span class='ocrx_word' id='word_1_134' title='bbox 2034 2332 2281 2410; x_wconf 86' lang='lat' dir='ltr'><strong>commentum,</strong></span> 
     </span>
     <span class='ocr_line' id='line_1_14' title="bbox 483 2429 2283 2543; baseline 0.014 -46"><span class='ocrx_word' id='word_1_135' title='bbox 483 2454 539 2512; x_wconf 77' lang='lat' dir='ltr'><strong>des.</strong></span> <span class='ocrx_word' id='word_1_136' title='bbox 660 2451 744 2502; x_wconf 89' lang='lat' dir='ltr'><strong>sane</strong></span> <span class='ocrx_word' id='word_1_137' title='bbox 756 2429 947 2524; x_wconf 89' lang='lat' dir='ltr'><strong>illepidum.</strong></span> <span class='ocrx_word' id='word_1_138' title='bbox 969 2429 1204 2503; x_wconf 89' lang='lat' dir='ltr'><strong>Facinorosos</strong></span> <span class='ocrx_word' id='word_1_139' title='bbox 1221 2455 1241 2504; x_wconf 90' lang='lat' dir='ltr'><strong>c</strong></span> <span class='ocrx_word' id='word_1_140' title='bbox 1259 2455 1370 2528; x_wconf 79' lang='lat' dir='ltr'><strong>grege</strong></span> <span class='ocrx_word' id='word_1_141' title='bbox 1388 2457 1465 2520; x_wconf 89' lang='lat' dir='ltr'><strong>suo,</strong></span> <span class='ocrx_word' id='word_1_142' title='bbox 1485 2437 1609 2511; x_wconf 91' lang='lat' dir='ltr'><strong>habitu</strong></span> <span class='ocrx_word' id='word_1_143' title='bbox 1628 2442 1822 2530; x_wconf 51' lang='lat' dir='ltr'><strong>societatis,</strong></span> <span class='ocrx_word' id='word_1_144' title='bbox 1837 2451 1962 2532; x_wconf 89' lang='lat' dir='ltr'><strong>tectos,</strong></span> <span class='ocrx_word' id='word_1_145' title='bbox 1980 2447 2170 2543; x_wconf 89' lang='lat' dir='ltr'><strong>doctosque</strong></span> <span class='ocrx_word' id='word_1_146' title='bbox 2187 2472 2283 2523; x_wconf 92' lang='lat' dir='ltr'><strong>men·</strong></span> 
     </span>
     <span class='ocr_line' id='line_1_15' title="bbox 658 2525 2282 2654; baseline 0.012 -28"><span class='ocrx_word' id='word_1_147' title='bbox 658 2553 730 2637; x_wconf 90' lang='lat' dir='ltr'><strong>tiri,</strong></span> <span class='ocrx_word' id='word_1_148' title='bbox 749 2554 965 2640; x_wconf 89' lang='lat' dir='ltr'><strong>subornant;</strong></span> <span class='ocrx_word' id='word_1_149' title='bbox 986 2562 1092 2650; x_wconf 87' lang='lat' dir='ltr'><strong>atque</strong></span> <span class='ocrx_word' id='word_1_150' title='bbox 1116 2525 1185 2629; x_wconf 83' lang='lat' dir='ltr'><strong>hos</strong></span> <span class='ocrx_word' id='word_1_151' title='bbox 1203 2557 1344 2651; x_wconf 89' lang='lat' dir='ltr'><strong>quidem</strong></span> <span class='ocrx_word' id='word_1_152' title='bbox 1370 2556 1409 2628; x_wconf 92' lang='lat' dir='ltr'><strong>in</strong></span> <span class='ocrx_word' id='word_1_153' title='bbox 1427 2581 1561 2654; x_wconf 84' lang='lat' dir='ltr'><strong>ganeas</strong></span> <span class='ocrx_word' id='word_1_154' title='bbox 1579 2571 1614 2636; x_wconf 89' lang='lat' dir='ltr'><strong>et</strong></span> <span class='ocrx_word' id='word_1_155' title='bbox 1629 2563 1757 2651; x_wconf 89' lang='lat' dir='ltr'><strong>lustra,</strong></span> <span class='ocrx_word' id='word_1_156' title='bbox 1778 2567 1801 2639; x_wconf 86' lang='lat' dir='ltr'>J</span> <span class='ocrx_word' id='word_1_157' title='bbox 1804 2568 1936 2642; x_wconf 88' lang='lat' dir='ltr'><strong>esuitas</strong></span> <span class='ocrx_word' id='word_1_158' title='bbox 1953 2578 2072 2644; x_wconf 90' lang='lat' dir='ltr'><strong>autem</strong></span> <span class='ocrx_word' id='word_1_159' title='bbox 2090 2572 2126 2643; x_wconf 95' lang='lat' dir='ltr'><strong>in</strong></span> <span class='ocrx_word' id='word_1_160' title='bbox 2142 2573 2282 2646; x_wconf 86' lang='lat' dir='ltr'><strong>fabulas</strong></span> 
     </span>
     <span class='ocr_line' id='line_1_16' title="bbox 659 2663 2279 2782; baseline 0.01 -30"><span class='ocrx_word' id='word_1_161' title='bbox 659 2680 802 2753; x_wconf 91' lang='lat' dir='ltr'><strong>mittunt</strong></span> <span class='ocrx_word' id='word_1_162' title='bbox 814 2687 849 2754; x_wconf 88' lang='lat' dir='ltr'><strong>et</strong></span> <span class='ocrx_word' id='word_1_163' title='bbox 862 2682 1116 2755; x_wconf 90' lang='lat' dir='ltr'><strong>sermunculos.</strong></span> <span class='ocrx_word' id='word_1_164' title='bbox 1128 2682 1237 2778; x_wconf 84' lang='lat' dir='ltr'><strong>Atqui</strong></span> <span class='ocrx_word' id='word_1_165' title='bbox 1251 2663 1397 2757; x_wconf 89' lang='lat' dir='ltr'><strong>eminuit</strong></span> <span class='ocrx_word' id='word_1_166' title='bbox 1415 2709 1434 2758; x_wconf 90' lang='lat' dir='ltr'><strong>e</strong></span> <span class='ocrx_word' id='word_1_167' title='bbox 1448 2688 1546 2760; x_wconf 88' lang='lat' dir='ltr'><strong>vultu</strong></span> <span class='ocrx_word' id='word_1_168' title='bbox 1560 2689 1662 2763; x_wconf 86' lang='lat' dir='ltr'><strong>facile</strong></span> <span class='ocrx_word' id='word_1_169' title='bbox 1677 2697 1713 2764; x_wconf 89' lang='lat' dir='ltr'><strong>et</strong></span> <span class='ocrx_word' id='word_1_170' title='bbox 1726 2692 1881 2764; x_wconf 90' lang='lat' dir='ltr'><strong>moribus</strong></span> <span class='ocrx_word' id='word_1_171' title='bbox 1894 2692 2106 2765; x_wconf 88' lang='lat' dir='ltr'><strong>histrionum</strong></span> <span class='ocrx_word' id='word_1_172' title='bbox 2119 2695 2257 2768; x_wconf 83' lang='lat' dir='ltr'><strong>fallacia</strong></span> <span class='ocrx_word' id='word_1_173' title='bbox 2271 2723 2279 2782; x_wconf 94' lang='lat'>;</span> 
     </span>
     <span class='ocr_line' id='line_1_17' title="bbox 656 2803 2275 2911; baseline 0.012 -37"><span class='ocrx_word' id='word_1_174' title='bbox 656 2803 823 2900; x_wconf 91' lang='lat' dir='ltr'><strong>larvaque</strong></span> <span class='ocrx_word' id='word_1_175' title='bbox 837 2807 1006 2890; x_wconf 89' lang='lat' dir='ltr'><strong>detracta,</strong></span> <span class='ocrx_word' id='word_1_176' title='bbox 1020 2807 1134 2902; x_wconf 91' lang='lat' dir='ltr'><strong>patuit</strong></span> <span class='ocrx_word' id='word_1_177' title='bbox 1150 2830 1211 2880; x_wconf 91' lang='lat' dir='ltr'><strong>eos</strong></span> <span class='ocrx_word' id='word_1_178' title='bbox 1221 2807 1328 2881; x_wconf 88' lang='lat' dir='ltr'><strong>fuisse</strong></span> <span class='ocrx_word' id='word_1_179' title='bbox 1345 2810 1452 2904; x_wconf 89' lang='lat' dir='ltr'><strong>ipsos,</strong></span> <span class='ocrx_word' id='word_1_180' title='bbox 1472 2813 1531 2906; x_wconf 91' lang='lat' dir='ltr'><strong>qui</strong></span> <span class='ocrx_word' id='word_1_181' title='bbox 1543 2811 1581 2885; x_wconf 89' lang='lat' dir='ltr'><strong>in</strong></span> <span class='ocrx_word' id='word_1_182' title='bbox 1589 2813 1821 2910; x_wconf 87' lang='lat' dir='ltr'><strong>religionibus</strong></span> <span class='ocrx_word' id='word_1_183' title='bbox 1838 2817 1945 2894; x_wconf 84' lang='lat' dir='ltr'><strong>etiam</strong></span> <span class='ocrx_word' id='word_1_184' title='bbox 1959 2827 2160 2911; x_wconf 89' lang='lat' dir='ltr'><strong>quaererent</strong></span> <span class='ocrx_word' id='word_1_185' title='bbox 2174 2821 2275 2893; x_wconf 90' lang='lat' dir='ltr'><strong>adul-</strong></span> 
     </span>
     <span class='ocr_line' id='line_1_18' title="bbox 654 2929 2281 3035; baseline 0.01 -34"><span class='ocrx_word' id='word_1_186' title='bbox 654 2930 754 3002; x_wconf 89' lang='lat' dir='ltr'><strong>teria.</strong></span> <span class='ocrx_word' id='word_1_187' title='bbox 765 2931 853 3002; x_wconf 89' lang='lat' dir='ltr'><strong>Haec</strong></span> <span class='ocrx_word' id='word_1_188' title='bbox 866 2929 902 3002; x_wconf 90' lang='lat' dir='ltr'><strong>in</strong></span> <span class='ocrx_word' id='word_1_189' title='bbox 915 2930 1055 3003; x_wconf 89' lang='lat' dir='ltr'><strong>civitate</strong></span> <span class='ocrx_word' id='word_1_190' title='bbox 1073 2932 1213 3026; x_wconf 91' lang='lat' dir='ltr'><strong>quidem</strong></span> <span class='ocrx_word' id='word_1_191' title='bbox 1227 2938 1262 3004; x_wconf 88' lang='lat' dir='ltr'><strong>et</strong></span> <span class='ocrx_word' id='word_1_192' title='bbox 1274 2932 1351 3005; x_wconf 92' lang='lat' dir='ltr'><strong>luce</strong></span> <span class='ocrx_word' id='word_1_193' title='bbox 1368 2935 1521 3029; x_wconf 92' lang='lat' dir='ltr'><strong>publica.</strong></span> <span class='ocrx_word' id='word_1_194' title='bbox 1532 2936 1553 3007; x_wconf 90' lang='lat' dir='ltr'>J</span> <span class='ocrx_word' id='word_1_195' title='bbox 1556 2960 1613 3010; x_wconf 90' lang='lat' dir='ltr'><strong>am</strong></span> <span class='ocrx_word' id='word_1_196' title='bbox 1621 2939 1703 3033; x_wconf 93' lang='lat' dir='ltr'><strong>quid</strong></span> <span class='ocrx_word' id='word_1_197' title='bbox 1718 2939 1754 3010; x_wconf 90' lang='lat' dir='ltr'><strong>in</strong></span> <span class='ocrx_word' id='word_1_198' title='bbox 1765 2941 1868 3035; x_wconf 86' lang='lat' dir='ltr'><strong>pagis</strong></span> <span class='ocrx_word' id='word_1_199' title='bbox 1886 2948 1922 3014; x_wconf 86' lang='lat' dir='ltr'><strong>et</strong></span> <span class='ocrx_word' id='word_1_200' title='bbox 1939 2941 2076 3014; x_wconf 87' lang='lat' dir='ltr'><strong>circulis</strong></span> <span class='ocrx_word' id='word_1_201' title='bbox 2089 2941 2183 3016; x_wconf 88' lang='lat' dir='ltr'><strong>inter</strong></span> <span class='ocrx_word' id='word_1_202' title='bbox 2200 2967 2281 3018; x_wconf 89' lang='lat' dir='ltr'><strong>suas</strong></span> 
     </span>
     <span class='ocr_line' id='line_1_19' title="bbox 654 3055 2279 3164; baseline 0.01 -38"><span class='ocrx_word' id='word_1_203' title='bbox 654 3077 777 3140; x_wconf 90' lang='lat' dir='ltr'><strong>nurus,</strong></span> <span class='ocrx_word' id='word_1_204' title='bbox 797 3055 948 3130; x_wconf 78' lang='lat' dir='ltr'><strong>manime</strong></span> <span class='ocrx_word' id='word_1_205' title='bbox 964 3056 1210 3130; x_wconf 85' lang='lat' dir='ltr'><strong>haereticorum</strong></span> <span class='ocrx_word' id='word_1_206' title='bbox 1224 3056 1394 3132; x_wconf 78' lang='lat' dir='ltr'><strong>ministrii</strong></span> <span class='ocrx_word' id='word_1_207' title='bbox 1410 3061 1624 3147; x_wconf 88' lang='lat' dir='ltr'><strong>Precandcs,</strong></span> <span class='ocrx_word' id='word_1_208' title='bbox 1645 3062 1857 3150; x_wconf 88' lang='lat' dir='ltr'><strong>clamabant,</strong></span> <span class='ocrx_word' id='word_1_209' title='bbox 1875 3065 1959 3138; x_wconf 91' lang='lat' dir='ltr'><strong>deos</strong></span> <span class='ocrx_word' id='word_1_210' title='bbox 1972 3088 2093 3140; x_wconf 89' lang='lat' dir='ltr'><strong>omncs</strong></span> <span class='ocrx_word' id='word_1_211' title='bbox 2111 3067 2279 3164; x_wconf 86' lang='lat' dir='ltr'><strong>deasque,</strong></span> 
     </span>
     <span class='ocr_line' id='line_1_20' title="bbox 654 3184 2283 3285; baseline 0.007 -30"><span class='ocrx_word' id='word_1_212' title='bbox 654 3190 694 3255; x_wconf 92' lang='lat' dir='ltr'><strong>ut</strong></span> <span class='ocrx_word' id='word_1_213' title='bbox 710 3185 879 3285; x_wconf 87' lang='lat' dir='ltr'><strong>adversus</strong></span> <span class='ocrx_word' id='word_1_214' title='bbox 888 3184 1101 3278; x_wconf 88' lang='lat' dir='ltr'><strong>episcopum,</strong></span> <span class='ocrx_word' id='word_1_215' title='bbox 1127 3185 1266 3258; x_wconf 89' lang='lat' dir='ltr'><strong>hostem</strong></span> <span class='ocrx_word' id='word_1_216' title='bbox 1279 3184 1463 3280; x_wconf 89' lang='lat' dir='ltr'><strong>religionis</strong></span> <span class='ocrx_word' id='word_1_217' title='bbox 1477 3186 1674 3260; x_wconf 87' lang='lat' dir='ltr'><strong>reformatae</strong></span> <span class='ocrx_word' id='word_1_218' title='bbox 1689 3194 1725 3261; x_wconf 90' lang='lat' dir='ltr'><strong>et</strong></span> <span class='ocrx_word' id='word_1_219' title='bbox 1738 3211 1950 3276; x_wconf 87' lang='lat' dir='ltr'><strong>eversorem,</strong></span> <span class='ocrx_word' id='word_1_220' title='bbox 1963 3197 1998 3263; x_wconf 89' lang='lat' dir='ltr'><strong>et</strong></span> <span class='ocrx_word' id='word_1_221' title='bbox 2012 3191 2183 3265; x_wconf 92' lang='lat' dir='ltr'><strong>adversus</strong></span> <span class='ocrx_word' id='word_1_222' title='bbox 2196 3193 2283 3266; x_wconf 87' lang='lat' dir='ltr'><strong>istos</strong></span> 
     </span>
     <span class='ocr_line' id='line_1_21' title="bbox 654 3307 2278 3404; baseline 0.007 -24"><span class='ocrx_word' id='word_1_223' title='bbox 654 3309 821 3392; x_wconf 88' lang='lat' dir='ltr'><strong>advenas,</strong></span> <span class='ocrx_word' id='word_1_224' title='bbox 841 3309 963 3403; x_wconf 87' lang='lat' dir='ltr'><strong>nigros</strong></span> <span class='ocrx_word' id='word_1_225' title='bbox 980 3307 1154 3392; x_wconf 88' lang='lat' dir='ltr'><strong>homines,</strong></span> <span class='ocrx_word' id='word_1_226' title='bbox 1172 3309 1216 3380; x_wconf 90' lang='lat' dir='ltr'><strong>ab</strong></span> <span class='ocrx_word' id='word_1_227' title='bbox 1235 3311 1325 3383; x_wconf 89' lang='lat' dir='ltr'><strong>Orco</strong></span> <span class='ocrx_word' id='word_1_228' title='bbox 1340 3308 1517 3395; x_wconf 74' lang='lat' dir='ltr'><strong>dimissos</strong></span> <span class='ocrx_word' id='word_1_229' title='bbox 1538 3311 1672 3384; x_wconf 87' lang='lat' dir='ltr'><strong>civitati</strong></span> <span class='ocrx_word' id='word_1_230' title='bbox 1698 3335 1773 3385; x_wconf 86' lang='lat' dir='ltr'><strong>suae</strong></span> <span class='ocrx_word' id='word_1_231' title='bbox 1800 3323 2059 3390; x_wconf 87' lang='lat' dir='ltr'><strong>succurrerent.</strong></span> <span class='ocrx_word' id='word_1_232' title='bbox 2082 3317 2278 3404; x_wconf 87' lang='lat' dir='ltr'><strong>Postremo,</strong></span> 
     </span>
     <span class='ocr_line' id='line_1_22' title="bbox 657 3432 2282 3537; baseline 0.006 -34"><span class='ocrx_word' id='word_1_233' title='bbox 657 3432 911 3508; x_wconf 86' lang='lat' dir='ltr'><strong>dormientibus</strong></span> <span class='ocrx_word' id='word_1_234' title='bbox 930 3434 975 3506; x_wconf 93' lang='lat' dir='ltr'><strong>ad</strong></span> <span class='ocrx_word' id='word_1_235' title='bbox 994 3457 1075 3507; x_wconf 91' lang='lat' dir='ltr'><strong>suos</strong></span> <span class='ocrx_word' id='word_1_236' title='bbox 1089 3433 1262 3509; x_wconf 89' lang='lat' dir='ltr'><strong>clamores</strong></span> <span class='ocrx_word' id='word_1_237' title='bbox 1281 3435 1361 3521; x_wconf 88' lang='lat' dir='ltr'><strong>diis,</strong></span> <span class='ocrx_word' id='word_1_238' title='bbox 1383 3458 1427 3507; x_wconf 85' lang='lat' dir='ltr'><strong>ex</strong></span> <span class='ocrx_word' id='word_1_239' title='bbox 1442 3435 1588 3508; x_wconf 92' lang='lat' dir='ltr'><strong>consilio</strong></span> <span class='ocrx_word' id='word_1_240' title='bbox 1606 3443 1777 3521; x_wconf 89' lang='lat' dir='ltr'><strong>statuunt,</strong></span> <span class='ocrx_word' id='word_1_241' title='bbox 1799 3437 1969 3533; x_wconf 88' lang='lat' dir='ltr'><strong>siquidem</strong></span> <span class='ocrx_word' id='word_1_242' title='bbox 1987 3445 2083 3513; x_wconf 89' lang='lat' dir='ltr'><strong>artes</strong></span> <span class='ocrx_word' id='word_1_243' title='bbox 2101 3439 2190 3513; x_wconf 92' lang='lat' dir='ltr'><strong>nibil</strong></span> <span class='ocrx_word' id='word_1_244' title='bbox 2201 3464 2282 3537; x_wconf 91' lang='lat' dir='ltr'><strong>pro-</strong></span> 
     </span>
     <span class='ocr_line' id='line_1_23' title="bbox 656 3555 2281 3660; baseline 0.007 -34"><span class='ocrx_word' id='word_1_245' title='bbox 656 3555 814 3641; x_wconf 87' lang='lat' dir='ltr'><strong>ficerent,</strong></span> <span class='ocrx_word' id='word_1_246' title='bbox 828 3557 981 3652; x_wconf 87' lang='lat' dir='ltr'><strong>injuriis,</strong></span> <span class='ocrx_word' id='word_1_247' title='bbox 998 3558 1149 3632; x_wconf 87' lang='lat' dir='ltr'><strong>maxime</strong></span> <span class='ocrx_word' id='word_1_248' title='bbox 1163 3558 1269 3644; x_wconf 89' lang='lat' dir='ltr'><strong>fame,</strong></span> <span class='ocrx_word' id='word_1_249' title='bbox 1283 3559 1439 3631; x_wconf 89' lang='lat' dir='ltr'><strong>advenas</strong></span> <span class='ocrx_word' id='word_1_250' title='bbox 1456 3559 1513 3630; x_wconf 91' lang='lat' dir='ltr'><strong>vel</strong></span> <span class='ocrx_word' id='word_1_251' title='bbox 1528 3560 1724 3633; x_wconf 86' lang='lat' dir='ltr'><strong>enecandos</strong></span> <span class='ocrx_word' id='word_1_252' title='bbox 1735 3563 1792 3634; x_wconf 90' lang='lat' dir='ltr'><strong>vel</strong></span> <span class='ocrx_word' id='word_1_253' title='bbox 1805 3561 1947 3635; x_wconf 89' lang='lat' dir='ltr'><strong>ciendos</strong></span> <span class='ocrx_word' id='word_1_254' title='bbox 1961 3585 2005 3635; x_wconf 86' lang='lat' dir='ltr'><strong>ex</strong></span> <span class='ocrx_word' id='word_1_255' title='bbox 2023 3563 2165 3658; x_wconf 89' lang='lat' dir='ltr'><strong>oppido.</strong></span> <span class='ocrx_word' id='word_1_256' title='bbox 2182 3563 2281 3660; x_wconf 83' lang='lat' dir='ltr'><strong>Ergo</strong></span> 
     </span>
     <span class='ocr_line' id='line_1_24' title="bbox 657 3682 2277 3782; baseline 0.005 -30"><span class='ocrx_word' id='word_1_257' title='bbox 657 3688 889 3754; x_wconf 87' lang='lat' dir='ltr'><strong>commeatum</strong></span> <span class='ocrx_word' id='word_1_258' title='bbox 901 3703 1051 3768; x_wconf 89' lang='lat' dir='ltr'><strong>omnem,</strong></span> <span class='ocrx_word' id='word_1_259' title='bbox 1065 3683 1124 3776; x_wconf 87' lang='lat' dir='ltr'><strong>qui</strong></span> <span class='ocrx_word' id='word_1_260' title='bbox 1144 3682 1301 3778; x_wconf 78' lang='lat' dir='ltr'><strong>collegio</strong></span> <span class='ocrx_word' id='word_1_261' title='bbox 1325 3683 1452 3777; x_wconf 91' lang='lat' dir='ltr'><strong>quique</strong></span> <span class='ocrx_word' id='word_1_262' title='bbox 1472 3682 1690 3756; x_wconf 85' lang='lat' dir='ltr'><strong>scholasticis</strong></span> <span class='ocrx_word' id='word_1_263' title='bbox 1716 3693 2005 3782; x_wconf 68' lang='lat' dir='ltr'><strong>computaretur,</strong></span> <span class='ocrx_word' id='word_1_264' title='bbox 2025 3686 2277 3761; x_wconf 84' lang='lat' dir='ltr'><strong>intercludunt.</strong></span> 
     </span>
     <span class='ocr_line' id='line_1_25' title="bbox 656 3803 2310 3905; baseline 0 -25"><span class='ocrx_word' id='word_1_265' title='bbox 656 3807 704 3880; x_wconf 90' lang='lat' dir='ltr'><strong>At</strong></span> <span class='ocrx_word' id='word_1_266' title='bbox 721 3831 766 3881; x_wconf 91' lang='lat' dir='ltr'><strong>ne</strong></span> <span class='ocrx_word' id='word_1_267' title='bbox 783 3807 819 3881; x_wconf 90' lang='lat' dir='ltr'><strong>id</strong></span> <span class='ocrx_word' id='word_1_268' title='bbox 847 3809 987 3903; x_wconf 91' lang='lat' dir='ltr'><strong>quidem</strong></span> <span class='ocrx_word' id='word_1_269' title='bbox 1016 3803 1155 3882; x_wconf 88' lang='lat' dir='ltr'><strong>consilii</strong></span> <span class='ocrx_word' id='word_1_270' title='bbox 1181 3809 1393 3905; x_wconf 89' lang='lat' dir='ltr'><strong>procedebat</strong></span> <span class='ocrx_word' id='word_1_271' title='bbox 1426 3807 1629 3893; x_wconf 89' lang='lat' dir='ltr'><strong>malevolis;</strong></span> <span class='ocrx_word' id='word_1_272' title='bbox 1655 3807 1806 3880; x_wconf 89' lang='lat' dir='ltr'><strong>civitatis</strong></span> <span class='ocrx_word' id='word_1_273' title='bbox 1839 3807 1996 3901; x_wconf 89' lang='lat' dir='ltr'><strong>principe</strong></span> <span class='ocrx_word' id='word_1_274' title='bbox 2030 3807 2217 3882; x_wconf 82' lang='lat' dir='ltr'><strong>Cardinale</strong></span> <span class='ocrx_word' id='word_1_275' title='bbox 2234 3809 2280 3881; x_wconf 91' lang='lat' dir='ltr'><strong>ad</strong></span> <span class='ocrx_word' id='word_1_276' title='bbox 2306 3837 2310 3842; x_wconf 90' lang='lat'>·</span> 
     </span>
     <span class='ocr_line' id='line_1_26' title="bbox 658 3929 2280 4028; baseline 0.001 -25"><span class='ocrx_word' id='word_1_277' title='bbox 658 3954 779 4004; x_wconf 90' lang='lat' dir='ltr'><strong>omnes</strong></span> <span class='ocrx_word' id='word_1_278' title='bbox 791 3931 1021 4003; x_wconf 80' lang='lat' dir='ltr'><strong>factiosorum</strong></span> <span class='ocrx_word' id='word_1_279' title='bbox 1041 3940 1156 4004; x_wconf 90' lang='lat' dir='ltr'><strong>motus</strong></span> <span class='ocrx_word' id='word_1_280' title='bbox 1175 3932 1355 4028; x_wconf 88' lang='lat' dir='ltr'><strong>vigilante.</strong></span> <span class='ocrx_word' id='word_1_281' title='bbox 1377 3932 1517 4005; x_wconf 85' lang='lat' dir='ltr'><strong>Virtute</strong></span> <span class='ocrx_word' id='word_1_282' title='bbox 1542 3931 1643 4004; x_wconf 90' lang='lat' dir='ltr'><strong>Hosii</strong></span> <span class='ocrx_word' id='word_1_283' title='bbox 1662 3938 1697 4004; x_wconf 91' lang='lat' dir='ltr'><strong>et</strong></span> <span class='ocrx_word' id='word_1_284' title='bbox 1721 3930 1885 4003; x_wconf 91' lang='lat' dir='ltr'><strong>laudibus</strong></span> <span class='ocrx_word' id='word_1_285' title='bbox 1915 3931 2087 4003; x_wconf 88' lang='lat' dir='ltr'><strong>excitatus</strong></span> <span class='ocrx_word' id='word_1_286' title='bbox 2116 3929 2280 4006; x_wconf 78' lang='lat' dir='ltr'><strong>Andreas</strong></span> 
     </span>
     <span class='ocr_line' id='line_1_27' title="bbox 658 4053 2280 4154; baseline 0.002 -26"><span class='ocrx_word' id='word_1_287' title='bbox 658 4056 874 4142; x_wconf 80' lang='lat' dir='ltr'><strong>Noslrovius,</strong></span> <span class='ocrx_word' id='word_1_288' title='bbox 886 4056 1121 4131; x_wconf 72' lang='lat' dir='ltr'><strong>.Plocensium</strong></span> <span class='ocrx_word' id='word_1_289' title='bbox 1139 4058 1333 4154; x_wconf 90' lang='lat' dir='ltr'><strong>episcopus,</strong></span> <span class='ocrx_word' id='word_1_290' title='bbox 1347 4055 1539 4129; x_wconf 89' lang='lat' dir='ltr'><strong>invitandis</strong></span> <span class='ocrx_word' id='word_1_291' title='bbox 1552 4078 1595 4128; x_wconf 83' lang='lat' dir='ltr'><strong>ex</strong></span> <span class='ocrx_word' id='word_1_292' title='bbox 1611 4055 1736 4129; x_wconf 90' lang='lat' dir='ltr'><strong>eadem</strong></span> <span class='ocrx_word' id='word_1_293' title='bbox 1753 4054 1927 4126; x_wconf 81' lang='lat' dir='ltr'><strong>Societate</strong></span> <span class='ocrx_word' id='word_1_294' title='bbox 1943 4053 2143 4128; x_wconf 91' lang='lat' dir='ltr'><strong>hominibus</strong></span> <span class='ocrx_word' id='word_1_295' title='bbox 2156 4080 2280 4131; x_wconf 88' lang='lat' dir='ltr'><strong>curare</strong></span> 
     </span>
     <span class='ocr_line' id='line_1_28' title="bbox 660 4181 2282 4280; baseline -0.001 -21"><span class='ocrx_word' id='word_1_296' title='bbox 660 4184 788 4279; x_wconf 86' lang='lat' dir='ltr'><strong>etipse</strong></span> <span class='ocrx_word' id='word_1_297' title='bbox 808 4183 1022 4257; x_wconf 91' lang='lat' dir='ltr'><strong>domicilium</strong></span> <span class='ocrx_word' id='word_1_298' title='bbox 1040 4185 1227 4258; x_wconf 87' lang='lat' dir='ltr'><strong>Pultoviae.</strong></span> <span class='ocrx_word' id='word_1_299' title='bbox 1250 4183 1430 4256; x_wconf 86' lang='lat' dir='ltr'><strong>Cardinali</strong></span> <span class='ocrx_word' id='word_1_300' title='bbox 1447 4181 1587 4278; x_wconf 85' lang='lat' dir='ltr'><strong>quidem</strong></span> <span class='ocrx_word' id='word_1_301' title='bbox 1614 4181 1888 4264; x_wconf 85' lang='lat' dir='ltr'><strong>Commendono,</strong></span> <span class='ocrx_word' id='word_1_302' title='bbox 1918 4182 1993 4275; x_wconf 79' lang='lat' dir='ltr'><strong>ejus</strong></span> <span class='ocrx_word' id='word_1_303' title='bbox 2019 4181 2156 4255; x_wconf 92' lang='lat' dir='ltr'><strong>consilii</strong></span> <span class='ocrx_word' id='word_1_304' title='bbox 2183 4185 2282 4280; x_wconf 87' lang='lat' dir='ltr'><strong>adju·</strong></span> 
     </span>
     <span class='ocr_line' id='line_1_29' title="bbox 658 4303 2280 4402; baseline 0.001 -23"><span class='ocrx_word' id='word_1_305' title='bbox 658 4309 739 4392; x_wconf 91' lang='lat' dir='ltr'><strong>tori,</strong></span> <span class='ocrx_word' id='word_1_306' title='bbox 760 4308 861 4381; x_wconf 89' lang='lat' dir='ltr'><strong>sedes</strong></span> <span class='ocrx_word' id='word_1_307' title='bbox 878 4308 1084 4402; x_wconf 88' lang='lat' dir='ltr'><strong>colligendis</strong></span> <span class='ocrx_word' id='word_1_308' title='bbox 1108 4309 1304 4402; x_wconf 86' lang='lat' dir='ltr'><strong>hospitibus</strong></span> <span class='ocrx_word' id='word_1_309' title='bbox 1334 4305 1563 4402; x_wconf 90' lang='lat' dir='ltr'><strong>opportunior</strong></span> <span class='ocrx_word' id='word_1_310' title='bbox 1588 4305 1773 4378; x_wconf 90' lang='lat' dir='ltr'><strong>videbatur</strong></span> <span class='ocrx_word' id='word_1_311' title='bbox 1794 4303 1938 4389; x_wconf 89' lang='lat' dir='ltr'><strong>Plociae,</strong></span> <span class='ocrx_word' id='word_1_312' title='bbox 1972 4312 2047 4377; x_wconf 92' lang='lat' dir='ltr'><strong>tum</strong></span> <span class='ocrx_word' id='word_1_313' title='bbox 2078 4305 2280 4380; x_wconf 87' lang='lat' dir='ltr'><strong>celebritate</strong></span> 
     </span>
     <span class='ocr_line' id='line_1_30' title="bbox 659 4428 2279 4527; baseline 0.001 -24"><span class='ocrx_word' id='word_1_314' title='bbox 659 4432 768 4515; x_wconf 78' lang='lat' dir='ltr'><strong>urbia,</strong></span> <span class='ocrx_word' id='word_1_315' title='bbox 782 4439 857 4504; x_wconf 90' lang='lat' dir='ltr'><strong>tum</strong></span> <span class='ocrx_word' id='word_1_316' title='bbox 875 4431 954 4504; x_wconf 92' lang='lat' dir='ltr'><strong>aliis</strong></span> <span class='ocrx_word' id='word_1_317' title='bbox 968 4435 1084 4505; x_wconf 91' lang='lat' dir='ltr'><strong>causis</strong></span> <span class='ocrx_word' id='word_1_318' title='bbox 1101 4458 1109 4504; x_wconf 92' lang='lat'>:</span> <span class='ocrx_word' id='word_1_319' title='bbox 1127 4434 1201 4519; x_wconf 86' lang='lat' dir='ltr'><strong>sed,</strong></span> <span class='ocrx_word' id='word_1_320' title='bbox 1230 4433 1310 4527; x_wconf 88' lang='lat' dir='ltr'><strong>quia</strong></span> <span class='ocrx_word' id='word_1_321' title='bbox 1322 4432 1417 4504; x_wconf 87' lang='lat' dir='ltr'><strong>aedes</strong></span> <span class='ocrx_word' id='word_1_322' title='bbox 1431 4430 1503 4503; x_wconf 89' lang='lat' dir='ltr'><strong>illic</strong></span> <span class='ocrx_word' id='word_1_323' title='bbox 1516 4429 1727 4524; x_wconf 88' lang='lat' dir='ltr'><strong>accipiendis</strong></span> <span class='ocrx_word' id='word_1_324' title='bbox 1748 4451 1820 4499; x_wconf 92' lang='lat' dir='ltr'><strong>non</strong></span> <span class='ocrx_word' id='word_1_325' title='bbox 1836 4435 1942 4514; x_wconf 89' lang='lat' dir='ltr'><strong>esset,</strong></span> <span class='ocrx_word' id='word_1_326' title='bbox 1964 4428 2138 4502; x_wconf 87' lang='lat' dir='ltr'><strong>Pultoviae</strong></span> <span class='ocrx_word' id='word_1_327' title='bbox 2152 4432 2279 4504; x_wconf 90' lang='lat' dir='ltr'><strong>consti·</strong></span> 
     </span>
     <span class='ocr_line' id='line_1_31' title="bbox 659 4554 2276 4651; baseline 0.003 -24"><span class='ocrx_word' id='word_1_328' title='bbox 659 4562 732 4628; x_wconf 89' lang='lat' dir='ltr'><strong>tuta</strong></span> <span class='ocrx_word' id='word_1_329' title='bbox 757 4562 811 4628; x_wconf 89' lang='lat' dir='ltr'><strong>est</strong></span> <span class='ocrx_word' id='word_1_330' title='bbox 828 4554 987 4641; x_wconf 90' lang='lat' dir='ltr'><strong>colonia;</strong></span> <span class='ocrx_word' id='word_1_331' title='bbox 1008 4557 1067 4627; x_wconf 93' lang='lat' dir='ltr'><strong>ubi</strong></span> <span class='ocrx_word' id='word_1_332' title='bbox 1084 4580 1210 4651; x_wconf 89' lang='lat' dir='ltr'><strong>nempe</strong></span> <span class='ocrx_word' id='word_1_333' title='bbox 1234 4559 1380 4631; x_wconf 89' lang='lat' dir='ltr'><strong>vacabat</strong></span> <span class='ocrx_word' id='word_1_334' title='bbox 1402 4559 1536 4649; x_wconf 84' lang='lat' dir='ltr'><strong>domus,</strong></span> <span class='ocrx_word' id='word_1_335' title='bbox 1570 4557 1614 4629; x_wconf 92' lang='lat' dir='ltr'><strong>ab</strong></span> <span class='ocrx_word' id='word_1_336' title='bbox 1644 4555 1795 4629; x_wconf 92' lang='lat' dir='ltr'><strong>alumnis</strong></span> <span class='ocrx_word' id='word_1_337' title='bbox 1811 4556 2052 4631; x_wconf 82' lang='lat' dir='ltr'><strong>Oracoviensis</strong></span> <span class='ocrx_word' id='word_1_338' title='bbox 2077 4558 2276 4633; x_wconf 86' lang='lat' dir='ltr'><strong>Academiae</strong></span> 
     </span>
     <span class='ocr_line' id='line_1_32' title="bbox 659 4671 2273 4779; baseline 0.002 -27"><span class='ocrx_word' id='word_1_339' title='bbox 659 4679 839 4752; x_wconf 90' lang='lat' dir='ltr'><strong>derelicta.</strong></span> <span class='ocrx_word' id='word_1_340' title='bbox 867 4679 1059 4751; x_wconf 90' lang='lat' dir='ltr'><strong>Introducti</strong></span> <span class='ocrx_word' id='word_1_341' title='bbox 1078 4671 1172 4752; x_wconf 85' lang='lat' dir='ltr'><strong>Socii</strong></span> <span class='ocrx_word' id='word_1_342' title='bbox 1196 4681 1283 4775; x_wconf 91' lang='lat' dir='ltr'><strong>ipsis</strong></span> <span class='ocrx_word' id='word_1_343' title='bbox 1308 4681 1388 4754; x_wconf 92' lang='lat' dir='ltr'><strong>anni</strong></span> <span class='ocrx_word' id='word_1_344' title='bbox 1419 4683 1512 4756; x_wconf 86' lang='grc'>1566</span> <span class='ocrx_word' id='word_1_345' title='bbox 1541 4679 1704 4753; x_wconf 85' lang='lat' dir='ltr'><strong>kalendis</strong></span> <span class='ocrx_word' id='word_1_346' title='bbox 1725 4681 1913 4775; x_wconf 86' lang='lat' dir='ltr'><strong>januariis.</strong></span> <span class='ocrx_word' id='word_1_347' title='bbox 1943 4681 2084 4754; x_wconf 90' lang='lat' dir='ltr'><strong>Primus</strong></span> <span class='ocrx_word' id='word_1_348' title='bbox 2116 4683 2273 4779; x_wconf 80' lang='lat' dir='ltr'><strong>Collegio</strong></span> 
     </span>
     <span class='ocr_line' id='line_1_33' title="bbox 659 4802 2275 4899; baseline 0.004 -24"><span class='ocrx_word' id='word_1_349' title='bbox 659 4802 811 4899; x_wconf 86' lang='lat' dir='ltr'><strong>praefuit,</strong></span> <span class='ocrx_word' id='word_1_350' title='bbox 833 4825 875 4874; x_wconf 91' lang='lat' dir='ltr'><strong>ac</strong></span> <span class='ocrx_word' id='word_1_351' title='bbox 892 4825 997 4896; x_wconf 90' lang='lat' dir='ltr'><strong>porro</strong></span> <span class='ocrx_word' id='word_1_352' title='bbox 1016 4825 1127 4875; x_wconf 91' lang='lat' dir='ltr'><strong>annos</strong></span> <span class='ocrx_word' id='word_1_353' title='bbox 1148 4803 1221 4876; x_wconf 82' lang='lat' dir='ltr'><strong>fere</strong></span> <span class='ocrx_word' id='word_1_354' title='bbox 1251 4806 1296 4878; x_wconf 73' lang='lat'><strong>12</strong></span> <span class='ocrx_word' id='word_1_355' title='bbox 1325 4803 1536 4898; x_wconf 86' lang='lat' dir='ltr'><strong>gubernavit</strong></span> <span class='ocrx_word' id='word_1_356' title='bbox 1554 4810 1681 4888; x_wconf 88' lang='lat' dir='ltr'><strong>rector,</strong></span> <span class='ocrx_word' id='word_1_357' title='bbox 1711 4804 1907 4878; x_wconf 88' lang='lat' dir='ltr'><strong>Stanislaus</strong></span> <span class='ocrx_word' id='word_1_358' title='bbox 1933 4807 2275 4894; x_wconf 77' lang='lat' dir='ltr'><strong>RodadrazevskiuS,</strong></span> 
     </span>
     <span class='ocr_line' id='line_1_34' title="bbox 658 4927 2279 5028; baseline 0.006 -31"><span class='ocrx_word' id='word_1_359' title='bbox 658 4927 784 4999; x_wconf 91' lang='lat' dir='ltr'><strong>nobilis</strong></span> <span class='ocrx_word' id='word_1_360' title='bbox 794 4927 963 5013; x_wconf 76' lang='lat' dir='ltr'><strong>PolonuS,</strong></span> <span class='ocrx_word' id='word_1_361' title='bbox 981 4950 1025 5000; x_wconf 84' lang='lat' dir='ltr'><strong>ex</strong></span> <span class='ocrx_word' id='word_1_362' title='bbox 1035 4927 1140 5002; x_wconf 69' lang='lat' dir='ltr'><strong>,Urbe</strong></span> <span class='ocrx_word' id='word_1_363' title='bbox 1160 4929 1298 5001; x_wconf 88' lang='lat' dir='ltr'><strong>missus.</strong></span> <span class='ocrx_word' id='word_1_364' title='bbox 1321 4928 1455 5000; x_wconf 84' lang='lat' dir='ltr'><strong>Eodem</strong></span> <span class='ocrx_word' id='word_1_365' title='bbox 1471 4927 1588 5001; x_wconf 90' lang='lat' dir='ltr'><strong>statim</strong></span> <span class='ocrx_word' id='word_1_366' title='bbox 1602 4951 1721 5001; x_wconf 91' lang='lat' dir='ltr'><strong>mense</strong></span> <span class='ocrx_word' id='word_1_367' title='bbox 1738 4930 1945 5002; x_wconf 85' lang='lat' dir='ltr'><strong>exercendae</strong></span> <span class='ocrx_word' id='word_1_368' title='bbox 1955 4933 2132 5026; x_wconf 90' lang='lat' dir='ltr'><strong>juventuti</strong></span> <span class='ocrx_word' id='word_1_369' title='bbox 2146 4940 2279 5028; x_wconf 89' lang='lat' dir='ltr'><strong>apertae</strong></span> 
     </span>
    </p>
   </div>
   <div class='ocr_carea' id='block_1_7' title="bbox 656 5050 2274 5154">
    <p class='ocr_par' dir='ltr' id='par_1_8' title="bbox 656 5050 2274 5154">
     <span class='ocr_line' id='line_1_35' title="bbox 656 5050 2274 5154; baseline 0.004 -32"><span class='ocrx_word' id='word_1_370' title='bbox 656 5058 731 5125; x_wconf 89' lang='lat' dir='ltr'><strong>tres</strong></span> <span class='ocrx_word' id='word_1_371' title='bbox 743 5050 873 5124; x_wconf 88' lang='lat' dir='ltr'><strong>scbolae</strong></span> <span class='ocrx_word' id='word_1_372' title='bbox 895 5075 903 5135; x_wconf 94' lang='lat'>;</span> <span class='ocrx_word' id='word_1_373' title='bbox 923 5051 968 5123; x_wconf 92' lang='lat' dir='ltr'><strong>ad</strong></span> <span class='ocrx_word' id='word_1_374' title='bbox 982 5051 1100 5124; x_wconf 88' lang='lat' dir='ltr'><strong>studia</strong></span> <span class='ocrx_word' id='word_1_375' title='bbox 1117 5052 1256 5148; x_wconf 88' lang='lat' dir='ltr'><strong>pietatis</strong></span> <span class='ocrx_word' id='word_1_376' title='bbox 1270 5060 1304 5127; x_wconf 88' lang='lat' dir='ltr'><strong>et</strong></span> <span class='ocrx_word' id='word_1_377' title='bbox 1321 5054 1449 5127; x_wconf 91' lang='lat' dir='ltr'><strong>artium</strong></span> <span class='ocrx_word' id='word_1_378' title='bbox 1466 5055 1650 5140; x_wconf 91' lang='lat' dir='ltr'><strong>bonarum,</strong></span> <span class='ocrx_word' id='word_1_379' title='bbox 1671 5076 1750 5127; x_wconf 87' lang='lat' dir='ltr'><strong>oum</strong></span> <span class='ocrx_word' id='word_1_380' title='bbox 1767 5053 1911 5128; x_wconf 90' lang='lat' dir='ltr'><strong>hictum</strong></span> <span class='ocrx_word' id='word_1_381' title='bbox 1926 5054 1964 5127; x_wconf 92' lang='lat' dir='ltr'><strong>in</strong></span> <span class='ocrx_word' id='word_1_382' title='bbox 1989 5054 2274 5154; x_wconf 89' lang='lat' dir='ltr'><strong>Brunsbergensi</strong></span> 
     </span>
    </p>
   </div>
   <div class='ocr_carea' id='block_1_8' title="bbox 697 5223 1097 5306">
    <p class='ocr_par' dir='ltr' id='par_1_9' title="bbox 697 5223 1097 5306">
     <span class='ocr_line' id='line_1_36' title="bbox 697 5223 1097 5306; baseline 0.01 -22"><span class='ocrx_word' id='word_1_383' title='bbox 697 5223 738 5306; x_wconf 85' lang='grc'>(1)</span> <span class='ocrx_word' id='word_1_384' title='bbox 760 5226 823 5286; x_wconf 92' lang='lat' dir='ltr'><strong>Vid.</strong></span> <span class='ocrx_word' id='word_1_385' title='bbox 841 5229 892 5284; x_wconf 89' lang='lat' dir='ltr'><strong>lib.</strong></span> <span class='ocrx_word' id='word_1_386' title='bbox 906 5227 953 5299; x_wconf 90' lang='lat' dir='ltr'><strong>lV,</strong></span> <span class='ocrx_word' id='word_1_387' title='bbox 978 5243 1054 5287; x_wconf 90' lang='lat' dir='ltr'><strong>num.</strong></span> <span class='ocrx_word' id='word_1_388' title='bbox 1068 5229 1097 5288; x_wconf 71' lang='grc'>1.</span> 
     </span>
    </p>
   </div>
   <div class='ocr_carea' id='block_1_9' title="bbox 0 0 2458 6642">
    <p class='ocr_par' dir='ltr' id='par_1_10' title="bbox 0 0 2458 6642">
     <span class='ocr_line' id='line_1_37' title="bbox 0 0 2458 6642; baseline 0 3"><span class='ocrx_word' id='word_1_389' title='bbox 0 0 2458 6642; x_wconf 95' lang='lat' dir='ltr'><strong> </strong></span> 
     </span>
    </p>
   </div>
  </div>
 </body>
</html>
