<?xml version="1.0" encoding="UTF-8"?>
<!DOCTYPE html PUBLIC "-//W3C//DTD XHTML 1.0 Transitional//EN"
    "http://www.w3.org/TR/xhtml1/DTD/xhtml1-transitional.dtd">
<html xmlns="http://www.w3.org/1999/xhtml" xml:lang="en" lang="en">
 <head>
  <title>
</title>
<meta http-equiv="Content-Type" content="text/html;charset=utf-8" />
  <meta name='ocr-system' content='tesseract 3.04.00' />
  <meta name='ocr-capabilities' content='ocr_page ocr_carea ocr_par ocr_line ocrx_word'/>
</head>
<body>
  <div class='ocr_page' id='page_1' title='image "./lituanicarumsoc00rostgoog_0296.png"; bbox 0 0 4930 6634; ppageno 0'>
   <div class='ocr_carea' id='block_1_1' title="bbox 643 779 1771 864">
    <p class='ocr_par' dir='ltr' id='par_1_1' title="bbox 643 779 1771 864">
     <span class='ocr_line' id='line_1_1' title="bbox 643 779 1771 864; baseline -0.001 -17"><span class='ocrx_word' id='word_1_1' title='bbox 643 787 751 847; x_wconf 84' lang='lat' dir='ltr'>LlBER</span> <span class='ocrx_word' id='word_1_2' title='bbox 773 783 954 848; x_wconf 77' lang='lat' dir='ltr'>SEPTIMUS</span> <span class='ocrx_word' id='word_1_3' title='bbox 975 787 1186 864; x_wconf 72' lang='lat' dir='ltr'><strong>(loto-1630).</strong></span> <span class='ocrx_word' id='word_1_4' title='bbox 1709 779 1771 847; x_wconf 78' lang='grc'><strong>269</strong></span> 
     </span>
    </p>
   </div>
   <div class='ocr_carea' id='block_1_2' title="bbox 98 967 1945 5160">
    <p class='ocr_par' dir='ltr' id='par_1_2' title="bbox 162 967 1944 1562">
     <span class='ocr_line' id='line_1_2' title="bbox 163 967 1860 1065; baseline -0.002 -23"><span class='ocrx_word' id='word_1_5' title='bbox 163 970 295 1044; x_wconf 90' lang='lat' dir='ltr'><strong>relictus</strong></span> <span class='ocrx_word' id='word_1_6' title='bbox 312 969 470 1042; x_wconf 82' lang='lat' dir='ltr'>minister</span> <span class='ocrx_word' id='word_1_7' title='bbox 487 970 527 1041; x_wconf 92' lang='lat' dir='ltr'><strong>P.</strong></span> <span class='ocrx_word' id='word_1_8' title='bbox 545 969 701 1041; x_wconf 84' lang='lat' dir='ltr'><strong>Thomas</strong></span> <span class='ocrx_word' id='word_1_9' title='bbox 718 969 905 1042; x_wconf 90' lang='lat' dir='ltr'><strong>Blonensis</strong></span> <span class='ocrx_word' id='word_1_10' title='bbox 924 993 1002 1041; x_wconf 90' lang='lat' dir='ltr'><strong>cum</strong></span> <span class='ocrx_word' id='word_1_11' title='bbox 1015 970 1089 1042; x_wconf 91' lang='grc' dir='ltr'><strong>ΡΡ.</strong></span> <span class='ocrx_word' id='word_1_12' title='bbox 1112 971 1301 1044; x_wconf 90' lang='lat' dir='ltr'><strong>Laurentio</strong></span> <span class='ocrx_word' id='word_1_13' title='bbox 1316 970 1481 1065; x_wconf 90' lang='lat' dir='ltr'><strong>Norvego</strong></span> <span class='ocrx_word' id='word_1_14' title='bbox 1496 976 1531 1040; x_wconf 91' lang='lat' dir='ltr'><strong>et</strong></span> <span class='ocrx_word' id='word_1_15' title='bbox 1548 967 1766 1063; x_wconf 84' lang='lat' dir='ltr'>Hieronymo</span> <span class='ocrx_word' id='word_1_16' title='bbox 1796 973 1860 1056; x_wconf 76' lang='lat'>1621</span> 
     </span>
     <span class='ocr_line' id='line_1_3' title="bbox 163 1057 1944 1190; baseline -0.002 -24"><span class='ocrx_word' id='word_1_17' title='bbox 163 1093 265 1166; x_wconf 82' lang='lat' dir='ltr'><strong>lllant</strong></span> <span class='ocrx_word' id='word_1_18' title='bbox 282 1100 409 1166; x_wconf 88' lang='lat' dir='ltr'><strong>etcum</strong></span> <span class='ocrx_word' id='word_1_19' title='bbox 426 1093 603 1166; x_wconf 90' lang='lat' dir='ltr'><strong>Michaele</strong></span> <span class='ocrx_word' id='word_1_20' title='bbox 625 1094 787 1166; x_wconf 89' lang='lat' dir='ltr'><strong>Moriano</strong></span> <span class='ocrx_word' id='word_1_21' title='bbox 806 1094 966 1190; x_wconf 83' lang='lat' dir='ltr'><strong>adjutore</strong></span> <span class='ocrx_word' id='word_1_22' title='bbox 983 1101 1088 1189; x_wconf 91' lang='lat' dir='ltr'><strong>atque</strong></span> <span class='ocrx_word' id='word_1_23' title='bbox 1118 1094 1195 1166; x_wconf 87' lang='lat' dir='ltr'><strong>aliis</strong></span> <span class='ocrx_word' id='word_1_24' title='bbox 1222 1101 1368 1189; x_wconf 88' lang='lat' dir='ltr'><strong>quatuor</strong></span> <span class='ocrx_word' id='word_1_25' title='bbox 1387 1093 1553 1164; x_wconf 86' lang='lat' dir='ltr'><strong>fratribus</strong></span> <span class='ocrx_word' id='word_1_26' title='bbox 1581 1090 1694 1162; x_wconf 90' lang='lat' dir='ltr'><strong>laicis.</strong></span> <span class='ocrx_word' id='word_1_27' title='bbox 1718 1088 1768 1162; x_wconf 89' lang='lat' dir='ltr'><strong>Ut</strong></span> <span class='ocrx_word' id='word_1_28' title='bbox 1797 1057 1944 1188; x_wconf 47' lang='lat' dir='ltr'><strong>ggffi‘iff</strong></span> 
     </span>
     <span class='ocr_line' id='line_1_4' title="bbox 162 1213 1904 1315; baseline -0.004 -22"><span class='ocrx_word' id='word_1_29' title='bbox 162 1223 193 1294; x_wconf 92' lang='lat' dir='ltr'><strong>in</strong></span> <span class='ocrx_word' id='word_1_30' title='bbox 208 1221 330 1293; x_wconf 91' lang='lat' dir='ltr'><strong>urbem</strong></span> <span class='ocrx_word' id='word_1_31' title='bbox 347 1219 502 1292; x_wconf 84' lang='lat' dir='ltr'><strong>deditam</strong></span> <span class='ocrx_word' id='word_1_32' title='bbox 515 1220 640 1313; x_wconf 82' lang='lat' dir='ltr'><strong>irrupit</strong></span> <span class='ocrx_word' id='word_1_33' title='bbox 653 1221 778 1305; x_wconf 90' lang='lat' dir='ltr'><strong>hostis,</strong></span> <span class='ocrx_word' id='word_1_34' title='bbox 799 1222 914 1292; x_wconf 89' lang='lat' dir='ltr'><strong>statim</strong></span> <span class='ocrx_word' id='word_1_35' title='bbox 932 1220 1052 1293; x_wconf 90' lang='lat' dir='ltr'><strong>adres</strong></span> <span class='ocrx_word' id='word_1_36' title='bbox 1071 1220 1219 1315; x_wconf 84' lang='lat' dir='ltr'><strong>Collegii</strong></span> <span class='ocrx_word' id='word_1_37' title='bbox 1238 1221 1393 1292; x_wconf 91' lang='lat' dir='ltr'><strong>animum</strong></span> <span class='ocrx_word' id='word_1_38' title='bbox 1410 1217 1563 1292; x_wconf 90' lang='lat' dir='ltr'><strong>advertit</strong></span> <span class='ocrx_word' id='word_1_39' title='bbox 1580 1223 1615 1290; x_wconf 91' lang='lat' dir='ltr'><strong>et</strong></span> <span class='ocrx_word' id='word_1_40' title='bbox 1633 1215 1766 1289; x_wconf 91' lang='lat' dir='ltr'><strong>oculos.</strong></span> <span class='ocrx_word' id='word_1_41' title='bbox 1797 1213 1904 1286; x_wconf 80' lang='lat' dir='ltr'><strong>ripisur.</strong></span> 
     </span>
     <span class='ocr_line' id='line_1_5' title="bbox 164 1342 1769 1434; baseline -0.002 -18"><span class='ocrx_word' id='word_1_42' title='bbox 164 1345 344 1417; x_wconf 75' lang='lat' dir='ltr'><strong>collocatae</strong></span> <span class='ocrx_word' id='word_1_43' title='bbox 373 1342 420 1414; x_wconf 92' lang='lat' dir='ltr'><strong>ad</strong></span> <span class='ocrx_word' id='word_1_44' title='bbox 435 1342 529 1415; x_wconf 87' lang='lat' dir='ltr'><strong>fores</strong></span> <span class='ocrx_word' id='word_1_45' title='bbox 560 1342 684 1414; x_wconf 89' lang='lat' dir='ltr'><strong>domus</strong></span> <span class='ocrx_word' id='word_1_46' title='bbox 707 1345 897 1416; x_wconf 73' lang='lat' dir='ltr'>centuriae:</span> <span class='ocrx_word' id='word_1_47' title='bbox 932 1366 1090 1416; x_wconf 86' lang='lat' dir='ltr'><strong>excussae</strong></span> <span class='ocrx_word' id='word_1_48' title='bbox 1121 1367 1243 1416; x_wconf 87' lang='lat' dir='ltr'><strong>omnes</strong></span> <span class='ocrx_word' id='word_1_49' title='bbox 1273 1344 1385 1426; x_wconf 87' lang='lat' dir='ltr'><strong>cellae,</strong></span> <span class='ocrx_word' id='word_1_50' title='bbox 1420 1343 1544 1424; x_wconf 82' lang='lat' dir='ltr'><strong>thecae,</strong></span> <span class='ocrx_word' id='word_1_51' title='bbox 1579 1361 1769 1434; x_wconf 87' lang='lat' dir='ltr'><strong>omnesque</strong></span> 
     </span>
     <span class='ocr_line' id='line_1_6' title="bbox 162 1445 1767 1562; baseline -0.003 -22"><span class='ocrx_word' id='word_1_52' title='bbox 162 1467 319 1540; x_wconf 88' lang='lat' dir='ltr'><strong>latebrae:</strong></span> <span class='ocrx_word' id='word_1_53' title='bbox 340 1467 479 1561; x_wconf 89' lang='lat' dir='ltr'><strong>direpta</strong></span> <span class='ocrx_word' id='word_1_54' title='bbox 496 1466 652 1560; x_wconf 81' lang='lat' dir='ltr'>supellex</span> <span class='ocrx_word' id='word_1_55' title='bbox 678 1491 685 1538; x_wconf 93' lang='lat'>:</span> <span class='ocrx_word' id='word_1_56' title='bbox 708 1476 840 1561; x_wconf 88' lang='lat' dir='ltr'><strong>ereptae</strong></span> <span class='ocrx_word' id='word_1_57' title='bbox 858 1469 974 1540; x_wconf 86' lang='lat' dir='ltr'><strong>claves</strong></span> <span class='ocrx_word' id='word_1_58' title='bbox 995 1445 1283 1562; x_wconf 54' lang='lat' dir='ltr'><strong>{exauguratum</strong></span> <span class='ocrx_word' id='word_1_59' title='bbox 1301 1489 1423 1538; x_wconf 90' lang='lat' dir='ltr'><strong>rursus</strong></span> <span class='ocrx_word' id='word_1_60' title='bbox 1442 1464 1522 1536; x_wconf 88' lang='lat' dir='ltr'><strong>Divi</strong></span> <span class='ocrx_word' id='word_1_61' title='bbox 1538 1466 1559 1536; x_wconf 88' lang='lat' dir='ltr'>J</span> <span class='ocrx_word' id='word_1_62' title='bbox 1564 1465 1664 1536; x_wconf 90' lang='lat' dir='ltr'><strong>acobi</strong></span> <span class='ocrx_word' id='word_1_63' title='bbox 1681 1471 1767 1536; x_wconf 91' lang='lat' dir='ltr'><strong>tem·</strong></span> 
     </span>
    </p>

    <p class='ocr_par' dir='ltr' id='par_1_3' title="bbox 162 1567 1945 2060">
     <span class='ocr_line' id='line_1_7' title="bbox 162 1567 1769 1688; baseline -0.002 -24"><span class='ocrx_word' id='word_1_64' title='bbox 162 1567 261 1688; x_wconf 89' lang='lat' dir='ltr'><strong>plum,</strong></span> <span class='ocrx_word' id='word_1_65' title='bbox 299 1600 336 1666; x_wconf 89' lang='lat' dir='ltr'><strong>et</strong></span> <span class='ocrx_word' id='word_1_66' title='bbox 373 1592 529 1664; x_wconf 88' lang='lat' dir='ltr'><strong>Luthero</strong></span> <span class='ocrx_word' id='word_1_67' title='bbox 554 1591 742 1664; x_wconf 88' lang='lat' dir='ltr'><strong>addictum.</strong></span> <span class='ocrx_word' id='word_1_68' title='bbox 778 1593 908 1672; x_wconf 82' lang='lat' dir='ltr'><strong>Quinto</strong></span> <span class='ocrx_word' id='word_1_69' title='bbox 927 1591 1096 1664; x_wconf 82' lang='lat' dir='ltr'>kalendas</span> <span class='ocrx_word' id='word_1_70' title='bbox 1124 1593 1277 1664; x_wconf 81' lang='lat' dir='ltr'><strong>octobris</strong></span> <span class='ocrx_word' id='word_1_71' title='bbox 1295 1593 1425 1663; x_wconf 90' lang='lat' dir='ltr'><strong>accitos</strong></span> <span class='ocrx_word' id='word_1_72' title='bbox 1455 1589 1501 1661; x_wconf 88' lang='lat' dir='ltr'><strong>ad</strong></span> <span class='ocrx_word' id='word_1_73' title='bbox 1527 1613 1564 1664; x_wconf 90' lang='lat' dir='ltr'><strong>se</strong></span> <span class='ocrx_word' id='word_1_74' title='bbox 1582 1587 1769 1661; x_wconf 87' lang='lat' dir='ltr'><strong>Societatis</strong></span> 
     </span>
     <span class='ocr_line' id='line_1_8' title="bbox 163 1699 1945 1810; baseline 0.001 -24"><span class='ocrx_word' id='word_1_75' title='bbox 163 1716 313 1786; x_wconf 90' lang='lat' dir='ltr'><strong>homines</strong></span> <span class='ocrx_word' id='word_1_76' title='bbox 331 1737 401 1786; x_wconf 85' lang='lat' dir='ltr'><strong>rron</strong></span> <span class='ocrx_word' id='word_1_77' title='bbox 420 1714 610 1788; x_wconf 90' lang='lat' dir='ltr'><strong>clementer</strong></span> <span class='ocrx_word' id='word_1_78' title='bbox 640 1714 768 1810; x_wconf 86' lang='lat' dir='ltr'><strong>excipit</strong></span> <span class='ocrx_word' id='word_1_79' title='bbox 798 1716 928 1788; x_wconf 91' lang='lat' dir='ltr'><strong>victor:</strong></span> <span class='ocrx_word' id='word_1_80' title='bbox 966 1715 1126 1788; x_wconf 83' lang='lat' dir='ltr'><strong>acerbius</strong></span> <span class='ocrx_word' id='word_1_81' title='bbox 1143 1699 1350 1788; x_wconf 57' lang='lat' dir='ltr'><strong>caeteris&#39;P.</strong></span> <span class='ocrx_word' id='word_1_82' title='bbox 1372 1713 1602 1786; x_wconf 80' lang='lat' dir='ltr'><strong>Laurentium</strong></span> <span class='ocrx_word' id='word_1_83' title='bbox 1630 1713 1770 1786; x_wconf 90' lang='lat' dir='ltr'><strong>Nicolai</strong></span> <span class='ocrx_word' id='word_1_84' title='bbox 1797 1733 1828 1787; x_wconf 84' lang='lat' dir='ltr'><strong>P.</strong></span> <span class='ocrx_word' id='word_1_85' title='bbox 1843 1731 1945 1788; x_wconf 79' lang='lat' dir='ltr'><strong>Niconi</strong></span> 
     </span>
     <span class='ocr_line' id='line_1_9' title="bbox 164 1813 1934 1934; baseline 0 -24"><span class='ocrx_word' id='word_1_86' title='bbox 164 1841 373 1933; x_wconf 90' lang='lat' dir='ltr'><strong>Norvegum,</strong></span> <span class='ocrx_word' id='word_1_87' title='bbox 390 1861 510 1910; x_wconf 91' lang='lat' dir='ltr'><strong>senem</strong></span> <span class='ocrx_word' id='word_1_88' title='bbox 528 1839 756 1932; x_wconf 85' lang='lat' dir='ltr'><strong>octogenario</strong></span> <span class='ocrx_word' id='word_1_89' title='bbox 770 1839 937 1934; x_wconf 91' lang='lat' dir='ltr'><strong>majorem</strong></span> <span class='ocrx_word' id='word_1_90' title='bbox 951 1867 959 1926; x_wconf 92' lang='grc'><strong>;</strong></span> <span class='ocrx_word' id='word_1_91' title='bbox 974 1841 1050 1933; x_wconf 88' lang='lat' dir='ltr'><strong>jam</strong></span> <span class='ocrx_word' id='word_1_92' title='bbox 1067 1847 1142 1912; x_wconf 91' lang='lat' dir='ltr'><strong>tum</strong></span> <span class='ocrx_word' id='word_1_93' title='bbox 1159 1839 1226 1911; x_wconf 93' lang='lat' dir='ltr'><strong>sibi</strong></span> <span class='ocrx_word' id='word_1_94' title='bbox 1239 1840 1431 1934; x_wconf 89' lang='lat' dir='ltr'><strong>cognitum,</strong></span> <span class='ocrx_word' id='word_1_95' title='bbox 1452 1862 1531 1910; x_wconf 92' lang='lat' dir='ltr'><strong>cum</strong></span> <span class='ocrx_word' id='word_1_96' title='bbox 1556 1838 1769 1912; x_wconf 85' lang='lat' dir='ltr'><strong>Laurentius</strong></span> <span class='ocrx_word' id='word_1_97' title='bbox 1797 1813 1934 1870; x_wconf 80' lang='lat' dir='ltr'><strong>tonitruo.</strong></span> 
     </span>
     <span class='ocr_line' id='line_1_10' title="bbox 162 1963 1768 2060; baseline 0.001 -25"><span class='ocrx_word' id='word_1_98' title='bbox 162 1965 193 2037; x_wconf 91' lang='lat' dir='ltr'><strong>in</strong></span> <span class='ocrx_word' id='word_1_99' title='bbox 214 1965 355 2038; x_wconf 88' lang='lat' dir='ltr'><strong>Suetica</strong></span> <span class='ocrx_word' id='word_1_100' title='bbox 383 1964 534 2036; x_wconf 89' lang='lat' dir='ltr'><strong>Joannis</strong></span> <span class='ocrx_word' id='word_1_101' title='bbox 565 1965 618 2038; x_wconf 94' lang='lat' dir='ltr'><strong>lll</strong></span> <span class='ocrx_word' id='word_1_102' title='bbox 654 1965 754 2060; x_wconf 89' lang='lat' dir='ltr'><strong>rogia</strong></span> <span class='ocrx_word' id='word_1_103' title='bbox 779 1963 987 2057; x_wconf 79' lang='lat' dir='ltr'><strong>religionem</strong></span> <span class='ocrx_word' id='word_1_104' title='bbox 1025 1963 1233 2035; x_wconf 84' lang='lat' dir='ltr'><strong>catholicam</strong></span> <span class='ocrx_word' id='word_1_105' title='bbox 1267 1971 1499 2060; x_wconf 83' lang='lat' dir='ltr'><strong>promoveret.</strong></span> <span class='ocrx_word' id='word_1_106' title='bbox 1535 1963 1638 2035; x_wconf 91' lang='lat' dir='ltr'><strong>Hunc</strong></span> <span class='ocrx_word' id='word_1_107' title='bbox 1667 1969 1768 2036; x_wconf 87' lang='lat' dir='ltr'><strong>torve</strong></span> 
     </span>
    </p>

    <p class='ocr_par' dir='ltr' id='par_1_4' title="bbox 163 2087 1770 2183">
     <span class='ocr_line' id='line_1_11' title="bbox 163 2087 1770 2183; baseline -0.001 -24"><span class='ocrx_word' id='word_1_108' title='bbox 163 2091 295 2163; x_wconf 88' lang='lat' dir='ltr'><strong>intuens</strong></span> <span class='ocrx_word' id='word_1_109' title='bbox 316 2119 324 2161; x_wconf 93' lang='lat'>:</span> <span class='ocrx_word' id='word_1_110' title='bbox 349 2118 366 2150; x_wconf 65' lang='lat' dir='ltr'><strong><em>a</em></strong></span> <span class='ocrx_word' id='word_1_111' title='bbox 383 2097 417 2162; x_wconf 92' lang='lat' dir='ltr'><strong>et</strong></span> <span class='ocrx_word' id='word_1_112' title='bbox 434 2095 485 2173; x_wconf 90' lang='lat' dir='ltr'><strong>lu,</strong></span> <span class='ocrx_word' id='word_1_113' title='bbox 497 2090 623 2182; x_wconf 89' lang='lat' dir='ltr'><strong>inquit,</strong></span> <span class='ocrx_word' id='word_1_114' title='bbox 640 2091 727 2160; x_wconf 88' lang='lat' dir='ltr'><strong>vivis</strong></span> <span class='ocrx_word' id='word_1_115' title='bbox 745 2090 859 2160; x_wconf 91' lang='lat' dir='ltr'><strong>adhuc</strong></span> <span class='ocrx_word' id='word_1_116' title='bbox 877 2111 984 2160; x_wconf 84' lang='lat' dir='ltr'><strong>senex</strong></span> <span class='ocrx_word' id='word_1_117' title='bbox 998 2087 1253 2174; x_wconf 84' lang='lat' dir='ltr'><strong>Acheruntice;</strong></span> <span class='ocrx_word' id='word_1_118' title='bbox 1269 2087 1381 2160; x_wconf 89' lang='lat' dir='ltr'><strong>nihilo</strong></span> <span class='ocrx_word' id='word_1_119' title='bbox 1399 2095 1437 2160; x_wconf 92' lang='lat' dir='ltr'><strong>tu</strong></span> <span class='ocrx_word' id='word_1_120' title='bbox 1454 2095 1571 2161; x_wconf 90' lang='lat' dir='ltr'><strong>tamen</strong></span> <span class='ocrx_word' id='word_1_121' title='bbox 1586 2111 1650 2183; x_wconf 93' lang='lat' dir='ltr'><strong>per</strong></span> <span class='ocrx_word' id='word_1_122' title='bbox 1665 2088 1770 2160; x_wconf 88' lang='lat' dir='ltr'><strong>istam</strong></span> 
     </span>
    </p>

    <p class='ocr_par' dir='ltr' id='par_1_5' title="bbox 162 2209 1768 2308">
     <span class='ocr_line' id='line_1_12' title="bbox 162 2209 1768 2308; baseline -0.001 -25"><span class='ocrx_word' id='word_1_123' title='bbox 162 2213 274 2308; x_wconf 90' lang='lat' dir='ltr'><strong>utique</strong></span> <span class='ocrx_word' id='word_1_124' title='bbox 300 2219 440 2286; x_wconf 88' lang='lat' dir='ltr'><strong>aetatem</strong></span> <span class='ocrx_word' id='word_1_125' title='bbox 474 2213 701 2306; x_wconf 81' lang='lat' dir='ltr'><strong>prudentiori</strong></span> <span class='ocrx_word' id='word_1_126' title='bbox 729 2213 963 2304; x_wconf 86' lang='lat' dir='ltr'><strong>Nunquamne</strong></span> <span class='ocrx_word' id='word_1_127' title='bbox 982 2209 1101 2281; x_wconf 91' lang='lat' dir='ltr'><strong>oculos</strong></span> <span class='ocrx_word' id='word_1_128' title='bbox 1130 2211 1281 2305; x_wconf 89' lang='lat' dir='ltr'><strong>aperies,</strong></span> <span class='ocrx_word' id='word_1_129' title='bbox 1302 2211 1427 2305; x_wconf 82' lang='lat' dir='ltr'><strong>talpal</strong></span> <span class='ocrx_word' id='word_1_130' title='bbox 1446 2211 1502 2283; x_wconf 90' lang='lat' dir='ltr'><strong>An</strong></span> <span class='ocrx_word' id='word_1_131' title='bbox 1520 2233 1604 2284; x_wconf 88' lang='lat' dir='ltr'><strong>vero</strong></span> <span class='ocrx_word' id='word_1_132' title='bbox 1624 2210 1768 2304; x_wconf 90' lang='lat' dir='ltr'><strong>ignoras</strong></span> 
     </span>
    </p>

    <p class='ocr_par' dir='ltr' id='par_1_6' title="bbox 163 2325 1769 2430">
     <span class='ocr_line' id='line_1_13' title="bbox 163 2325 1769 2430; baseline -0.002 -24"><span class='ocrx_word' id='word_1_133' title='bbox 163 2333 200 2406; x_wconf 90' lang='lat' dir='ltr'><strong>de</strong></span> <span class='ocrx_word' id='word_1_134' title='bbox 215 2335 357 2430; x_wconf 88' lang='lat' dir='ltr'><strong>ignibus</strong></span> <span class='ocrx_word' id='word_1_135' title='bbox 391 2325 618 2430; x_wconf 83' lang='lat' dir='ltr'><strong>sempiternis</strong></span> <span class='ocrx_word' id='word_1_136' title='bbox 643 2334 701 2427; x_wconf 92' lang='lat' dir='ltr'><strong>qui</strong></span> <span class='ocrx_word' id='word_1_137' title='bbox 736 2341 783 2418; x_wconf 90' lang='lat' dir='ltr'><strong>te,</strong></span> <span class='ocrx_word' id='word_1_138' title='bbox 799 2333 876 2427; x_wconf 91' lang='lat' dir='ltr'><strong>jam</strong></span> <span class='ocrx_word' id='word_1_139' title='bbox 892 2331 996 2404; x_wconf 93' lang='lat' dir='ltr'><strong>hodie</strong></span> <span class='ocrx_word' id='word_1_140' title='bbox 1025 2333 1245 2418; x_wconf 88' lang='lat' dir='ltr'><strong>moriturum,</strong></span> <span class='ocrx_word' id='word_1_141' title='bbox 1267 2341 1430 2420; x_wconf 90' lang='lat' dir='ltr'><strong>manent;</strong></span> <span class='ocrx_word' id='word_1_142' title='bbox 1464 2334 1533 2406; x_wconf 92' lang='lat' dir='ltr'><strong>nisi</strong></span> <span class='ocrx_word' id='word_1_143' title='bbox 1562 2332 1769 2428; x_wconf 86' lang='lat' dir='ltr'><strong>religionem</strong></span> 
     </span>
    </p>

    <p class='ocr_par' dir='ltr' id='par_1_7' title="bbox 140 2443 1934 4783">
     <span class='ocr_line' id='line_1_14' title="bbox 162 2443 1934 2576; baseline 0.001 -48"><span class='ocrx_word' id='word_1_144' title='bbox 162 2481 286 2544; x_wconf 89' lang='lat' dir='ltr'><strong>veram,</strong></span> <span class='ocrx_word' id='word_1_145' title='bbox 306 2460 532 2532; x_wconf 84' lang='lat' dir='ltr'><strong>reformatam</strong></span> <span class='ocrx_word' id='word_1_146' title='bbox 550 2458 693 2543; x_wconf 86' lang='lat' dir='ltr'><strong>scilicet,</strong></span> <span class='ocrx_word' id='word_1_147' title='bbox 716 2480 821 2554; x_wconf 92' lang='lat' dir='ltr'><strong>quam</strong></span> <span class='ocrx_word' id='word_1_148' title='bbox 833 2457 1051 2553; x_wconf 89' lang='lat' dir='ltr'><strong>profitemur,</strong></span> <span class='ocrx_word' id='word_1_149' title='bbox 1068 2456 1314 2551; x_wconf 80' lang='lat' dir='ltr'><strong>amplectarisl</strong></span> <span class='ocrx_word' id='word_1_150' title='bbox 1332 2492 1347 2523; x_wconf 73' lang='lat' dir='ltr'><em>n</em></span> <span class='ocrx_word' id='word_1_151' title='bbox 1368 2458 1425 2531; x_wconf 88' lang='lat' dir='ltr'><strong>Ad</strong></span> <span class='ocrx_word' id='word_1_152' title='bbox 1442 2459 1520 2531; x_wconf 87' lang='lat' dir='ltr'><strong>haec</strong></span> <span class='ocrx_word' id='word_1_153' title='bbox 1542 2457 1766 2544; x_wconf 77' lang='lat' dir='ltr'><strong>Laurentiue,</strong></span> <span class='ocrx_word' id='word_1_154' title='bbox 1798 2443 1934 2576; x_wconf 52' lang='grc' dir='ltr'><strong>ἓξθθξξὲῐ</strong></span> 
     </span>
     <span class='ocr_line' id='line_1_15' title="bbox 161 2537 1925 2688; baseline -0.003 -32"><span class='ocrx_word' id='word_1_155' title='bbox 161 2587 311 2661; x_wconf 87' lang='lat' dir='ltr'><strong>modeste</strong></span> <span class='ocrx_word' id='word_1_156' title='bbox 329 2587 550 2682; x_wconf 89' lang='lat' dir='ltr'><strong>quidem,sed</strong></span> <span class='ocrx_word' id='word_1_157' title='bbox 563 2586 754 2680; x_wconf 89' lang='lat' dir='ltr'><strong>intrepide:</strong></span> <span class='ocrx_word' id='word_1_158' title='bbox 778 2614 794 2645; x_wconf 73' lang='grc' dir='ltr'><strong>«ι</strong></span> <span class='ocrx_word' id='word_1_159' title='bbox 811 2583 954 2688; x_wconf 82' lang='lat' dir='ltr'><strong>aeternis</strong></span> <span class='ocrx_word' id='word_1_160' title='bbox 968 2583 1136 2655; x_wconf 88' lang='lat' dir='ltr'><strong>obnoxios</strong></span> <span class='ocrx_word' id='word_1_161' title='bbox 1150 2580 1328 2676; x_wconf 87' lang='lat' dir='ltr'><strong>suppliciis</strong></span> <span class='ocrx_word' id='word_1_162' title='bbox 1340 2581 1658 2668; x_wconf 88' lang='lat' dir='ltr'><strong>lutheranos,certo</strong></span> <span class='ocrx_word' id='word_1_163' title='bbox 1674 2582 1767 2666; x_wconf 91' lang='lat' dir='ltr'><strong>scio;</strong></span> <span class='ocrx_word' id='word_1_164' title='bbox 1798 2537 1925 2654; x_wconf 56' lang='lat' dir='ltr'><strong>achileus·</strong></span> 
     </span>
     <span class='ocr_line' id='line_1_16' title="bbox 140 2691 1843 2804; baseline -0.003 -24"><span class='ocrx_word' id='word_1_165' title='bbox 140 2716 245 2784; x_wconf 87' lang='lat' dir='ltr'><strong>&#39;motu</strong></span> <span class='ocrx_word' id='word_1_166' title='bbox 280 2712 406 2784; x_wconf 89' lang='lat' dir='ltr'><strong>horum</strong></span> <span class='ocrx_word' id='word_1_167' title='bbox 438 2710 588 2784; x_wconf 91' lang='lat' dir='ltr'><strong>liberum</strong></span> <span class='ocrx_word' id='word_1_168' title='bbox 619 2710 704 2782; x_wconf 92' lang='lat' dir='ltr'><strong>mihi</strong></span> <span class='ocrx_word' id='word_1_169' title='bbox 749 2715 895 2804; x_wconf 89' lang='lat' dir='ltr'><strong>praestat</strong></span> <span class='ocrx_word' id='word_1_170' title='bbox 924 2707 1079 2780; x_wconf 89' lang='lat' dir='ltr'><strong>animum</strong></span> <span class='ocrx_word' id='word_1_171' title='bbox 1109 2711 1232 2777; x_wconf 89' lang='lat' dir='ltr'><strong>sancta</strong></span> <span class='ocrx_word' id='word_1_172' title='bbox 1261 2727 1418 2790; x_wconf 91' lang='lat' dir='ltr'><strong>romana,</strong></span> <span class='ocrx_word' id='word_1_173' title='bbox 1453 2727 1557 2800; x_wconf 92' lang='lat' dir='ltr'><strong>quam</strong></span> <span class='ocrx_word' id='word_1_174' title='bbox 1587 2705 1766 2800; x_wconf 88' lang='lat' dir='ltr'><strong>profiteor,</strong></span> <span class='ocrx_word' id='word_1_175' title='bbox 1797 2691 1843 2731; x_wconf 68' lang='lat'><strong>¹¹⁸¹</strong></span> 
     </span>
     <span class='ocr_line' id='line_1_17' title="bbox 162 2828 1767 2927; baseline -0.001 -24"><span class='ocrx_word' id='word_1_176' title='bbox 162 2833 292 2927; x_wconf 89' lang='lat' dir='ltr'><strong>religio.</strong></span> <span class='ocrx_word' id='word_1_177' title='bbox 318 2869 334 2900; x_wconf 69' lang='lat' dir='ltr'><strong>s</strong></span> <span class='ocrx_word' id='word_1_178' title='bbox 350 2834 447 2907; x_wconf 92' lang='lat' dir='ltr'><strong>Male</strong></span> <span class='ocrx_word' id='word_1_179' title='bbox 461 2835 657 2906; x_wconf 82' lang='lat' dir='ltr'><strong>Gustavum</strong></span> <span class='ocrx_word' id='word_1_180' title='bbox 680 2832 804 2906; x_wconf 90' lang='lat' dir='ltr'><strong>habuit</strong></span> <span class='ocrx_word' id='word_1_181' title='bbox 822 2855 864 2904; x_wconf 91' lang='lat' dir='ltr'><strong>ea</strong></span> <span class='ocrx_word' id='word_1_182' title='bbox 882 2853 1018 2926; x_wconf 88' lang='lat' dir='ltr'><strong>quoque</strong></span> <span class='ocrx_word' id='word_1_183' title='bbox 1031 2828 1224 2902; x_wconf 87' lang='lat' dir='ltr'><strong>sacerdotis</strong></span> <span class='ocrx_word' id='word_1_184' title='bbox 1233 2829 1435 2923; x_wconf 91' lang='lat' dir='ltr'><strong>responsio;</strong></span> <span class='ocrx_word' id='word_1_185' title='bbox 1456 2829 1561 2902; x_wconf 87' lang='lat' dir='ltr'><strong>haesit</strong></span> <span class='ocrx_word' id='word_1_186' title='bbox 1574 2828 1767 2924; x_wconf 91' lang='lat' dir='ltr'><strong>paululum,</strong></span> 
     </span>
     <span class='ocr_line' id='line_1_18' title="bbox 161 2951 1771 3052; baseline -0.001 -26"><span class='ocrx_word' id='word_1_187' title='bbox 161 2979 345 3051; x_wconf 88' lang='lat' dir='ltr'><strong>vocemque</strong></span> <span class='ocrx_word' id='word_1_188' title='bbox 362 2957 598 3052; x_wconf 87' lang='lat' dir='ltr'><strong>cogitabundo</strong></span> <span class='ocrx_word' id='word_1_189' title='bbox 617 2957 740 3030; x_wconf 88' lang='lat' dir='ltr'><strong>similis</strong></span> <span class='ocrx_word' id='word_1_190' title='bbox 766 2955 957 3040; x_wconf 90' lang='lat' dir='ltr'><strong>continuit;</strong></span> <span class='ocrx_word' id='word_1_191' title='bbox 984 2977 1064 3026; x_wconf 88' lang='lat' dir='ltr'><strong>mox</strong></span> <span class='ocrx_word' id='word_1_192' title='bbox 1090 2975 1212 3026; x_wconf 90' lang='lat' dir='ltr'><strong>senem</strong></span> <span class='ocrx_word' id='word_1_193' title='bbox 1228 2952 1386 3027; x_wconf 86' lang='lat' dir='ltr'><strong>lacerare</strong></span> <span class='ocrx_word' id='word_1_194' title='bbox 1405 2951 1565 3024; x_wconf 91' lang='lat' dir='ltr'><strong>omnibus</strong></span> <span class='ocrx_word' id='word_1_195' title='bbox 1583 2953 1771 3026; x_wconf 87' lang='lat' dir='ltr'><strong>verborum</strong></span> 
     </span>
     <span class='ocr_line' id='line_1_19' title="bbox 161 3077 1771 3176; baseline -0.001 -24"><span class='ocrx_word' id='word_1_196' title='bbox 161 3081 399 3154; x_wconf 87' lang='lat' dir='ltr'><strong>contumeliis:</strong></span> <span class='ocrx_word' id='word_1_197' title='bbox 420 3082 597 3176; x_wconf 88' lang='lat' dir='ltr'><strong>objectare</strong></span> <span class='ocrx_word' id='word_1_198' title='bbox 623 3081 801 3154; x_wconf 91' lang='lat' dir='ltr'><strong>innocenti</strong></span> <span class='ocrx_word' id='word_1_199' title='bbox 831 3103 918 3174; x_wconf 88' lang='lat' dir='ltr'><strong>quas</strong></span> <span class='ocrx_word' id='word_1_200' title='bbox 943 3079 1086 3152; x_wconf 81' lang='lat' dir='ltr'><strong>fraudes</strong></span> <span class='ocrx_word' id='word_1_201' title='bbox 1111 3078 1244 3163; x_wconf 89' lang='lat' dir='ltr'><strong>nescio,</strong></span> <span class='ocrx_word' id='word_1_202' title='bbox 1277 3077 1375 3172; x_wconf 87' lang='lat' dir='ltr'><strong>quasi</strong></span> <span class='ocrx_word' id='word_1_203' title='bbox 1392 3078 1515 3151; x_wconf 90' lang='lat' dir='ltr'><strong>turbas</strong></span> <span class='ocrx_word' id='word_1_204' title='bbox 1531 3079 1563 3150; x_wconf 88' lang='lat' dir='ltr'><strong>is</strong></span> <span class='ocrx_word' id='word_1_205' title='bbox 1583 3078 1771 3174; x_wconf 89' lang='lat' dir='ltr'><strong>aliquando</strong></span> 
     </span>
     <span class='ocr_line' id='line_1_20' title="bbox 160 3200 1772 3298; baseline 0.001 -24"><span class='ocrx_word' id='word_1_206' title='bbox 160 3203 245 3278; x_wconf 90' lang='lat' dir='ltr'><strong>inter</strong></span> <span class='ocrx_word' id='word_1_207' title='bbox 262 3227 425 3298; x_wconf 85' lang='lat' dir='ltr'><strong>proceres</strong></span> <span class='ocrx_word' id='word_1_208' title='bbox 455 3205 591 3278; x_wconf 80' lang='lat' dir='ltr'><strong>Sueciae</strong></span> <span class='ocrx_word' id='word_1_209' title='bbox 624 3204 853 3277; x_wconf 86' lang='lat' dir='ltr'><strong>concivisset:</strong></span> <span class='ocrx_word' id='word_1_210' title='bbox 893 3204 1067 3276; x_wconf 83' lang='lat' dir='ltr'><strong>loannem</strong></span> <span class='ocrx_word' id='word_1_211' title='bbox 1096 3224 1217 3296; x_wconf 86' lang='lat' dir='ltr'><strong>regem</strong></span> <span class='ocrx_word' id='word_1_212' title='bbox 1246 3224 1268 3273; x_wconf 90' lang='lat' dir='ltr'><strong>a</strong></span> <span class='ocrx_word' id='word_1_213' title='bbox 1306 3200 1415 3273; x_wconf 89' lang='lat' dir='ltr'><strong>fratre</strong></span> <span class='ocrx_word' id='word_1_214' title='bbox 1441 3223 1503 3272; x_wconf 91' lang='lat' dir='ltr'><strong>suo</strong></span> <span class='ocrx_word' id='word_1_215' title='bbox 1531 3200 1657 3274; x_wconf 84' lang='lat' dir='ltr'><strong>Oarolo</strong></span> <span class='ocrx_word' id='word_1_216' title='bbox 1683 3202 1772 3276; x_wconf 91' lang='lat' dir='ltr'><strong>duce</strong></span> 
     </span>
     <span class='ocr_line' id='line_1_21' title="bbox 162 3326 1767 3422; baseline -0.001 -22"><span class='ocrx_word' id='word_1_217' title='bbox 162 3327 396 3401; x_wconf 89' lang='lat' dir='ltr'><strong>Sudermaniae</strong></span> <span class='ocrx_word' id='word_1_218' title='bbox 426 3327 728 3400; x_wconf 88' lang='lat' dir='ltr'><strong>criminationibus</strong></span> <span class='ocrx_word' id='word_1_219' title='bbox 745 3327 844 3400; x_wconf 88' lang='lat' dir='ltr'><strong>falsis</strong></span> <span class='ocrx_word' id='word_1_220' title='bbox 861 3327 1082 3422; x_wconf 89' lang='lat' dir='ltr'><strong>susurrisque</strong></span> <span class='ocrx_word' id='word_1_221' title='bbox 1096 3326 1345 3398; x_wconf 86' lang='lat' dir='ltr'><strong>abalienasset.</strong></span> <span class='ocrx_word' id='word_1_222' title='bbox 1367 3355 1383 3404; x_wconf 59' lang='grc' dir='ltr'><strong>ῑό</strong></span> <span class='ocrx_word' id='word_1_223' title='bbox 1406 3327 1612 3420; x_wconf 88' lang='lat' dir='ltr'><strong>Propterea,</strong></span> <span class='ocrx_word' id='word_1_224' title='bbox 1641 3326 1767 3422; x_wconf 88' lang='lat' dir='ltr'><strong>inquit,</strong></span> 
     </span>
     <span class='ocr_line' id='line_1_22' title="bbox 165 3449 1771 3547; baseline 0.001 -25"><span class='ocrx_word' id='word_1_225' title='bbox 165 3477 178 3508; x_wconf 63' lang='grc' dir='ltr'>κ</span> <span class='ocrx_word' id='word_1_226' title='bbox 197 3451 283 3524; x_wconf 92' lang='lat' dir='ltr'><strong>nihil</strong></span> <span class='ocrx_word' id='word_1_227' title='bbox 296 3461 363 3538; x_wconf 90' lang='lat' dir='ltr'><strong>est,</strong></span> <span class='ocrx_word' id='word_1_228' title='bbox 385 3451 478 3547; x_wconf 86' lang='lat' dir='ltr'><strong>quod</strong></span> <span class='ocrx_word' id='word_1_229' title='bbox 499 3452 640 3524; x_wconf 91' lang='lat' dir='ltr'><strong>Vilnam</strong></span> <span class='ocrx_word' id='word_1_230' title='bbox 658 3451 773 3524; x_wconf 89' lang='lat' dir='ltr'><strong>aliove</strong></span> <span class='ocrx_word' id='word_1_231' title='bbox 797 3453 949 3546; x_wconf 87' lang='lat' dir='ltr'><strong>cogites;</strong></span> <span class='ocrx_word' id='word_1_232' title='bbox 982 3473 1050 3544; x_wconf 95' lang='lat' dir='ltr'><strong>quo</strong></span> <span class='ocrx_word' id='word_1_233' title='bbox 1067 3451 1119 3521; x_wconf 90' lang='lat' dir='ltr'><strong>tui</strong></span> <span class='ocrx_word' id='word_1_234' title='bbox 1136 3449 1288 3533; x_wconf 89' lang='lat' dir='ltr'><strong>sodales,</strong></span> <span class='ocrx_word' id='word_1_235' title='bbox 1312 3449 1506 3522; x_wconf 86' lang='lat' dir='ltr'><strong>facinorum</strong></span> <span class='ocrx_word' id='word_1_236' title='bbox 1537 3450 1683 3522; x_wconf 90' lang='lat' dir='ltr'><strong>istorum</strong></span> <span class='ocrx_word' id='word_1_237' title='bbox 1701 3474 1771 3524; x_wconf 90' lang='lat' dir='ltr'><strong>non</strong></span> 
     </span>
     <span class='ocr_line' id='line_1_23' title="bbox 164 3547 1773 3670; baseline 0.002 -24"><span class='ocrx_word' id='word_1_238' title='bbox 164 3577 336 3649; x_wconf 65' lang='lat' dir='ltr'><strong>“omnino</strong></span> <span class='ocrx_word' id='word_1_239' title='bbox 363 3575 498 3659; x_wconf 87' lang='lat' dir='ltr'><strong>affines,</strong></span> <span class='ocrx_word' id='word_1_240' title='bbox 530 3583 626 3660; x_wconf 89' lang='lat' dir='ltr'><strong>eant,</strong></span> <span class='ocrx_word' id='word_1_241' title='bbox 648 3599 711 3670; x_wconf 88' lang='lat' dir='ltr'><strong>per</strong></span> <span class='ocrx_word' id='word_1_242' title='bbox 733 3599 788 3648; x_wconf 91' lang='lat' dir='ltr'><strong>me</strong></span> <span class='ocrx_word' id='word_1_243' title='bbox 818 3576 924 3660; x_wconf 93' lang='lat' dir='ltr'><strong>licet;</strong></span> <span class='ocrx_word' id='word_1_244' title='bbox 944 3547 1008 3646; x_wconf 83' lang='lat' dir='ltr'><strong>tibi</strong></span> <span class='ocrx_word' id='word_1_245' title='bbox 1042 3573 1275 3647; x_wconf 84' lang='lat' dir='ltr'><strong>Stolrholmiae</strong></span> <span class='ocrx_word' id='word_1_246' title='bbox 1301 3579 1464 3668; x_wconf 87' lang='lat' dir='ltr'><strong>paratum</strong></span> <span class='ocrx_word' id='word_1_247' title='bbox 1485 3573 1710 3658; x_wconf 55' lang='lat' dir='ltr'><strong>‘domicilium</strong></span> <span class='ocrx_word' id='word_1_248' title='bbox 1736 3577 1773 3649; x_wconf 90' lang='lat' dir='ltr'><strong>in</strong></span> 
     </span>
     <span class='ocr_line' id='line_1_24' title="bbox 164 3697 1771 3794; baseline 0.001 -24"><span class='ocrx_word' id='word_1_249' title='bbox 164 3699 389 3794; x_wconf 74' lang='lat' dir='ltr'><strong>«ergastulo.</strong></span> <span class='ocrx_word' id='word_1_250' title='bbox 421 3734 438 3766; x_wconf 72' lang='lat' dir='ltr'><em>n</em></span> <span class='ocrx_word' id='word_1_251' title='bbox 471 3699 646 3771; x_wconf 74' lang='lat' dir='ltr'><strong>Caeterum</strong></span> <span class='ocrx_word' id='word_1_252' title='bbox 675 3700 799 3772; x_wconf 88' lang='lat' dir='ltr'><strong>isthaec</strong></span> <span class='ocrx_word' id='word_1_253' title='bbox 817 3700 922 3771; x_wconf 89' lang='lat' dir='ltr'><strong>minae</strong></span> <span class='ocrx_word' id='word_1_254' title='bbox 955 3698 1097 3772; x_wconf 88' lang='lat' dir='ltr'><strong>fuerunt</strong></span> <span class='ocrx_word' id='word_1_255' title='bbox 1125 3705 1274 3782; x_wconf 85' lang='lat' dir='ltr'><strong>tantum,</strong></span> <span class='ocrx_word' id='word_1_256' title='bbox 1296 3705 1331 3771; x_wconf 91' lang='lat' dir='ltr'><strong>et</strong></span> <span class='ocrx_word' id='word_1_257' title='bbox 1364 3697 1533 3793; x_wconf 88' lang='lat' dir='ltr'><strong>quaedam&#39;</strong></span> <span class='ocrx_word' id='word_1_258' title='bbox 1554 3699 1771 3772; x_wconf 88' lang='lat' dir='ltr'><strong>fortitudinis</strong></span> 
     </span>
     <span class='ocr_line' id='line_1_25' title="bbox 162 3821 1768 3918; baseline 0.002 -24"><span class='ocrx_word' id='word_1_259' title='bbox 162 3822 275 3894; x_wconf 87' lang='lat' dir='ltr'><strong>senilis</strong></span> <span class='ocrx_word' id='word_1_260' title='bbox 291 3823 453 3896; x_wconf 89' lang='lat' dir='ltr'><strong>tentatio.</strong></span> <span class='ocrx_word' id='word_1_261' title='bbox 476 3821 651 3917; x_wconf 82' lang='lat' dir='ltr'><strong>Expertus</strong></span> <span class='ocrx_word' id='word_1_262' title='bbox 668 3824 913 3904; x_wconf 89' lang='lat' dir='ltr'><strong>constantiam,</strong></span> <span class='ocrx_word' id='word_1_263' title='bbox 934 3824 1038 3895; x_wconf 86' lang='lat' dir='ltr'><strong>tertio</strong></span> <span class='ocrx_word' id='word_1_264' title='bbox 1052 3829 1131 3916; x_wconf 90' lang='lat' dir='ltr'><strong>post</strong></span> <span class='ocrx_word' id='word_1_265' title='bbox 1148 3822 1204 3893; x_wconf 91' lang='lat' dir='ltr'><strong>die</strong></span> <span class='ocrx_word' id='word_1_266' title='bbox 1221 3821 1371 3895; x_wconf 88' lang='lat' dir='ltr'><strong>liberum</strong></span> <span class='ocrx_word' id='word_1_267' title='bbox 1389 3845 1468 3894; x_wconf 90' lang='lat' dir='ltr'><strong>cum</strong></span> <span class='ocrx_word' id='word_1_268' title='bbox 1485 3822 1598 3918; x_wconf 76' lang='lat' dir='ltr'><strong>Sociis</strong></span> <span class='ocrx_word' id='word_1_269' title='bbox 1624 3823 1768 3898; x_wconf 88' lang='lat' dir='ltr'><strong>dimisit.</strong></span> 
     </span>
     <span class='ocr_line' id='line_1_26' title="bbox 162 3941 1771 4041; baseline 0.004 -27"><span class='ocrx_word' id='word_1_270' title='bbox 162 3945 278 4018; x_wconf 86' lang='lat' dir='ltr'><strong>Pridie</strong></span> <span class='ocrx_word' id='word_1_271' title='bbox 293 3945 466 4019; x_wconf 86' lang='lat' dir='ltr'><strong>kalendas</strong></span> <span class='ocrx_word' id='word_1_272' title='bbox 493 3947 654 4018; x_wconf 84' lang='lat' dir='ltr'><strong>octobres</strong></span> <span class='ocrx_word' id='word_1_273' title='bbox 678 3941 1014 4019; x_wconf 87' lang='lat' dir='ltr'><strong>turbulentissimam</strong></span> <span class='ocrx_word' id='word_1_274' title='bbox 1034 3948 1111 4041; x_wconf 90' lang='lat' dir='ltr'><strong>jam</strong></span> <span class='ocrx_word' id='word_1_275' title='bbox 1136 3946 1216 4018; x_wconf 92' lang='lat' dir='ltr'><strong>inde</strong></span> <span class='ocrx_word' id='word_1_276' title='bbox 1235 3947 1279 4018; x_wconf 85' lang='lat' dir='ltr'><strong>ab</strong></span> <span class='ocrx_word' id='word_1_277' title='bbox 1306 3946 1383 4040; x_wconf 88' lang='lat' dir='ltr'><strong>ipso</strong></span> <span class='ocrx_word' id='word_1_278' title='bbox 1409 3947 1445 4018; x_wconf 89' lang='lat' dir='ltr'><strong>in</strong></span> <span class='ocrx_word' id='word_1_279' title='bbox 1467 3947 1590 4020; x_wconf 91' lang='lat' dir='ltr'><strong>urbem</strong></span> <span class='ocrx_word' id='word_1_280' title='bbox 1607 3947 1771 4041; x_wconf 87' lang='lat' dir='ltr'><strong>ingressu</strong></span> 
     </span>
     <span class='ocr_line' id='line_1_27' title="bbox 161 4069 1769 4168; baseline 0.003 -27"><span class='ocrx_word' id='word_1_281' title='bbox 161 4072 345 4144; x_wconf 88' lang='lat' dir='ltr'><strong>stationem</strong></span> <span class='ocrx_word' id='word_1_282' title='bbox 361 4071 593 4144; x_wconf 90' lang='lat' dir='ltr'><strong>deseruerunt</strong></span> <span class='ocrx_word' id='word_1_283' title='bbox 610 4072 717 4154; x_wconf 88' lang='lat' dir='ltr'><strong>Socii,</strong></span> <span class='ocrx_word' id='word_1_284' title='bbox 747 4071 792 4144; x_wconf 89' lang='lat' dir='ltr'><strong>ad</strong></span> <span class='ocrx_word' id='word_1_285' title='bbox 822 4071 1013 4144; x_wconf 90' lang='lat' dir='ltr'><strong>secundum</strong></span> <span class='ocrx_word' id='word_1_286' title='bbox 1043 4071 1088 4142; x_wconf 91' lang='lat' dir='ltr'><strong>ab</strong></span> <span class='ocrx_word' id='word_1_287' title='bbox 1117 4071 1203 4142; x_wconf 90' lang='lat' dir='ltr'><strong>urbe</strong></span> <span class='ocrx_word' id='word_1_288' title='bbox 1232 4069 1383 4166; x_wconf 90' lang='lat' dir='ltr'><strong>lapidem</strong></span> <span class='ocrx_word' id='word_1_289' title='bbox 1410 4073 1568 4145; x_wconf 87' lang='lat' dir='ltr'><strong>ducentis</strong></span> <span class='ocrx_word' id='word_1_290' title='bbox 1594 4073 1769 4168; x_wconf 90' lang='lat' dir='ltr'><strong>equitibus</strong></span> 
     </span>
     <span class='ocr_line' id='line_1_28' title="bbox 162 4190 1768 4289; baseline 0.002 -24"><span class='ocrx_word' id='word_1_291' title='bbox 162 4193 304 4267; x_wconf 85' lang='lat' dir='ltr'><strong>Sueticis</strong></span> <span class='ocrx_word' id='word_1_292' title='bbox 320 4193 485 4267; x_wconf 91' lang='lat' dir='ltr'><strong>comitati.</strong></span> <span class='ocrx_word' id='word_1_293' title='bbox 503 4195 631 4268; x_wconf 83' lang='lat' dir='ltr'><strong>Evenit</strong></span> <span class='ocrx_word' id='word_1_294' title='bbox 646 4202 765 4274; x_wconf 85' lang='lat' dir='ltr'><strong>autem</strong></span> <span class='ocrx_word' id='word_1_295' title='bbox 781 4190 818 4267; x_wconf 90' lang='lat' dir='ltr'><strong>id</strong></span> <span class='ocrx_word' id='word_1_296' title='bbox 834 4195 1086 4289; x_wconf 90' lang='lat' dir='ltr'><strong>Rigensibusa</strong></span> <span class='ocrx_word' id='word_1_297' title='bbox 1103 4202 1265 4288; x_wconf 87' lang='lat' dir='ltr'><strong>suscepta</strong></span> <span class='ocrx_word' id='word_1_298' title='bbox 1285 4193 1505 4267; x_wconf 88' lang='lat' dir='ltr'><strong>lutheranica</strong></span> <span class='ocrx_word' id='word_1_299' title='bbox 1529 4195 1658 4268; x_wconf 88' lang='lat' dir='ltr'><strong>haeresi</strong></span> <span class='ocrx_word' id='word_1_300' title='bbox 1675 4219 1768 4268; x_wconf 91' lang='lat' dir='ltr'><strong>anno</strong></span> 
     </span>
     <span class='ocr_line' id='line_1_29' title="bbox 160 4317 1765 4414; baseline 0.002 -26"><span class='ocrx_word' id='word_1_301' title='bbox 160 4319 341 4390; x_wconf 89' lang='lat' dir='ltr'><strong>saeculari:</strong></span> <span class='ocrx_word' id='word_1_302' title='bbox 368 4325 406 4390; x_wconf 91' lang='lat' dir='ltr'><strong>ut</strong></span> <span class='ocrx_word' id='word_1_303' title='bbox 424 4318 517 4389; x_wconf 90' lang='lat' dir='ltr'><strong>euim</strong></span> <span class='ocrx_word' id='word_1_304' title='bbox 533 4325 633 4390; x_wconf 88' lang='lat' dir='ltr'><strong>notat</strong></span> <span class='ocrx_word' id='word_1_305' title='bbox 651 4319 846 4414; x_wconf 86' lang='lat' dir='ltr'><strong>Chytraeus,</strong></span> <span class='ocrx_word' id='word_1_306' title='bbox 867 4341 942 4391; x_wconf 88' lang='lat' dir='ltr'><strong>suae</strong></span> <span class='ocrx_word' id='word_1_307' title='bbox 959 4317 1019 4390; x_wconf 90' lang='lat' dir='ltr'><strong>ille</strong></span> <span class='ocrx_word' id='word_1_308' title='bbox 1034 4326 1140 4391; x_wconf 86' lang='lat' dir='ltr'><strong>sectae</strong></span> <span class='ocrx_word' id='word_1_309' title='bbox 1153 4317 1357 4401; x_wconf 87' lang='lat' dir='ltr'><strong>admirator,</strong></span> <span class='ocrx_word' id='word_1_310' title='bbox 1379 4341 1470 4391; x_wconf 89' lang='lat' dir='ltr'><strong>anno</strong></span> <span class='ocrx_word' id='word_1_311' title='bbox 1494 4319 1586 4393; x_wconf 83' lang='lat'>1516</span> <span class='ocrx_word' id='word_1_312' title='bbox 1607 4319 1765 4392; x_wconf 79' lang='lat' dir='ltr'><strong>Andreas</strong></span> 
     </span>
     <span class='ocr_line' id='line_1_30' title="bbox 161 4439 1763 4537; baseline 0.001 -25"><span class='ocrx_word' id='word_1_313' title='bbox 161 4439 347 4536; x_wconf 82' lang='lat' dir='ltr'><strong>Cnophius,</strong></span> <span class='ocrx_word' id='word_1_314' title='bbox 366 4440 523 4536; x_wconf 91' lang='lat' dir='ltr'><strong>perditus</strong></span> <span class='ocrx_word' id='word_1_315' title='bbox 542 4442 687 4514; x_wconf 89' lang='lat' dir='ltr'><strong>Lutheri</strong></span> <span class='ocrx_word' id='word_1_316' title='bbox 708 4465 837 4537; x_wconf 89' lang='lat' dir='ltr'><strong>praeco,</strong></span> <span class='ocrx_word' id='word_1_317' title='bbox 854 4443 948 4515; x_wconf 91' lang='lat' dir='ltr'><strong>hunc</strong></span> <span class='ocrx_word' id='word_1_318' title='bbox 962 4463 1129 4535; x_wconf 90' lang='lat' dir='ltr'><strong>suamque</strong></span> <span class='ocrx_word' id='word_1_319' title='bbox 1146 4449 1281 4536; x_wconf 90' lang='lat' dir='ltr'><strong>pestem</strong></span> <span class='ocrx_word' id='word_1_320' title='bbox 1306 4443 1456 4514; x_wconf 89' lang='lat' dir='ltr'><strong>incautis</strong></span> <span class='ocrx_word' id='word_1_321' title='bbox 1474 4442 1607 4514; x_wconf 86' lang='lat' dir='ltr'><strong>civibus</strong></span> <span class='ocrx_word' id='word_1_322' title='bbox 1633 4442 1763 4514; x_wconf 90' lang='lat' dir='ltr'><strong>attulit.</strong></span> 
     </span>
     <span class='ocr_line' id='line_1_31' title="bbox 160 4563 1766 4662; baseline 0.004 -29"><span class='ocrx_word' id='word_1_323' title='bbox 160 4563 395 4637; x_wconf 90' lang='lat' dir='ltr'><strong>Vendensium</strong></span> <span class='ocrx_word' id='word_1_324' title='bbox 413 4565 518 4636; x_wconf 86' lang='lat' dir='ltr'><strong>etiam</strong></span> <span class='ocrx_word' id='word_1_325' title='bbox 545 4564 740 4659; x_wconf 86' lang='lat' dir='ltr'><strong>Collegium</strong></span> <span class='ocrx_word' id='word_1_326' title='bbox 758 4566 854 4638; x_wconf 84' lang='lat' dir='ltr'><strong>brevi</strong></span> <span class='ocrx_word' id='word_1_327' title='bbox 879 4573 960 4662; x_wconf 88' lang='lat' dir='ltr'><strong>post</strong></span> <span class='ocrx_word' id='word_1_328' title='bbox 975 4565 1068 4639; x_wconf 92' lang='lat' dir='ltr'><strong>idem</strong></span> <span class='ocrx_word' id='word_1_329' title='bbox 1086 4566 1263 4638; x_wconf 83' lang='lat' dir='ltr'><strong>Gustavus</strong></span> <span class='ocrx_word' id='word_1_330' title='bbox 1292 4565 1487 4662; x_wconf 88' lang='lat' dir='ltr'><strong>dissipavit.</strong></span> <span class='ocrx_word' id='word_1_331' title='bbox 1518 4567 1766 4661; x_wconf 86' lang='lat' dir='ltr'><strong>Derpatanses,</strong></span> 
     </span>
     <span class='ocr_line' id='line_1_32' title="bbox 161 4689 745 4783; baseline 0.007 -25"><span class='ocrx_word' id='word_1_332' title='bbox 161 4689 298 4762; x_wconf 88' lang='lat' dir='ltr'><strong>adalia</strong></span> <span class='ocrx_word' id='word_1_333' title='bbox 325 4689 510 4773; x_wconf 89' lang='lat' dir='ltr'><strong>festinans,</strong></span> <span class='ocrx_word' id='word_1_334' title='bbox 543 4689 745 4783; x_wconf 86' lang='lat' dir='ltr'><strong>praeterivit.</strong></span> 
     </span>
    </p>

    <p class='ocr_par' dir='ltr' id='par_1_8' title="bbox 205 4812 1766 4908">
     <span class='ocr_line' id='line_1_33' title="bbox 205 4812 1766 4908; baseline 0.004 -24"><span class='ocrx_word' id='word_1_335' title='bbox 205 4813 271 4886; x_wconf 91' lang='lat' dir='ltr'><strong>His</strong></span> <span class='ocrx_word' id='word_1_336' title='bbox 288 4813 487 4908; x_wconf 90' lang='lat' dir='ltr'><strong>injucundis</strong></span> <span class='ocrx_word' id='word_1_337' title='bbox 513 4837 699 4908; x_wconf 88' lang='lat' dir='ltr'><strong>prosperas</strong></span> <span class='ocrx_word' id='word_1_338' title='bbox 722 4813 804 4886; x_wconf 88' lang='lat' dir='ltr'><strong>alibi</strong></span> <span class='ocrx_word' id='word_1_339' title='bbox 823 4837 880 4887; x_wconf 93' lang='lat' dir='ltr'><strong>res</strong></span> <span class='ocrx_word' id='word_1_340' title='bbox 910 4813 1029 4886; x_wconf 90' lang='lat' dir='ltr'><strong>divina</strong></span> <span class='ocrx_word' id='word_1_341' title='bbox 1046 4813 1244 4908; x_wconf 88' lang='lat' dir='ltr'><strong>benignitas</strong></span> <span class='ocrx_word' id='word_1_342' title='bbox 1262 4813 1423 4886; x_wconf 83' lang='lat' dir='ltr'><strong>intexuit.</strong></span> <span class='ocrx_word' id='word_1_343' title='bbox 1450 4812 1658 4902; x_wconf 86' lang='lat' dir='ltr'><strong>Smolensci,</strong></span> <span class='ocrx_word' id='word_1_344' title='bbox 1674 4817 1766 4891; x_wconf 94' lang='lat' dir='ltr'><strong>dono</strong></span> 
     </span>
    </p>

    <p class='ocr_par' dir='ltr' id='par_1_9' title="bbox 98 4934 1770 5160">
     <span class='ocr_line' id='line_1_34' title="bbox 162 4934 1770 5031; baseline 0.004 -23"><span class='ocrx_word' id='word_1_345' title='bbox 162 4934 374 5030; x_wconf 87' lang='lat' dir='ltr'><strong>Sigismundi</strong></span> <span class='ocrx_word' id='word_1_346' title='bbox 392 4937 501 5031; x_wconf 82' lang='lat' dir='ltr'><strong>regis,</strong></span> <span class='ocrx_word' id='word_1_347' title='bbox 531 4943 743 5030; x_wconf 89' lang='lat' dir='ltr'><strong>procurante</strong></span> <span class='ocrx_word' id='word_1_348' title='bbox 772 4961 846 5010; x_wconf 92' lang='lat' dir='ltr'><strong>rem</strong></span> <span class='ocrx_word' id='word_1_349' title='bbox 876 4937 1057 5010; x_wconf 89' lang='lat' dir='ltr'><strong>conditore</strong></span> <span class='ocrx_word' id='word_1_350' title='bbox 1088 4935 1248 5031; x_wconf 72' lang='lat' dir='ltr'><strong>collegii,</strong></span> <span class='ocrx_word' id='word_1_351' title='bbox 1280 4936 1485 5010; x_wconf 81' lang='lat' dir='ltr'><strong>Alexandro</strong></span> <span class='ocrx_word' id='word_1_352' title='bbox 1512 4937 1663 5012; x_wconf 86' lang='lat' dir='ltr'><strong>Corvino</strong></span> <span class='ocrx_word' id='word_1_353' title='bbox 1700 4941 1770 5014; x_wconf 74' lang='lat' dir='ltr'><strong>Gro-</strong></span> 
     </span>
     <span class='ocr_line' id='line_1_35' title="bbox 98 5061 1770 5160; baseline 0.007 -30"><span class='ocrx_word' id='word_1_354' title='bbox 98 5119 105 5146; x_wconf 77' lang='lat'><strong>,</strong></span> <span class='ocrx_word' id='word_1_355' title='bbox 161 5061 324 5148; x_wconf 86' lang='lat' dir='ltr'><strong>sievskio,</strong></span> <span class='ocrx_word' id='word_1_356' title='bbox 345 5064 497 5158; x_wconf 90' lang='lat' dir='ltr'><strong>praeside</strong></span> <span class='ocrx_word' id='word_1_357' title='bbox 522 5063 841 5136; x_wconf 85' lang='lat' dir='ltr'><strong>Smolenscensium</strong></span> <span class='ocrx_word' id='word_1_358' title='bbox 872 5062 1042 5158; x_wconf 89' lang='lat' dir='ltr'><strong>palatino,</strong></span> <span class='ocrx_word' id='word_1_359' title='bbox 1070 5063 1156 5138; x_wconf 88' lang='lat' dir='ltr'><strong>certi</strong></span> <span class='ocrx_word' id='word_1_360' title='bbox 1183 5061 1339 5156; x_wconf 83' lang='lat' dir='ltr'><strong>Collegio</strong></span> <span class='ocrx_word' id='word_1_361' title='bbox 1366 5062 1548 5136; x_wconf 86' lang='lat' dir='ltr'><strong>Sociorum</strong></span> <span class='ocrx_word' id='word_1_362' title='bbox 1567 5065 1645 5160; x_wconf 86' lang='lat' dir='ltr'><strong>agri</strong></span> <span class='ocrx_word' id='word_1_363' title='bbox 1671 5069 1770 5140; x_wconf 90' lang='lat' dir='ltr'><strong>attri-</strong></span> 
     </span>
    </p>
   </div>
   <div class='ocr_carea' id='block_1_3' title="bbox 33 5173 1773 5282">
    <p class='ocr_par' dir='ltr' id='par_1_10' title="bbox 33 5173 1773 5282">
     <span class='ocr_line' id='line_1_36' title="bbox 33 5173 1773 5282; baseline 0.005 -28"><span class='ocrx_word' id='word_1_364' title='bbox 33 5173 34 5208; x_wconf 66' lang='lat'><strong><em>;</em></strong></span> <span class='ocrx_word' id='word_1_365' title='bbox 161 5183 230 5257; x_wconf 86' lang='lat' dir='ltr'><strong>buti</strong></span> <span class='ocrx_word' id='word_1_366' title='bbox 249 5213 256 5258; x_wconf 94' lang='lat'>:</span> <span class='ocrx_word' id='word_1_367' title='bbox 276 5189 445 5282; x_wconf 83' lang='lat' dir='ltr'><strong>templum</strong></span> <span class='ocrx_word' id='word_1_368' title='bbox 457 5188 540 5260; x_wconf 87' lang='lat' dir='ltr'><strong>item</strong></span> <span class='ocrx_word' id='word_1_369' title='bbox 557 5187 770 5260; x_wconf 90' lang='lat' dir='ltr'><strong>Rutenicum</strong></span> <span class='ocrx_word' id='word_1_370' title='bbox 794 5193 894 5259; x_wconf 89' lang='lat' dir='ltr'><strong>extra</strong></span> <span class='ocrx_word' id='word_1_371' title='bbox 916 5189 1057 5272; x_wconf 90' lang='lat' dir='ltr'><strong>moenia,</strong></span> <span class='ocrx_word' id='word_1_372' title='bbox 1085 5187 1225 5259; x_wconf 90' lang='lat' dir='ltr'><strong>nomine</strong></span> <span class='ocrx_word' id='word_1_373' title='bbox 1244 5186 1452 5272; x_wconf 86' lang='lat' dir='ltr'><strong>Salvatoris,</strong></span> <span class='ocrx_word' id='word_1_374' title='bbox 1481 5188 1557 5260; x_wconf 88' lang='lat' dir='ltr'><strong>sive</strong></span> <span class='ocrx_word' id='word_1_375' title='bbox 1581 5196 1621 5261; x_wconf 87' lang='lat' dir='ltr'><strong>ut</strong></span> <span class='ocrx_word' id='word_1_376' title='bbox 1644 5199 1773 5264; x_wconf 87' lang='lat' dir='ltr'><strong>vocant</strong></span> 
     </span>
    </p>
   </div>
   <div class='ocr_carea' id='block_1_4' title="bbox 1800 4547 1905 4683">
    <p class='ocr_par' dir='ltr' id='par_1_11' title="bbox 1800 4547 1905 4683">
     <span class='ocr_line' id='line_1_37' title="bbox 1800 4547 1905 4604; baseline -0.019 0"><span class='ocrx_word' id='word_1_377' title='bbox 1800 4551 1828 4604; x_wconf 82' lang='lat' dir='ltr'><strong>et</strong></span> <span class='ocrx_word' id='word_1_378' title='bbox 1838 4547 1905 4602; x_wconf 84' lang='lat' dir='ltr'><strong>Van·</strong></span> 
     </span>
     <span class='ocr_line' id='line_1_38' title="bbox 1800 4626 1888 4683; baseline 0.011 -2"><span class='ocrx_word' id='word_1_379' title='bbox 1800 4626 1888 4683; x_wconf 85' lang='lat' dir='ltr'><strong>denso.</strong></span> 
     </span>
    </p>
   </div>
   <div class='ocr_carea' id='block_1_5' title="bbox 0 0 2470 6630">
    <p class='ocr_par' dir='ltr' id='par_1_12' title="bbox 0 0 2470 6630">
     <span class='ocr_line' id='line_1_39' title="bbox 0 0 2470 6630; baseline 0 0"><span class='ocrx_word' id='word_1_380' title='bbox 0 0 2470 6630; x_wconf 95' lang='lat' dir='ltr'><strong> </strong></span> 
     </span>
    </p>
   </div>
  </div>
 </body>
</html>
