4896 6650
677 769 784 830 LlBER
805 768 959 828 TERTIUS
983 769 1195 845 (isso-1590).
1525 775 1527 778 ’
1694 761 1754 828 129

141 953 239 1024 «sub
257 951 370 1024 Paulo
390 953 441 1024 IV
457 951 634 1048 Alpbonsi
657 952 810 1026 Caraffae
833 952 1024 1026 cardinalis
1051 953 1118 1043 (cui
1142 958 1350 1045 regentatus
1377 973 1528 1024 camerae
1548 947 1753 1045 apostolica
1780 951 1846 1009 1585

21 1101 22 1110 ¹
142 1076 357 1150 «abeodem
377 1077 550 1150 Pontifice
568 1101 658 1149 novo
677 1101 774 1151 more
803 1076 942 1150 delatus
966 1075 1101 1170 fuerat)
1119 1075 1354 1170 vicesgerens‚
1370 1074 1519 1147 eundem
1535 1065 1752 1148 cardinalem

142 1235 156 1262 a
175 1203 210 1273 in
229 1201 437 1276 Flandriam
463 1203 509 1274 ad
536 1203 738 1299 Philippum
757 1204 791 1276 11
812 1202 970 1296 legatum
987 1201 1186 1285 comitatus,
1202 1199 1284 1272 dein
1302 1200 1486 1294 episcopus
1499 1199 1691 1283 Vestanus,
1713 1223 1754 1273 ac

142 1347 254 1398 «mox
270 1325 336 1398 sub
355 1326 421 1398 Pio
440 1327 491 1399 IV
509 1325 555 1398 ad
574 1325 769 1400 Concilium
790 1325 1037 1398 Tridentinum
1053 1323 1208 1396 secundo
1230 1323 1371 1408 missus,
1393 1323 1429 1395 in
1449 1323 1573 1395 urbem
1590 1347 1754 1397 reversus
1852 1309 1855 1312 ¹

142 1449 359 1524 «abeodem
385 1449 558 1522 Pontifice
588 1467 747 1545 purpura
775 1451 868 1521 inter
895 1450 1123 1545 presbyteros
1142 1448 1343 1521 cardinales
1357 1448 1409 1520 tit.
1428 1449 1465 1521 S.
1490 1449 1581 1521 Sixti
1606 1449 1756 1520 cohone-

143 1608 156 1638 κ
174 1584 298 1662 status,
324 1583 359 1648 et
385 1577 552 1650 brevibus
570 1577 773 1672 apostolicis
801 1578 989 1671 praefectus
1006 1575 1085 1647 brit.
1106 1575 1193 1648 Mox
1222 1575 1259 1647 in
1281 1575 1491 1670 Hispaniam
1507 1599 1572 1671 pro
1591 1576 1756 1649 Carannae

143 1729 157 1760 κ
175 1700 428 1795 archiepiscopi
436 1700 601 1774 Toletani
615 1724 724 1774 causa
739 1701 894 1796 legatus
910 1700 993 1773 inde
1007 1699 1155 1773 feliciter
1168 1706 1248 1772 acta
1260 1700 1441 1794 legatione
1459 1700 1614 1782 rediens,
1630 1700 1757 1772 Romae

143 1853 156 1884 v
176 1823 355 1918 paululum
371 1832 541 1910 moratus,
563 1824 629 1896 Pio
648 1824 879 1907 VPontifice‚
901 1824 1099 1896 Bononiam
1117 1822 1295 1908 discessit,
1313 1822 1407 1895 unde
1430 1822 1537 1918 paulo
1559 1830 1642 1895 ante
1660 1824 1753 1895 Pon·

143 1945 276 2020 «tificis
303 1947 436 2019 obitum
460 1948 676 2041 remigrare,
707 1948 773 2020 Pio
795 1948 829 2018 V
856 1955 1007 2046 mortuo,
1028 1947 1142 2022 altero
1168 1947 1226 2019 die
1252 1953 1333 2041 post
1354 1945 1532 2018 conclavis
1554 1947 1756 2040 ingressum

143 2099 157 2129 e
175 2071 262 2165 (quae
279 2071 345 2143 fuit
359 2072 411 2144 Ill
430 2070 510 2144 idus
522 2073 640 2143 martii
661 2071 770 2155 1572,
787 2071 1021 2144 cardinalium
1037 2094 1196 2155 accessu,
1213 2093 1293 2164 quae
1312 2070 1464 2164 Spiritus
1493 2059 1615 2142 Sancti
1627 2070 1757 2175 dicitur

141 2222 155 2252 a
175 2193 316 2288 electio)
334 2216 465 2288 magna
482 2195 636 2267 omnium
653 2194 791 2278 laetitia,
812 2202 847 2266 et
869 2195 1006 2288 ingenti
1020 2217 1162 2266 suarum
1176 2193 1343 2266 virtutum
1362 2193 1619 2288 expectatione,
1639 2193 1755 2264 Maxi·

141 2315 313 2389 ‘miliano
338 2318 371 2390 11
389 2317 612 2412 imperatore,
635 2317 800 2391 Pontifex
823 2319 996 2390 maximus
1025 2317 1247 2390 renuntiatus
1271 2324 1338 2389 est.
1358 2318 1397 2388 ln
1423 2317 1500 2412 ipsa
1524 2319 1753 2390 Pentecostes

140 2469 154 2500 ι
172 2439 360 2514 festivitate
384 2448 587 2525 coronatus
606 2443 784 2537 pecuniae,
803 2465 882 2536 quae
908 2443 945 2514 in
971 2441 1199 2513 coronatione
1229 2440 1383 2512 adstanti
1403 2441 1502 2536 'plebi
1526 2441 1648 2536 spargi
1669 2464 1752 2514 con-

140 2591 154 2622 v
174 2572 372 2650 sueverant,
392 2565 459 2659 piis
471 2565 558 2638 locis
577 2565 658 2654 dari
672 2567 853 2662 praecepit.
875 2567 963 2646 Quae
976 2588 1113 2638 summa
1130 2564 1176 2638 ad
1194 2566 1238 2640 15
1254 2587 1443 2637 aureorum
1455 2566 1567 2638 millia
1577 2566 1749 2650 ascendit,

140 2717 154 2746 a
173 2689 294 2780 quibus
307 2689 415 2762 etiam
427 2690 476 2764 20
489 2689 598 2762 millia
609 2690 751 2783 ‘adJecit
768 2691 982 2786 pauperibus
997 2688 1196 2784 eroganda3
1216 2713 1296 2782 quae
1310 2688 1542 2773 conclusistis
1559 2697 1596 2762 ut
1607 2695 1748 2774 vocant,

138 2841 153 2872 s
171 2811 246 2883 dari
263 2812 388 2897 noluit,
404 2811 498 2906 quod
524 2820 596 2884 tam
623 2813 722 2886 brevi
749 2814 939 2908 pontificiae
968 2813 1150 2886 electionis
1176 2820 1332 2907 tempore
1357 2835 1484 2906 parum
1500 2813 1672 2886 molestiae
1689 2821 1752 2886 aut
1783 2870 1785 2879 .
1877 2883 1879 2887 ,

138 2963 152 2994 e
169 2929 300 3007 laboris
317 2935 495 3007 tulissent.
516 2937 621 3009 Initio
640 2937 864 3031 pontificatus
882 2937 1159 3030 redintegrando
1182 2960 1261 3008 cum
1278 2937 1404 3010 'furcis
1421 2936 1547 3010 foederi
1570 2944 1605 3008 et
1623 2945 1749 3031 coeptae

137 3087 151 3117 e
170 3066 290 3132 contra
311 3061 432 3132 hostes
444 3058 529 3131 fidei
547 3059 760 3153 expeditioni
775 3061 930 3133 animum
944 3060 1112 3144 intendit;
1134 3083 1243 3154 quare
1261 3061 1423 3134 Marcum
1439 3061 1632 3134 Antonium
1646 3061 1748 3134 Colu-

137 3205 284 3255 emnam
311 3205 414 3277 quem
437 3183 657 3256 comitiorum
680 3193 840 3279 tempore
858 3185 1058 3256 cardinales
1085 3183 1333 3256 ecclesiasticis
1358 3185 1468 3279 copiis
1499 3185 1745 3279 praesecerant,

136 3333 151 3364 ι
169 3305 255 3379 urbe
273 3307 349 3401 jam
372 3329 569 3400 egressum,
589 3308 625 3378 in
650 3307 772 3381 eodem
790 3331 936 3381 munere
958 3308 1191 3380 confirmavit.
1220 3308 1406 3403 Hispaniae
1424 3316 1459 3382 et
1477 3307 1604 3382 Galliae
1626 3330 1745 3402 reges,

137 3431 227 3524 equi
261 3429 431 3502 adversus
462 3413 650 3503 haereticos
684 3430 952 3526 praeliabantur,
986 3431 1133 3527 adjuvit.
1164 3431 1251 3504 Tria
1290 3439 1325 3503 et
1359 3431 1486 3525 viginti
1525 3431 1685 3527 collegia
1715 3432 1752 3504 in
1885 3505 1887 3510 ,
1974 3411 1982 3436 ’

135 3555 314 3628 «diversis
341 3555 438 3626 orbis
468 3554 628 3650 partibus
657 3555 825 3641 extruxit,
855 3563 890 3628 et
915 3555 1082 3628 continuo
1108 3555 1248 3628 redditu
1278 3555 1526 3650 locupletavit;
1555 3555 1751 3652 exquibus

134 3707 148 3737 κ
166 3679 291 3751 Romae
310 3685 394 3752 sunt
417 3703 425 3750 :
450 3679 712 3761 Germanicum,
730 3679 989 3764 Britannicum,
1006 3678 1041 3752 N
1044 3678 1291 3784 eophytorum,
1308 3681 1528 3764 Graecorum,
1550 3679 1747 3782 Maronita-

134 3830 149 3860 ι
168 3827 256 3886 rum,
285 3810 323 3874 et
350 3801 445 3897 quod
470 3803 670 3875 Romanum
695 3825 874 3888 vocamus,
897 3803 956 3874 ubi
981 3825 1003 3874 a
1026 3801 1215 3874 Societatis
1239 3803 1327 3875 Jesu
1349 3803 1517 3876 Patribus
1536 3827 1607 3878 non
1633 3805 1750 3876 minus

134 3928 393 4000 «scientiarum
418 3948 523 4021 quam
555 3927 724 3998 virtutum
756 3927 973 4000 ornamentis
1007 3927 1175 4000 Romana
1196 3927 1366 4020 juventus
1396 3927 1606 4001 instituitur.
1637 3929 1749 4002 Ilissi·
1845 3979 1849 3986 -

132 4077 146 4108 κ
166 4049 287 4123 dentes
303 4050 438 4144 aliquot
454 4050 615 4122 civitates
635 4049 800 4145 prudenti
813 4050 990 4122 industria
1008 4056 1043 4122 et
1063 4073 1172 4144 opera
1189 4051 1340 4146 pacavit.
1362 4023 1548 4125 Excellens
1565 4054 1642 4148 ejus
1660 4075 1749 4146 erga

132 4203 146 4232 κ
164 4175 314 4268 plebem,
330 4173 480 4258 nobiles,
501 4196 544 4246 ac
569 4174 666 4269 ipsos
683 4175 790 4246 etiam
812 4174 1001 4269 principes
1019 4180 1093 4246 toto
1120 4173 1176 4246 sui
1192 4173 1416 4269 pontificatus
1430 4183 1600 4270 tempore,
1620 4176 1748 4249 libera·

131 4327 146 4358 s
163 4297 257 4383 litas,
284 4299 487 4394 praesertim
514 4299 607 4373 1575
631 4299 756 4394 inquo
778 4298 966 4393 jubilaeum
993 4298 1208 4370 celebratum
1225 4297 1311 4381 fuit,
1334 4299 1543 4384 mirabiliter
1569 4322 1609 4372 se
1625 4297 1746 4395 'expli-

130 4449 145 4480 κ
164 4423 253 4507 cuit;
273 4444 316 4494 ac
333 4421 581 4517 nequidquam
595 4445 658 4494 seu
675 4422 803 4494 civium
821 4445 883 4496 seu
897 4423 1115 4497 advenarum
1133 4420 1373 4494 commoditati
1386 4421 1540 4506 deesset,
1558 4423 1748 4518 diligenter
1846 4486 1848 4489 .

130 4575 145 4604 a
164 4547 321 4632 curavit;
351 4544 457 4642 quod,
487 4551 526 4616 ut
555 4546 666 4618 multa
693 4547 814 4640 paucis
844 4547 1071 4641 complectar,
1103 4552 1280 4630 constant,
1310 4546 1340 4617 si
1370 4548 1432 4620 HS
1460 4548 1682 4644 octingentos
1709 4548 1746 4620 in

130 4699 145 4730 κ
164 4694 339 4767 pauperes
358 4657 594 4753 distribuisse,
610 4671 762 4742 referam
783 4696 791 4743 :
813 4677 851 4742 ut
868 4678 996 4744 statuae
1013 4693 1036 4742 a
1056 4671 1229 4743 Romanis
1243 4670 1280 4742 in
1299 4671 1473 4766 Capitolio
1494 4671 1542 4744 ad
1563 4671 1748 4744 Pontificis

131 4823 146 4854 ι
165 4795 336 4868 honorem
354 4803 482 4892 erectae
495 4795 650 4889 elogium
665 4793 833 4868 declarat.
848 4795 957 4868 Urbis
974 4793 1051 4866 vias
1064 4801 1254 4879 straverat,
1271 4795 1422 4868 aedificia
1439 4797 1550 4869 multa
1563 4804 1745 4882 erexerat;

131 4947 146 4978 a
165 4920 383 4993 senatorium
409 4920 555 5002 fontem,
586 4918 727 5010 refectis
755 4919 961 5002 fornicibus,
987 4918 1153 4991 restituit.
1187 4918 1327 5024 Aquam
1353 4919 1527 5015 virginem
1557 4922 1594 4992 in
1624 4922 1747 4994 urbem

132 5069 147 5100 a
167 5043 280 5116 duxit.
299 5043 498 5116 Romanam
508 5041 746 5126 academiam,
767 5065 847 5136 quae
865 5032 1047 5136 Sapientia
1075 5040 1216 5124 dicitnr,
1236 5043 1461 5116 instauravit.
1478 5045 1619 5118 Italiam
1644 5047 1747 5140 gravi

132 5196 147 5226 r
169 5169 388 5264 pestilentia,
411 5168 447 5239 in
477 5167 597 5263 primis
619 5165 840 5250 Tridentum,
858 5164 1101 5238 Mediolanum
1127 5169 1163 5236 et
1184 5163 1354 5237 Venetias
1379 5173 1542 5252 vexante,
1560 5166 1749 5240 distributa

1588 5289 1619 5342 17
