4930 6634
512 1007 577 1062 1642

511 1318 589 1375 Beati
600 1318 643 1373 Jo-

510 1397 610 1459 saphat

511 1477 605 1532 trium·

510 1553 579 1624 phns
588 1549 644 1606 vil·

459 1629 465 1642 “
512 1646 560 1687 nn.

681 793 742 858 332
1061 773 1335 863 LlTUllNlGAllUM
1359 803 1569 864 SOClETATlS
1590 804 1675 865 lESU
1699 802 1952 866 lllSTOlllhllUll

682 991 847 1058 accurate
866 985 971 1094 etiam
988 994 1196 1061 annotatum
1213 979 1310 1087 alibi)
1332 988 1425 1061 XIX
1438 987 1608 1062 kalendas
1630 989 1814 1085 januarias
1838 989 1925 1061 anni
1952 985 2170 1083 insequentis
2194 963 2309 1061 hohor

685 1109 797 1184 Beato
816 1111 969 1208 Martyri
988 1114 1149 1187 decretus
1167 1122 1234 1188 est.
1449 1111 1455 1124 ’

731 1235 919 1310 Decretum
938 1240 1082 1335 'excepit
1105 1239 1257 1336 insignis
1281 1240 1399 1312 Vilnae
1428 1239 1628 1324 celebritas,
1660 1226 1836 1334 praesente
1865 1265 1952 1336 rege
1977 1240 2176 1315 Vladislao.
2209 1242 2308 1316 Editi

672 1358 886 1453 primumin
904 1365 1036 1460 campis
1049 1365 1261 1438 suburbanis
1274 1363 1444 1437 militares
1462 1363 1618 1460 equitum
1634 1363 1723 1449 ludi,
1738 1365 1944 1438 tonantibus
1962 1364 2098 1439 bellicis
2116 1365 2305 1450 machinis,

683 1507 862 1560 armorum
886 1491 1049 1586 strepitu,
1065 1515 1195 1586 pugnae
1220 1493 1360 1563 theatro
1390 1487 1550 1575 ludicrae,
1566 1488 1744 1560 civitatem
1769 1486 1816 1558 ad
1842 1487 2079 1582 spectaculum
2107 1488 2306 1562 concinere.

685 1607 864 1683 concursu
893 1613 1012 1708 populi
1038 1615 1145 1698 facto,
1168 1623 1282 1686 ternae
1310 1613 1512 1685 lectissimae
1542 1619 1681 1696 turmas,
1702 1612 1879 1706 gradatim
1909 1634 1932 1684 a
1957 1612 2135 1707 praelectis
2166 1614 2202 1685 in
2221 1637 2308 1687 con-

684 1731 825 1820 vallem,
846 1739 1024 1832 pontificio
1053 1740 1125 1811 divi
1151 1738 1322 1813 Stanislai
1339 1736 1469 1830 templo
1496 1742 1530 1808 et
1555 1737 1656 1830 regio
1682 1735 1816 1832 palatio
1834 1737 2042 1833 subjectam,
2065 1736 2243 1822 deductae,
2264 1737 2311 1811 ad

689 1881 852 1954 pompam
865 1862 1055 1938 antistibus
1070 1871 1105 1937 et
1113 1863 1290 1958 religiosis
1304 1861 1485 1934 ordinibus
1498 1859 1662 1956 viamque
1670 1858 1944 1956 procedentibus
1955 1861 1991 1933 in
2008 1861 2175 1935 confluxu
2188 1859 2312 1956 populi

685 1981 894 2057 faciendam.
915 1986 1063 2062 Caeterae
1080 1989 1253 2084 legiones,
1271 2011 1376 2082 quam
1398 1987 1526 2082 longus
1551 2010 1573 2060 a
1602 1986 1733 2082 templo
1751 1986 1930 2082 pontificio
1952 1987 1999 2058 ad
2011 1988 2133 2060 fanum
2154 1987 2311 2061 Basilia·

687 2128 810 2178 norum
835 2117 982 2196 tractus,
1004 2110 1126 2185 ordine
1152 2136 1174 2185 a
1203 2112 1372 2185 lateribus
1403 2110 1598 2196 collocatae,
1626 2109 1801 2181 trifariam
1830 2108 1965 2184 divisae.
1997 2110 2156 2183 Primum
2182 2133 2312 2206 agmen

686 2237 849 2304 ornatum
863 2240 940 2306 erat
953 2235 1164 2330 insignibus,
1177 2233 1373 2331 cujusmodi
1386 2235 1502 2307 forent
1515 2240 1642 2306 turmae
1659 2232 1680 2304 J
1683 2234 1835 2328 osaphat
1848 2233 1944 2328 regis
1959 2234 1980 2306 J
1984 2234 2096 2309 udaeae
2110 2264 2116 2306 :
2139 2233 2312 2330 ejusmodi

689 2350 802 2444 signis
820 2352 1005 2448 fulgebant
1030 2355 1177 2429 armillas
1194 2355 1485 2456 triumphantium
1512 2361 1548 2426 et
1571 2353 1704 2426 vexilla
1729 2363 1764 2428 et
1781 2356 1863 2430 tela.
1884 2357 1925 2428 In
1951 2356 2065 2430 altero
2084 2357 2313 2430 simulacrum

689 2477 805 2570 gentis
824 2479 968 2565 Indicae,
986 2479 1128 2574 quidam
1140 2479 1253 2580 {quasi
1270 2481 1390 2576 regius
1422 2481 1601 2564 Indorum,
1623 2479 1671 2576 pii
1696 2477 1791 2552 illius
1815 2479 1984 2576 principis
2003 2480 2025 2553 J
2030 2480 2193 2576 osaphat,
2211 2502 2313 2552 exer·

689 2601 778 2673 citus
800 2589 812 2672 :v
824 2601 876 2675 ita
892 2602 945 2674 illi
970 2603 1155 2687 bracteati,
1176 2606 1314 2690 cetrati,
1335 2604 1476 2688 hastati,
1494 2603 1637 2698 galeati.
1661 2604 1701 2676 In
1725 2605 1831 2678 tertio
1852 2605 1927 2678 ibat
1941 2605 2084 2700 agmine
2102 2611 2214 2677 coctus
2233 2627 2315 2692 aca-

691 2724 858 2813 demicus,
876 2727 1127 2824 doctorumque
1157 2729 1229 2804 suis
1259 2730 1468 2826 conspicuus
1486 2728 1702 2802 ornamentis
1731 2735 1889 2803 senatus
1911 2731 2011 2802 Pone
2037 2737 2175 2802 vectum
2193 2731 2316 2802 trium·

692 2851 790 2950 phali
807 2875 911 2925 curru
933 2853 1028 2925 beati
1045 2855 1211 2951 martyris
1230 2855 1457 2929 simulacrum
1474 2856 1567 2929 inter
1585 2857 1713 2929 choros
1731 2855 1964 2952 impuberum,
1984 2879 2165 2929 musarum
2183 2856 2316 2952 specie,

692 2977 817 3050 laudes
836 2978 931 3062 Diri,
956 2977 1215 3052 alternantibus
1241 2982 1398 3054 carmina
1419 2981 1583 3053 tubarum
1609 2982 1849 3077 clangoribus,
1876 2982 2150 3056 concinentium.
2171 2982 2320 3078 Pompae

578 3159 580 3166 Α
693 3103 888 3204 proximam
918 3103 1049 3198 templo
1085 3104 1226 3177 Sanctae
1259 3104 1456 3190 Trinitatis,
1491 3111 1631 3199 portam
1655 3105 1907 3201 triumphalem
1942 3106 2119 3192 subeunti,
2144 3106 2322 3202 processit

524 4023 658 4080 versoria

523 4103 598 4172 rogia
633 4103 667 4158 B.

524 4179 645 4250 Virginis

525 4263 668 4320 Sodalitas.

692 3228 832 3301 obviam
860 3228 1050 3324 religiosus
1081 3228 1341 3303 Basilianorum
1372 3235 1496 3312 coetus,
1526 3227 1633 3300 choro
1663 3225 1880 3299 venientium
1912 3227 2121 3321 graecanicis
2155 3228 2320 3301 cantibus

695 3353 883 3447 excipiens.
901 3350 994 3424 Ante
1015 3351 1169 3425 locatam
1185 3355 1221 3424 in
1239 3376 1303 3425 ara
1317 3351 1421 3424 Beati
1448 3350 1639 3446 imaginem
1669 3371 1744 3422 rem
1762 3348 1919 3420 divinam
1942 3348 2025 3422 fecit
2046 3349 2323 3445 apparatissima

694 3497 834 3572 pompa,
856 3474 1121 3547 concinentibus
1136 3475 1296 3570 pluribus
1313 3473 1525 3548 musicorum
1542 3473 1674 3559 choris,
1695 3473 1838 3568 collegii
1855 3480 1972 3546 rector
1990 3473 2201 3546 academici:
2225 3475 2323 3548 inter

694 3623 800 3696 quam
814 3601 972 3674 oratione
984 3599 1175 3672 vernacula
1187 3600 1309 3676 laudes
1326 3603 1491 3699 martyris
1501 3625 1553 3690 ⁴en
1570 3603 1692 3676 eodem
1707 3600 1855 3698 collegio
1880 3603 1924 3674 Ρ.
1946 3600 2086 3686 Haczal,
2107 3602 2144 3673 in
2163 3601 2323 3697 vesperis

693 3726 736 3798 P.
756 3724 925 3798 hibertus
954 3724 1241 3811 Cieciszevshius,
1262 3749 1284 3798 a
1317 3728 1473 3810 meridie,
1488 3727 1600 3800 latina
1617 3726 1764 3801 clericus
1784 3727 2018 3811 academicus,
2036 3726 2161 3801 laurea
2188 3735 2224 3801 et
2240 3725 2324 3821 ipse

696 3851 848 3948 insignis
863 3851 1075 3946 theologica,
1096 3851 1338 3941 celebrarunt.¹

742 3981 862 4054 Pietas
879 3977 1055 4052 Vladislai
1068 3979 1162 4074 regis
1175 4002 1255 4051 cum
1271 3979 1309 4050 in
1326 3979 1393 4050 hoc
1412 4000 1513 4050 sacro
1532 3977 1723 4071 triumpho,
1744 3981 1818 4048 tum
1836 3976 1873 4048 in
1897 3974 2083 4050 sodalitate
2103 4001 2237 4064 eorum,
2260 3981 2327 4074 qui

692 4107 735 4180 B.
756 4105 916 4200 Virginis
945 4105 1074 4176 Mariae
1105 4102 1375 4198 Conceptionem
1405 4102 1450 4174 ab
1480 4102 1576 4174 omni
1602 4100 1709 4174 noxia
1738 4098 1901 4186 liberam,
1921 4108 1957 4173 et
1981 4099 2119 4176 felicem
2147 4126 2248 4175 suum
2273 4103 2325 4178 de

691 4231 822 4303 mundo
839 4230 1027 4303 transitum
1044 4227 1252 4312 recolerent,
1274 4225 1459 4298 Varsaviae
1475 4225 1513 4296 in
1529 4223 1661 4320 templo
1690 4226 1878 4300 Societatis
1904 4227 2136 4312 instituenda,
2158 4226 2326 4323 exemplo

692 4355 827 4430 civibus
844 4357 921 4430 fuit.
939 4359 980 4429 ln
994 4379 1075 4430 eum
1099 4377 1283 4427 numerum
1301 4353 1470 4448 principio
1496 4354 1615 4425 statim
1633 4377 1712 4425 cum
1733 4374 1819 4446 rege
1837 4350 1905 4422 viri
1925 4351 2104 4447 principes
2119 4351 2330 4446 frequentes

694 4488 783 4560 adeo
801 4507 866 4558 sua
879 4481 1053 4555 dederunt
1066 4477 1221 4562 nomina,
1242 4483 1280 4547 ut
1293 4473 1491 4546 sodalitium
1510 4473 1735 4548 dividendum
1753 4483 1847 4548 esset
1863 4476 1900 4547 in
1918 4476 2052 4548 classes
2074 4501 2082 4547 :
2104 4475 2325 4570 polonicam,

693 4609 944 4707 germanicam,
956 4612 991 4678 et
1007 4603 1179 4688 itahcam;
1197 4621 1346 4694 quarum
1364 4596 1498 4671 scilicet
1511 4599 1670 4694 gentium
1688 4599 1802 4694 major
1820 4605 1896 4671 erat
1915 4619 2043 4670 census
2057 4597 2095 4670 in
2114 4597 2206 4670 aulis
2224 4598 2332 4694 prin-

695 4737 823 4832 cipum.
847 4732 991 4804 Initium
1008 4734 1201 4801 conventus
1226 4723 1357 4796 factum
1381 4721 1544 4794 kalendis
1556 4724 1714 4818 januarii
1741 4749 1749 4795 :
1778 4723 2025 4796 commendata
2044 4724 2173 4818 pietas,
2195 4746 2333 4819 propo-

699 4860 775 4934 sitis
788 4858 895 4932 oartis
910 4854 1064 4929 sodalitii
1082 4851 1234 4947 legibus,
1256 4870 1318 4944 pro
1336 4845 1504 4918 concione
1521 4870 1584 4941 per
1607 4848 1648 4920 P.
1671 4847 1883 4942 Gregorium
1901 4847 2111 4930 Schonhoff,
2129 4845 2336 4944 theologiae

699 4985 890 5065 doctorem,
912 4979 1064 5055 aulicum
1103 4976 1238 5071 reginae
1275 4969 1427 5044 Caeciliae
1460 4971 1682 5067 theologum:
1716 4972 1964 5070 praesentibus,
1998 4995 2096 5068 rege,
2126 4972 2264 5068 regina,
2292 4987 2338 5050 et

700 5130 831 5184 corona
848 5127 1031 5200 procerum
1044 5097 1340 5195 frequentissima.
1357 5093 1497 5168 Primus
1520 5118 1647 5170 nomen
1666 5120 1767 5170 suum
1785 5097 1821 5168 in
1842 5095 1923 5168 albo
1939 5097 2078 5192 scripsit
2092 5095 2302 5169 Vladislaus
2322 5125 2333 5186 ;

698 5230 877 5326 professus
892 5252 930 5301 se
947 5227 1052 5323 hujus
1066 5224 1217 5319 Reginae
1230 5219 1310 5293 coeli
1327 5239 1468 5290 servum
1481 5219 1556 5295 fore
1579 5220 1731 5307 fidelem,
1748 5243 1929 5315 sacrasque
1946 5219 2161 5316 virginitatis
2180 5241 2269 5304 suae,
2287 5220 2334 5294 in
