4948 6654
641 725 700 790 182
1006 696 1279 792 LlthNlCdRUbl
1302 731 1512 793 SOClETthS
1532 734 1617 794 Jssu
1641 733 1892 793 tustolttlulttt

691 911 889 984 Secundum
915 912 1005 984 hano
1021 911 1132 1008 legati
1150 913 1346 987 orationem
1364 921 1483 1008 patres
1507 914 1780 1008 opperiebantur
1805 912 2006 996 haereticos,
2036 912 2067 984 si
2092 914 2151 1007 qui
2172 914 2262 988 sorte

642 1033 834 1105 catholicos
852 1033 898 1106 ad
911 1045 1089 1108 certamen
1107 1036 1150 1108 de
1174 1036 1346 1131 religione
1362 1038 1600 1130 theologicum
1611 1044 1860 1132 provocarent;
1876 1041 2090 1131 quapropter
2110 1037 2261 1110 insnum

640 1157 806 1229 conclave
832 1159 976 1231 Petrum
1003 1158 1145 1253 Skarga
1163 1161 1446 1233 concionatorem
1464 1162 1614 1254 regium,
1644 1169 1744 1232 oratu
1773 1182 1957 1256 procerum
1984 1161 2030 1232 ad
2048 1161 2261 1256 synoduma

639 1303 725 1375 rege
744 1281 935 1366 dimissum,
958 1289 992 1354 et
1004 1283 1110 1378 hujus
1124 1284 1264 1356 Socium
1279 1285 1321 1356 P.
1338 1285 1360 1356 J
1365 1293 1480 1356 ustum
1504 1283 1659 1368 Rahnm,
1681 1290 1835 1377 expertae
1860 1283 2001 1355 virtutis
2018 1283 2141 1369 virum,
2160 1307 2259 1358 acce·

640 1415 778 1500 perunt.
801 1406 882 1479 Non
907 1416 989 1479 sunt
1013 1410 1090 1480 ausi
1117 1409 1290 1480 doctrinae
1316 1433 1391 1481 snae
1412 1409 1605 1504 periculum
1621 1407 1738 1482 facere
1756 1408 1972 1494 adversarii;
1992 1417 2168 1503 rogarunt
2181 1419 2260 1483 tan-

639 1541 725 1616 tum,
746 1532 782 1602 in
802 1539 893 1604 coetu
912 1555 975 1604 suo
993 1532 1061 1604 sibi
1079 1533 1201 1605 liceret
1214 1534 1265 1604 uti
1287 1533 1448 1618 consilio,
1474 1534 1675 1628 percontari
1700 1534 1736 1605 in
1762 1533 1899 1629 primiS,
1921 1557 2005 1606 num
2031 1531 2195 1628 quidnam
2213 1535 2260 1607 ad

554 1629 560 1641 ¹
639 1659 839 1749 legatorum
861 1657 1118 1751 propositiones
1136 1656 1404 1751 responderent.
1435 1657 1571 1730 Eadem
1587 1657 1640 1728 illi
1658 1679 1806 1750 vespera
1823 1665 2000 1752 reponunt
2023 1679 2068 1730 ex
2085 1681 2149 1730 suo
2175 1682 2259 1730 oon·

639 1801 739 1850 sessu
760 1804 768 1850 :
788 1807 804 1839 κ
823 1779 1112 1874 Conjunotionem
1129 1781 1335 1852 Graecorum
1358 1803 1437 1852 cum
1455 1781 1592 1853 Latinis
1608 1781 1823 1875 perarduum
1840 1780 1908 1851 sibi
1925 1779 2039 1852 videri
2056 1787 2092 1854 et
2108 1781 2257 1877 inexpli-

641 1930 657 1962 ιι
679 1902 792 1976 cabile
802 1903 981 1998 negotium
993 1929 1001 1975 :
1013 1903 1169 1977 facturos
1183 1903 1403 1998 prudentius,
1420 1904 1478 1997 qui
1495 1926 1533 1975 se
1544 1904 1580 1974 in
1591 1903 1868 2006 pacificationem
1885 1902 1990 1974 istam
2007 1925 2079 1975 non
2097 1903 2255 2000 interpo-

640 2054 657 2086 «ι
678 2027 832 2111 suerint;
854 2033 1009 2098 tentasse
1033 2025 1070 2098 id
1093 2025 1284 2122 aliquando
1310 2049 1458 2120 magnos
1475 2027 1665 2121 principes,
1701 2049 1765 2097 neo
1791 2026 1982 2120 proiecisse
2007 2026 2209 2120 quidquam.
2239 2061 2255 2093 a

638 2151 801 2224 Salutare
823 2150 873 2222 ita
894 2150 1079 2223 consilium
1109 2150 1375 2245 repudiantibus
1401 2149 1628 2229 adversariis,
1654 2148 1711 2221 die
1729 2158 1869 2243 postero
1887 2149 1998 2243 legati
2026 2173 2162 2244 graecos
2184 2174 2257 2222 mo-

636 2283 722 2347 nent
739 2283 774 2348 et
789 2275 919 2347 latinos
937 2275 1131 2370 episcopos,
1153 2299 1227 2348 rem
1249 2275 1339 2347 bene
1366 2275 1564 2346 institutam
1593 2273 1734 2367 magnis
1761 2279 1799 2344 ut
1829 2272 1956 2344 animis
1981 2282 2254 2368 persequantur,

637 2399 889 2473 obtrectatione
920 2398 1168 2470 haereticorum
1197 2405 1411 2493 contempta.
1441 2397 1541 2469 Nihil
1571 2403 1782 2469 cunctantur
1812 2396 1948 2470 moniti.
1988 2397 2112 2470 Infulis
2142 2397 2194 2470 illi
2221 2405 2257 2471 et

634 2525 728 2597 omni
742 2523 935 2614 reverendo
952 2530 1124 2616 apparatu
1142 2522 1334 2616 conspicui,
1355 2543 1485 2614 magna
1502 2521 1647 2616 pietate,
1664 2527 1699 2592 et
1712 2520 1897 2592 firmandae
1915 2520 2090 2594 desiderio
2108 2543 2252 2594 concor-

560 2651 563 2660 “
634 2649 714 2734 diae,
743 2672 821 2722 cum
849 2648 1013 2720 universo
1039 2646 1245 2719 clericorum
1275 2653 1485 2740 patrumque
1510 2643 1759 2738 religiosorum
1777 2643 1926 2738 collegio
1946 2645 1982 2716 in
1994 2644 2163 2740 templum
2182 2645 2254 2717 divi

633 2772 772 2845 Nicolai
790 2795 829 2845 se
854 2777 1087 2865 comportant.
1109 2771 1178 2842 Hic
1197 2771 1309 2840 Deum
1334 2769 1481 2862 precati,
1508 2775 1547 2838 ut
1572 2766 1833 2840 consentientes
1860 2766 2035 2862 benignus
2062 2768 2252 2862 acciperet,

633 2896 880 2968 dissentientes
897 2901 1123 2988 aggregaret,
1144 2893 1221 2964 looo
1239 2893 1387 2986 quisque
1410 2915 1473 2963 suo
1491 2897 1527 2963 et
1552 2890 1677 2962 ordine
1694 2888 1910 2962 consedere:
1931 2898 2014 2962 ante
2033 2890 2120 2963 ahos
2137 2891 2253 2985 ponti-

633 3020 733 3093 ficius
769 3028 803 3090 et
834 3019 953 3114 regius
982 3018 1105 3112 legati.
1139 3017 1226 3088 Mox
1253 3016 1499 3088 Polocensium
1525 3013 1809 3109 archiepiscopus
1828 3013 2075 3108 Hermogenes
2092 3014 2251 3108 publicas

634 3144 778 3217 foederis
794 3143 944 3230 litteras,
961 3144 1052 3215 notis
1065 3141 1218 3237 partium
1244 3147 1279 3212 et
1309 3139 1437 3234 sigillis
1463 3139 1531 3209 rite
1548 3138 1714 3220 munitas,
1731 3138 1947 3231 esuperiore
1964 3137 2041 3210 loco
2064 3161 2149 3212 voce
2168 3163 2251 3212 cun·

632 3273 732 3342 tenta
747 3267 863 3360 legit:

686 3419 703 3452 e
725 3393 767 3464 ln
788 3389 930 3463 nomine
948 3389 1026 3473 Dei,
1053 3385 1368 3478 Unius-Triniqne,
1389 3382 1435 3454 ad
1452 3381 1593 3454 landem
1611 3390 1647 3453 et
1663 3389 1821 3454 sanctam
1846 3382 1996 3478 gloriam
2015 3384 2103 3480 ejus,
2124 3385 2169 3458 ad
2186 3386 2248 3458 hu·

460 3458 607 3600 hfflffs
638 3549 654 3580 e
676 3539 816 3593 menam
851 3519 1010 3600 salutem,
1044 3524 1080 3588 et
1107 3515 1292 3608 religionis
1327 3507 1511 3580 catholicae
1546 3505 1859 3588 confirmationem,
1897 3505 2070 3591 omnibus,
2104 3529 2249 3600 quorum

355 3689 358 3696 ·
461 3627 489 3720 ‘P
513 3625 609 3696 pofes-
639 3676 656 3708 κ
678 3648 768 3719 scire
786 3647 944 3729 interest,
962 3665 1026 3714 nos
1044 3643 1079 3712 in
1099 3641 1239 3712 Christo
1265 3637 1311 3710 ad
1337 3634 1509 3731 synodum
1535 3633 1601 3703 rite
1631 3629 1841 3714 ordinatam,
1861 3631 1998 3702 Brestae
2017 3632 2054 3702 in
2070 3632 2247 3716 Limenia,

460 3721 505 3762 Μ’
641 3798 658 3829 κ
682 3791 775 3840 anno
793 3767 915 3839 salutis
933 3767 1039 3850 1596,
1060 3763 1117 3836 die
1135 3762 1188 3834 IX
1206 3759 1336 3831 mensis
1354 3755 1518 3840 octobris,
1539 3761 1774 3848 congruenter
1800 3754 1845 3825 ad
1866 3761 1968 3826 vetus
1990 3754 2247 3841 kalendarium,

642 3922 658 3954 κ
680 3894 715 3964 in
742 3894 910 3989 templum
937 3891 1010 3962 divi
1040 3887 1181 3961 Nicolai
1212 3883 1435 3980 congregati,
1464 3877 1753 3972 metropolitanus
1782 3885 1817 3948 et
1846 3879 2000 3974 episcopi
2025 3881 2113 3952 ritus
2137 3881 2248 3975 graeci

638 4053 654 4084 a
676 4021 769 4093 infra
786 4021 906 4115 scripti
923 4027 1045 4091 notum
1061 4015 1207 4088 facimus
1221 4013 1266 4084 ad
1288 4006 1520 4081 immortalem
1537 4003 1760 4088 memoriam;
1784 4001 1876 4096 quod
1902 4024 1979 4084 nos,
2007 4004 2245 4098 contemplati,

637 4177 653 4208 κ
675 4144 966 4242 quemadmodum
996 4138 1201 4212 monarchia
1227 4134 1395 4207 Ecclesiae
1418 4130 1547 4228 divinae
1572 4129 1609 4199 in
1638 4125 1823 4220 evangelio
1846 4133 1881 4197 et
1909 4126 2027 4197 verbis
2050 4127 2191 4198 Domini
2208 4149 2250 4200 ac

640 4301 655 4332 κ
678 4274 744 4345 Dei
761 4270 873 4343 nostri
890 4270 976 4340 Jesu
991 4263 1121 4338 Christi
1138 4261 1279 4334 condita
1296 4259 1365 4330 sit:
1387 4264 1425 4328 ut
1441 4257 1478 4327 in
1496 4276 1565 4326 uno
1584 4253 1704 4334 Petro,
1729 4256 1896 4345 tanquam
1915 4251 1950 4321 in
1967 4263 2081 4344 petra,
2103 4250 2249 4324 firmiter

635 4425 652 4455 α
673 4395 845 4468 collocata
863 4391 992 4466 Christi
1011 4388 1167 4462 Ecclesia
1184 4386 1229 4456 ab
1247 4407 1316 4454 uno
1334 4387 1481 4474 regatur
1503 4382 1732 4469 teneaturque
1753 4399 1760 4446 :
1781 4374 1871 4445 utin
1890 4397 1960 4446 uno
1978 4397 2123 4468 corpore
2139 4399 2246 4448 unum

637 4548 654 4579 α
675 4525 792 4612 capnt,
814 4523 850 4588 et
866 4517 901 4586 in
920 4537 991 4587 una
1007 4495 1111 4585 domo
1128 4533 1219 4581 unos
1236 4503 1501 4601 paterfamilias,
1532 4509 1567 4574 et
1592 4498 1726 4572 condus
1752 4519 1895 4592 promus
1921 4497 2131 4570 cibariorum
2156 4498 2251 4571 salu·

637 4643 803 4713 «tarium
829 4637 971 4712 familiae
997 4635 1218 4731 praepositus,
1245 4626 1586 4702 administrationem
1610 4645 1728 4696 rerum
1750 4629 1786 4695 et
1811 4645 1994 4694 commune
2019 4623 2151 4695 bonum
2169 4645 2250 4717 pro-

636 4795 652 4826 «
674 4771 794 4850 ouret;
822 4770 929 4856 atque
953 4762 1003 4831 ita
1020 4757 1310 4853 gubernationem
1328 4751 1499 4825 Ecclesiae
1524 4748 1664 4834 divinae,
1685 4747 1768 4819 inde
1789 4745 2043 4841 atemporibus
2069 4744 2246 4839 apostolo-

635 4920 652 4952 «
673 4915 750 4963 rum
765 4890 911 4960 durasse
925 4883 1066 4957 saeculis
1079 4882 1239 4954 omnibus
1260 4904 1268 4950 :
1290 4899 1411 4950 omnes
1429 4874 1648 4971 patriarchas
1666 4874 1711 4945 ad
1737 4895 1845 4945 unum
1868 4873 1905 4946 S.
1935 4872 2035 4944 Petri
2063 4869 2248 4943 Pontifiois

636 5046 653 5078 κ
673 5013 828 5088 Romani
844 5029 1082 5084 successorem
1104 5007 1138 5076 in
1157 5004 1308 5100 negotiis
1325 5000 1522 5096 religionis
1548 4999 1585 5071 in
1605 4995 1807 5092 accipienda
1824 4995 2061 5070 ecclesiastica
2074 4999 2251 5089 potestate

635 5172 652 5202 a
673 5148 709 5214 et
719 5138 966 5234 jurisdictione
982 5131 1160 5228 pontificia
1182 5139 1217 5203 et
1242 5124 1536 5223 appellationibus
1560 5123 1723 5198 retulisse
1745 5121 1882 5207 adhuc;
1909 5121 1945 5192 id
1963 5121 2056 5215 quod
2073 5141 2117 5192 ex
2134 5118 2251 5192 conci-
