<?xml version="1.0" encoding="UTF-8"?>
<!DOCTYPE html PUBLIC "-//W3C//DTD XHTML 1.0 Transitional//EN"
    "http://www.w3.org/TR/xhtml1/DTD/xhtml1-transitional.dtd">
<html xmlns="http://www.w3.org/1999/xhtml" xml:lang="en" lang="en">
 <head>
  <title>
</title>
<meta http-equiv="Content-Type" content="text/html;charset=utf-8" />
  <meta name='ocr-system' content='tesseract 3.04.00' />
  <meta name='ocr-capabilities' content='ocr_page ocr_carea ocr_par ocr_line ocrx_word'/>
</head>
<body>
  <div class='ocr_page' id='page_1' title='image "./lituanicarumsoc00rostgoog_0307.png"; bbox 0 0 4930 6634; ppageno 0'>
   <div class='ocr_carea' id='block_1_1' title="bbox 659 735 1943 809">
    <p class='ocr_par' dir='ltr' id='par_1_1' title="bbox 659 735 1943 809">
     <span class='ocr_line' id='line_1_1' title="bbox 659 735 1943 809; baseline 0.003 -6"><span class='ocrx_word' id='word_1_1' title='bbox 659 735 721 804; x_wconf 85' lang='lat'><strong>280</strong></span> <span class='ocrx_word' id='word_1_2' title='bbox 1050 741 1324 804; x_wconf 76' lang='lat' dir='ltr'>LITUANICARUM</span> <span class='ocrx_word' id='word_1_3' title='bbox 1347 744 1562 807; x_wconf 66' lang='lat' dir='ltr'><strong>secleratis</strong></span> <span class='ocrx_word' id='word_1_4' title='bbox 1581 744 1668 808; x_wconf 83' lang='lat' dir='ltr'>JESU</span> <span class='ocrx_word' id='word_1_5' title='bbox 1690 745 1943 809; x_wconf 73' lang='lat' dir='ltr'><strong>fflsroalaauu</strong></span> 
     </span>
    </p>
   </div>
   <div class='ocr_carea' id='block_1_2' title="bbox 487 909 2284 1145">
    <p class='ocr_par' dir='ltr' id='par_1_2' title="bbox 487 909 2284 1145">
     <span class='ocr_line' id='line_1_2' title="bbox 487 909 2282 1022; baseline 0.003 -27"><span class='ocrx_word' id='word_1_6' title='bbox 487 909 552 966; x_wconf 69' lang='lat'><strong>¹⁶2⁵</strong></span> <span class='ocrx_word' id='word_1_7' title='bbox 659 922 833 996; x_wconf 80' lang='lat' dir='ltr'><strong>habendis</strong></span> <span class='ocrx_word' id='word_1_8' title='bbox 850 923 1089 1010; x_wconf 81' lang='lat' dir='ltr'><strong>concionibus,</strong></span> <span class='ocrx_word' id='word_1_9' title='bbox 1101 947 1179 1020; x_wconf 92' lang='lat' dir='ltr'><strong>qua</strong></span> <span class='ocrx_word' id='word_1_10' title='bbox 1195 925 1426 1020; x_wconf 84' lang='lat' dir='ltr'><strong>procurandis</strong></span> <span class='ocrx_word' id='word_1_11' title='bbox 1440 925 1546 1000; x_wconf 90' lang='lat' dir='ltr'><strong>rebus</strong></span> <span class='ocrx_word' id='word_1_12' title='bbox 1563 925 1785 998; x_wconf 90' lang='lat' dir='ltr'><strong>oeconomicis</strong></span> <span class='ocrx_word' id='word_1_13' title='bbox 1800 927 1945 1022; x_wconf 85' lang='lat' dir='ltr'><strong>egregie</strong></span> <span class='ocrx_word' id='word_1_14' title='bbox 1962 925 2171 1000; x_wconf 83' lang='lat' dir='ltr'><strong>industriam</strong></span> <span class='ocrx_word' id='word_1_15' title='bbox 2184 951 2282 1002; x_wconf 87' lang='lat' dir='ltr'><strong>suam</strong></span> 
     </span>
     <span class='ocr_line' id='line_1_3' title="bbox 661 1048 2284 1145; baseline 0.001 -22"><span class='ocrx_word' id='word_1_16' title='bbox 661 1049 939 1123; x_wconf 82' lang='lat' dir='ltr'><strong>commendabat.</strong></span> <span class='ocrx_word' id='word_1_17' title='bbox 969 1049 1179 1121; x_wconf 78' lang='lat' dir='ltr'><strong>Honestarit</strong></span> <span class='ocrx_word' id='word_1_18' title='bbox 1202 1048 1305 1122; x_wconf 81' lang='lat' dir='ltr'><strong>funus</strong></span> <span class='ocrx_word' id='word_1_19' title='bbox 1323 1073 1402 1122; x_wconf 91' lang='lat' dir='ltr'><strong>oum</strong></span> <span class='ocrx_word' id='word_1_20' title='bbox 1421 1071 1485 1123; x_wconf 88' lang='lat' dir='ltr'><strong>sua</strong></span> <span class='ocrx_word' id='word_1_21' title='bbox 1511 1049 1704 1144; x_wconf 78' lang='lat' dir='ltr'><strong>perillustri</strong></span> <span class='ocrx_word' id='word_1_22' title='bbox 1729 1050 1864 1122; x_wconf 85' lang='lat' dir='ltr'><strong>familia</strong></span> <span class='ocrx_word' id='word_1_23' title='bbox 1891 1056 1927 1122; x_wconf 90' lang='lat' dir='ltr'><strong>et</strong></span> <span class='ocrx_word' id='word_1_24' title='bbox 1951 1049 2059 1122; x_wconf 86' lang='lat' dir='ltr'><strong>civico</strong></span> <span class='ocrx_word' id='word_1_25' title='bbox 2078 1051 2284 1145; x_wconf 87' lang='lat' dir='ltr'><strong>magistratu</strong></span> 
     </span>
    </p>
   </div>
   <div class='ocr_carea' id='block_1_3' title="bbox 479 1171 2300 5112">
    <p class='ocr_par' dir='ltr' id='par_1_3' title="bbox 662 1171 2284 1273">
     <span class='ocr_line' id='line_1_4' title="bbox 662 1171 2284 1273; baseline -0.001 -24"><span class='ocrx_word' id='word_1_26' title='bbox 662 1176 879 1273; x_wconf 87' lang='lat' dir='ltr'><strong>gubernator</strong></span> <span class='ocrx_word' id='word_1_27' title='bbox 895 1175 1155 1248; x_wconf 87' lang='lat' dir='ltr'><strong>Smolensoanae</strong></span> <span class='ocrx_word' id='word_1_28' title='bbox 1173 1174 1374 1271; x_wconf 89' lang='lat' dir='ltr'><strong>provinciae.</strong></span> <span class='ocrx_word' id='word_1_29' title='bbox 1398 1171 1698 1266; x_wconf 87' lang='lat' dir='ltr'><strong>Prosequentibus</strong></span> <span class='ocrx_word' id='word_1_30' title='bbox 1724 1172 1881 1267; x_wconf 90' lang='lat' dir='ltr'><strong>praetulit</strong></span> <span class='ocrx_word' id='word_1_31' title='bbox 1907 1174 2011 1268; x_wconf 89' lang='lat' dir='ltr'><strong>signa</strong></span> <span class='ocrx_word' id='word_1_32' title='bbox 2035 1196 2100 1246; x_wconf 89' lang='lat' dir='ltr'><strong>sua</strong></span> <span class='ocrx_word' id='word_1_33' title='bbox 2114 1173 2284 1268; x_wconf 85' lang='lat' dir='ltr'><strong>juventus</strong></span> 
     </span>
    </p>

    <p class='ocr_par' dir='ltr' id='par_1_4' title="bbox 489 1285 2281 1426">
     <span class='ocr_line' id='line_1_5' title="bbox 489 1285 2281 1426; baseline -0.001 -54"><span class='ocrx_word' id='word_1_34' title='bbox 489 1285 607 1426; x_wconf 38' lang='lat'><strong>{⁰¹¹3}</strong></span> <span class='ocrx_word' id='word_1_35' title='bbox 661 1300 891 1374; x_wconf 86' lang='lat' dir='ltr'><strong>scholastica:</strong></span> <span class='ocrx_word' id='word_1_36' title='bbox 911 1299 1125 1394; x_wconf 86' lang='lat' dir='ltr'><strong>frequentior</strong></span> <span class='ocrx_word' id='word_1_37' title='bbox 1141 1300 1210 1372; x_wconf 92' lang='lat' dir='ltr'><strong>hoc</strong></span> <span class='ocrx_word' id='word_1_38' title='bbox 1240 1321 1330 1370; x_wconf 89' lang='lat' dir='ltr'><strong>anno</strong></span> <span class='ocrx_word' id='word_1_39' title='bbox 1360 1295 1550 1390; x_wconf 85' lang='lat' dir='ltr'><strong>illaquam</strong></span> <span class='ocrx_word' id='word_1_40' title='bbox 1580 1294 1682 1381; x_wconf 86' lang='lat' dir='ltr'><strong>alias,</strong></span> <span class='ocrx_word' id='word_1_41' title='bbox 1709 1296 1853 1391; x_wconf 88' lang='lat' dir='ltr'><strong>jamque</strong></span> <span class='ocrx_word' id='word_1_42' title='bbox 1886 1296 1922 1368; x_wconf 93' lang='lat' dir='ltr'><strong>in</strong></span> <span class='ocrx_word' id='word_1_43' title='bbox 1954 1297 2086 1370; x_wconf 89' lang='lat' dir='ltr'><strong>classes</strong></span> <span class='ocrx_word' id='word_1_44' title='bbox 2117 1297 2281 1392; x_wconf 90' lang='lat' dir='ltr'><strong>quinque,</strong></span> 
     </span>
    </p>

    <p class='ocr_par' dir='ltr' id='par_1_5' title="bbox 490 1383 2286 1518">
     <span class='ocr_line' id='line_1_6' title="bbox 490 1383 2286 1518; baseline -0.006 -15"><span class='ocrx_word' id='word_1_45' title='bbox 490 1383 576 1506; x_wconf 67' lang='lat' dir='ltr'><strong>aliia.</strong></span> <span class='ocrx_word' id='word_1_46' title='bbox 661 1431 734 1498; x_wconf 88' lang='lat' dir='ltr'><strong>tres</strong></span> <span class='ocrx_word' id='word_1_47' title='bbox 752 1423 1005 1518; x_wconf 82' lang='lat' dir='ltr'><strong>grammaticae,</strong></span> <span class='ocrx_word' id='word_1_48' title='bbox 1031 1423 1120 1495; x_wconf 90' lang='lat' dir='ltr'><strong>duas</strong></span> <span class='ocrx_word' id='word_1_49' title='bbox 1138 1421 1359 1516; x_wconf 83' lang='lat' dir='ltr'><strong>eloquentiae,</strong></span> <span class='ocrx_word' id='word_1_50' title='bbox 1377 1421 1503 1492; x_wconf 87' lang='lat' dir='ltr'><strong>divisa.</strong></span> <span class='ocrx_word' id='word_1_51' title='bbox 1521 1421 1610 1493; x_wconf 82' lang='lat' dir='ltr'><strong>Erat</strong></span> <span class='ocrx_word' id='word_1_52' title='bbox 1625 1420 1717 1491; x_wconf 91' lang='lat' dir='ltr'><strong>inter</strong></span> <span class='ocrx_word' id='word_1_53' title='bbox 1735 1418 1873 1506; x_wconf 81' lang='lat' dir='ltr'><strong>funera,</strong></span> <span class='ocrx_word' id='word_1_54' title='bbox 1891 1420 1985 1515; x_wconf 93' lang='lat' dir='ltr'><strong>quod</strong></span> <span class='ocrx_word' id='word_1_55' title='bbox 2003 1420 2286 1516; x_wconf 83' lang='lat' dir='ltr'><strong>Caesaraugustae</strong></span> 
     </span>
    </p>

    <p class='ocr_par' dir='ltr' id='par_1_6' title="bbox 548 1543 2287 1679">
     <span class='ocr_line' id='line_1_7' title="bbox 548 1543 2287 1679; baseline -0.003 -58"><span class='ocrx_word' id='word_1_56' title='bbox 548 1625 582 1679; x_wconf 50' lang='lat'><strong>23</strong></span> <span class='ocrx_word' id='word_1_57' title='bbox 662 1550 782 1632; x_wconf 90' lang='lat' dir='ltr'><strong>ctiam,</strong></span> <span class='ocrx_word' id='word_1_58' title='bbox 799 1547 836 1619; x_wconf 92' lang='lat' dir='ltr'><strong>in</strong></span> <span class='ocrx_word' id='word_1_59' title='bbox 847 1547 1042 1641; x_wconf 87' lang='lat' dir='ltr'><strong>Aragonia,</strong></span> <span class='ocrx_word' id='word_1_60' title='bbox 1064 1548 1206 1619; x_wconf 89' lang='lat' dir='ltr'><strong>Lituani</strong></span> <span class='ocrx_word' id='word_1_61' title='bbox 1218 1546 1329 1618; x_wconf 91' lang='lat' dir='ltr'><strong>nostri</strong></span> <span class='ocrx_word' id='word_1_62' title='bbox 1343 1545 1575 1639; x_wconf 86' lang='lat' dir='ltr'><strong>requirerent.</strong></span> <span class='ocrx_word' id='word_1_63' title='bbox 1592 1543 1722 1616; x_wconf 87' lang='lat' dir='ltr'><strong>Vivere</strong></span> <span class='ocrx_word' id='word_1_64' title='bbox 1738 1565 1780 1615; x_wconf 92' lang='lat' dir='ltr'><strong>ea</strong></span> <span class='ocrx_word' id='word_1_65' title='bbox 1793 1544 1831 1614; x_wconf 93' lang='lat' dir='ltr'><strong>in</strong></span> <span class='ocrx_word' id='word_1_66' title='bbox 1847 1544 1933 1617; x_wconf 91' lang='lat' dir='ltr'><strong>urbe</strong></span> <span class='ocrx_word' id='word_1_67' title='bbox 1946 1545 2051 1617; x_wconf 88' lang='lat' dir='ltr'><strong>desiit</strong></span> <span class='ocrx_word' id='word_1_68' title='bbox 2069 1545 2101 1616; x_wconf 89' lang='lat' dir='ltr'>V</span> <span class='ocrx_word' id='word_1_69' title='bbox 2115 1544 2287 1616; x_wconf 86' lang='lat' dir='ltr'><strong>kalendas</strong></span> 
     </span>
    </p>

    <p class='ocr_par' dir='ltr' id='par_1_7' title="bbox 489 1669 2288 1770">
     <span class='ocr_line' id='line_1_8' title="bbox 489 1669 2288 1770; baseline 0.001 -26"><span class='ocrx_word' id='word_1_70' title='bbox 489 1715 520 1769; x_wconf 47' lang='lat' dir='ltr'><strong>p,</strong></span> <span class='ocrx_word' id='word_1_71' title='bbox 531 1704 636 1766; x_wconf 49' lang='lat' dir='ltr'><strong>Agbia.</strong></span> <span class='ocrx_word' id='word_1_72' title='bbox 663 1673 788 1760; x_wconf 89' lang='lat' dir='ltr'><strong>maias,</strong></span> <span class='ocrx_word' id='word_1_73' title='bbox 810 1673 1005 1748; x_wconf 86' lang='lat' dir='ltr'><strong>Lituanioas</strong></span> <span class='ocrx_word' id='word_1_74' title='bbox 1031 1673 1114 1746; x_wconf 93' lang='lat' dir='ltr'><strong>olim</strong></span> <span class='ocrx_word' id='word_1_75' title='bbox 1141 1697 1275 1770; x_wconf 87' lang='lat' dir='ltr'><strong>praeses</strong></span> <span class='ocrx_word' id='word_1_76' title='bbox 1301 1672 1504 1767; x_wconf 88' lang='lat' dir='ltr'><strong>provinciae,</strong></span> <span class='ocrx_word' id='word_1_77' title='bbox 1536 1670 1576 1741; x_wconf 90' lang='grc' dir='ltr'><strong>Ρ.</strong></span> <span class='ocrx_word' id='word_1_78' title='bbox 1607 1670 1753 1742; x_wconf 87' lang='lat' dir='ltr'><strong>Garsias</strong></span> <span class='ocrx_word' id='word_1_79' title='bbox 1796 1669 2005 1757; x_wconf 81' lang='lat' dir='ltr'><strong>Alabianus,</strong></span> <span class='ocrx_word' id='word_1_80' title='bbox 2039 1696 2151 1745; x_wconf 90' lang='lat' dir='ltr'><strong>annos</strong></span> <span class='ocrx_word' id='word_1_81' title='bbox 2177 1674 2288 1745; x_wconf 85' lang='lat' dir='ltr'><strong>ferme</strong></span> 
     </span>
    </p>

    <p class='ocr_par' dir='ltr' id='par_1_8' title="bbox 489 1793 2287 1924">
     <span class='ocr_line' id='line_1_9' title="bbox 489 1793 2287 1924; baseline -0.002 -55"><span class='ocrx_word' id='word_1_82' title='bbox 489 1799 639 1924; x_wconf 43' lang='lat' dir='ltr'><strong>fficffl}</strong></span> <span class='ocrx_word' id='word_1_83' title='bbox 665 1798 790 1893; x_wconf 88' lang='lat' dir='ltr'><strong>viginti</strong></span> <span class='ocrx_word' id='word_1_84' title='bbox 815 1805 850 1869; x_wconf 89' lang='lat' dir='ltr'><strong>et</strong></span> <span class='ocrx_word' id='word_1_85' title='bbox 873 1797 1025 1892; x_wconf 90' lang='lat' dir='ltr'><strong>quinque</strong></span> <span class='ocrx_word' id='word_1_86' title='bbox 1055 1798 1091 1868; x_wconf 93' lang='lat' dir='ltr'><strong>in</strong></span> <span class='ocrx_word' id='word_1_87' title='bbox 1117 1799 1185 1870; x_wconf 90' lang='lat' dir='ltr'><strong>hac</strong></span> <span class='ocrx_word' id='word_1_88' title='bbox 1216 1803 1449 1868; x_wconf 89' lang='lat' dir='ltr'><strong>commoratus</strong></span> <span class='ocrx_word' id='word_1_89' title='bbox 1479 1793 1673 1888; x_wconf 88' lang='lat' dir='ltr'><strong>provincia.</strong></span> <span class='ocrx_word' id='word_1_90' title='bbox 1694 1793 1818 1866; x_wconf 90' lang='lat' dir='ltr'><strong>Multis</strong></span> <span class='ocrx_word' id='word_1_91' title='bbox 1835 1795 1893 1866; x_wconf 92' lang='lat' dir='ltr'><strong>hio</strong></span> <span class='ocrx_word' id='word_1_92' title='bbox 1908 1795 2091 1868; x_wconf 87' lang='lat' dir='ltr'><strong>industriis</strong></span> <span class='ocrx_word' id='word_1_93' title='bbox 2109 1794 2287 1868; x_wconf 88' lang='lat' dir='ltr'><strong>novellum</strong></span> 
     </span>
    </p>

    <p class='ocr_par' dir='ltr' id='par_1_9' title="bbox 490 1918 2289 2021">
     <span class='ocr_line' id='line_1_10' title="bbox 490 1918 2289 2021; baseline -0.001 -27"><span class='ocrx_word' id='word_1_94' title='bbox 490 1944 619 2016; x_wconf 61' lang='lat' dir='ltr'><strong>augam.</strong></span> <span class='ocrx_word' id='word_1_95' title='bbox 663 1921 731 1994; x_wconf 93' lang='lat' dir='ltr'><strong>hoc</strong></span> <span class='ocrx_word' id='word_1_96' title='bbox 748 1921 961 2021; x_wconf 87' lang='lat' dir='ltr'><strong>plantarium</strong></span> <span class='ocrx_word' id='word_1_97' title='bbox 992 1923 1141 2004; x_wconf 87' lang='lat' dir='ltr'><strong>ornavit,</strong></span> <span class='ocrx_word' id='word_1_98' title='bbox 1162 1922 1216 1994; x_wconf 90' lang='lat' dir='ltr'><strong>vir</strong></span> <span class='ocrx_word' id='word_1_99' title='bbox 1246 1920 1409 2015; x_wconf 90' lang='lat' dir='ltr'><strong>opinione</strong></span> <span class='ocrx_word' id='word_1_100' title='bbox 1427 1918 1582 1989; x_wconf 90' lang='lat' dir='ltr'><strong>omnium</strong></span> <span class='ocrx_word' id='word_1_101' title='bbox 1607 1924 1749 1990; x_wconf 88' lang='lat' dir='ltr'><strong>sanctus</strong></span> <span class='ocrx_word' id='word_1_102' title='bbox 1767 1940 1809 1990; x_wconf 92' lang='lat' dir='ltr'><strong>ac</strong></span> <span class='ocrx_word' id='word_1_103' title='bbox 1826 1919 1982 2013; x_wconf 90' lang='lat' dir='ltr'><strong>sapiens,</strong></span> <span class='ocrx_word' id='word_1_104' title='bbox 2010 1942 2110 1992; x_wconf 90' lang='lat' dir='ltr'><strong>carus</strong></span> <span class='ocrx_word' id='word_1_105' title='bbox 2140 1919 2289 2016; x_wconf 91' lang='lat' dir='ltr'><strong>proinde</strong></span> 
     </span>
    </p>

    <p class='ocr_par' dir='ltr' id='par_1_10' title="bbox 664 2025 2290 2144">
     <span class='ocr_line' id='line_1_11' title="bbox 664 2025 2290 2144; baseline -0.002 -22"><span class='ocrx_word' id='word_1_106' title='bbox 664 2051 837 2134; x_wconf 90' lang='lat' dir='ltr'><strong>omnibus,</strong></span> <span class='ocrx_word' id='word_1_107' title='bbox 859 2025 1052 2144; x_wconf 85' lang='lat' dir='ltr'><strong>Stephano</strong></span> <span class='ocrx_word' id='word_1_108' title='bbox 1069 2049 1105 2120; x_wconf 93' lang='lat' dir='ltr'><strong>in</strong></span> <span class='ocrx_word' id='word_1_109' title='bbox 1134 2047 1268 2143; x_wconf 88' lang='lat' dir='ltr'><strong>primis,</strong></span> <span class='ocrx_word' id='word_1_110' title='bbox 1288 2055 1324 2119; x_wconf 89' lang='lat' dir='ltr'><strong>et</strong></span> <span class='ocrx_word' id='word_1_111' title='bbox 1342 2043 1569 2141; x_wconf 88' lang='lat' dir='ltr'><strong>Sigismuudo</strong></span> <span class='ocrx_word' id='word_1_112' title='bbox 1601 2045 1669 2128; x_wconf 85' lang='grc' dir='ltr'>ΙΙΙ,</span> <span class='ocrx_word' id='word_1_113' title='bbox 1699 2044 1843 2138; x_wconf 89' lang='lat' dir='ltr'><strong>regibus</strong></span> <span class='ocrx_word' id='word_1_114' title='bbox 1861 2041 2034 2128; x_wconf 90' lang='lat' dir='ltr'><strong>Poloniae,</strong></span> <span class='ocrx_word' id='word_1_115' title='bbox 2072 2044 2130 2139; x_wconf 91' lang='lat' dir='ltr'><strong>qui</strong></span> <span class='ocrx_word' id='word_1_116' title='bbox 2150 2045 2290 2118; x_wconf 82' lang='lat' dir='ltr'><strong>Garsiae</strong></span> 
     </span>
    </p>

    <p class='ocr_par' dir='ltr' id='par_1_11' title="bbox 666 2155 2290 2266">
     <span class='ocr_line' id='line_1_12' title="bbox 666 2155 2290 2266; baseline -0.002 -20"><span class='ocrx_word' id='word_1_117' title='bbox 666 2173 822 2246; x_wconf 89' lang='lat' dir='ltr'><strong>consiliis</strong></span> <span class='ocrx_word' id='word_1_118' title='bbox 840 2173 876 2242; x_wconf 93' lang='lat' dir='ltr'><strong>in</strong></span> <span class='ocrx_word' id='word_1_119' title='bbox 898 2173 1049 2266; x_wconf 89' lang='lat' dir='ltr'><strong>negotiis</strong></span> <span class='ocrx_word' id='word_1_120' title='bbox 1075 2171 1257 2266; x_wconf 80' lang='lat' dir='ltr'><strong>religionis</strong></span> <span class='ocrx_word' id='word_1_121' title='bbox 1279 2178 1472 2245; x_wconf 90' lang='lat' dir='ltr'><strong>uterentur.</strong></span> <span class='ocrx_word' id='word_1_122' title='bbox 1496 2168 1658 2266; x_wconf 83' lang='lat' dir='ltr'><strong>Eundem</strong></span> <span class='ocrx_word' id='word_1_123' title='bbox 1680 2167 1857 2260; x_wconf 85' lang='lat' dir='ltr'><strong>Georgius</strong></span> <span class='ocrx_word' id='word_1_124' title='bbox 1874 2166 2075 2240; x_wconf 86' lang='lat' dir='ltr'><strong>Radivillus</strong></span> <span class='ocrx_word' id='word_1_125' title='bbox 2098 2155 2290 2262; x_wconf 85' lang='lat' dir='ltr'><strong>cardinalis</strong></span> 
     </span>
    </p>

    <p class='ocr_par' dir='ltr' id='par_1_12' title="bbox 665 2291 2286 2388">
     <span class='ocr_line' id='line_1_13' title="bbox 665 2291 2286 2388; baseline -0.002 -20"><span class='ocrx_word' id='word_1_126' title='bbox 665 2299 758 2370; x_wconf 90' lang='lat' dir='ltr'><strong>inter</strong></span> <span class='ocrx_word' id='word_1_127' title='bbox 782 2294 1075 2368; x_wconf 85' lang='lat' dir='ltr'><strong>familiarissimos</strong></span> <span class='ocrx_word' id='word_1_128' title='bbox 1102 2294 1238 2376; x_wconf 88' lang='lat' dir='ltr'><strong>habuit,</strong></span> <span class='ocrx_word' id='word_1_129' title='bbox 1260 2295 1459 2388; x_wconf 88' lang='lat' dir='ltr'><strong>habereque</strong></span> <span class='ocrx_word' id='word_1_130' title='bbox 1485 2292 1647 2365; x_wconf 89' lang='lat' dir='ltr'><strong>comitem</strong></span> <span class='ocrx_word' id='word_1_131' title='bbox 1678 2291 1714 2362; x_wconf 91' lang='lat' dir='ltr'><strong>in</strong></span> <span class='ocrx_word' id='word_1_132' title='bbox 1746 2313 1808 2388; x_wconf 87' lang='lat' dir='ltr'><strong>suo</strong></span> <span class='ocrx_word' id='word_1_133' title='bbox 1836 2291 1998 2365; x_wconf 89' lang='lat' dir='ltr'><strong>Romano</strong></span> <span class='ocrx_word' id='word_1_134' title='bbox 2018 2291 2145 2366; x_wconf 91' lang='lat' dir='ltr'><strong>itinere</strong></span> <span class='ocrx_word' id='word_1_135' title='bbox 2161 2291 2286 2365; x_wconf 85' lang='lat' dir='ltr'><strong>voluit.</strong></span> 
     </span>
    </p>

    <p class='ocr_par' dir='ltr' id='par_1_13' title="bbox 664 2417 2290 2514">
     <span class='ocr_line' id='line_1_14' title="bbox 664 2417 2290 2514; baseline -0.001 -20"><span class='ocrx_word' id='word_1_136' title='bbox 664 2423 807 2494; x_wconf 91' lang='lat' dir='ltr'><strong>Mortuo</strong></span> <span class='ocrx_word' id='word_1_137' title='bbox 824 2424 861 2492; x_wconf 94' lang='lat' dir='ltr'><strong>in</strong></span> <span class='ocrx_word' id='word_1_138' title='bbox 879 2419 983 2493; x_wconf 86' lang='lat' dir='ltr'><strong>ltalia</strong></span> <span class='ocrx_word' id='word_1_139' title='bbox 1000 2421 1168 2514; x_wconf 83' lang='lat' dir='ltr'><strong>Georgio,</strong></span> <span class='ocrx_word' id='word_1_140' title='bbox 1189 2421 1337 2493; x_wconf 89' lang='lat' dir='ltr'><strong>insuam</strong></span> <span class='ocrx_word' id='word_1_141' title='bbox 1354 2420 1415 2492; x_wconf 88' lang='lat' dir='ltr'><strong>ille</strong></span> <span class='ocrx_word' id='word_1_142' title='bbox 1432 2443 1470 2492; x_wconf 93' lang='lat' dir='ltr'><strong>se</strong></span> <span class='ocrx_word' id='word_1_143' title='bbox 1487 2419 1620 2514; x_wconf 82' lang='lat' dir='ltr'><strong>recepit</strong></span> <span class='ocrx_word' id='word_1_144' title='bbox 1636 2418 1867 2512; x_wconf 85' lang='lat' dir='ltr'><strong>Aragoniam.</strong></span> <span class='ocrx_word' id='word_1_145' title='bbox 1889 2417 1998 2491; x_wconf 85' lang='lat' dir='ltr'><strong>Rexit</strong></span> <span class='ocrx_word' id='word_1_146' title='bbox 2016 2417 2290 2514; x_wconf 75' lang='lat' dir='ltr'><strong>cesaraugusta</strong></span> 
     </span>
    </p>

    <p class='ocr_par' dir='ltr' id='par_1_14' title="bbox 667 2540 2286 2640">
     <span class='ocr_line' id='line_1_15' title="bbox 667 2540 2286 2640; baseline -0.002 -22"><span class='ocrx_word' id='word_1_147' title='bbox 667 2545 876 2640; x_wconf 84' lang='lat' dir='ltr'><strong>Collegium,</strong></span> <span class='ocrx_word' id='word_1_148' title='bbox 897 2544 1006 2617; x_wconf 89' lang='lat' dir='ltr'><strong>semel</strong></span> <span class='ocrx_word' id='word_1_149' title='bbox 1023 2551 1129 2640; x_wconf 90' lang='lat' dir='ltr'><strong>atque</strong></span> <span class='ocrx_word' id='word_1_150' title='bbox 1146 2545 1272 2617; x_wconf 90' lang='lat' dir='ltr'><strong>iterum</strong></span> <span class='ocrx_word' id='word_1_151' title='bbox 1291 2545 1512 2640; x_wconf 82' lang='lat' dir='ltr'><strong>praepositus</strong></span> <span class='ocrx_word' id='word_1_152' title='bbox 1535 2544 1624 2616; x_wconf 80' lang='lat' dir='ltr'><strong>Erat</strong></span> <span class='ocrx_word' id='word_1_153' title='bbox 1641 2542 1686 2613; x_wconf 92' lang='lat' dir='ltr'><strong>ab</strong></span> <span class='ocrx_word' id='word_1_154' title='bbox 1704 2540 1782 2636; x_wconf 88' lang='lat' dir='ltr'><strong>ipsa</strong></span> <span class='ocrx_word' id='word_1_155' title='bbox 1804 2548 1931 2613; x_wconf 89' lang='lat' dir='ltr'><strong>natura</strong></span> <span class='ocrx_word' id='word_1_156' title='bbox 1948 2564 2083 2616; x_wconf 91' lang='lat' dir='ltr'><strong>summe</strong></span> <span class='ocrx_word' id='word_1_157' title='bbox 2098 2543 2286 2637; x_wconf 85' lang='lat' dir='ltr'><strong>ingenuus,</strong></span> 
     </span>
    </p>

    <p class='ocr_par' dir='ltr' id='par_1_15' title="bbox 668 2664 2289 2763">
     <span class='ocr_line' id='line_1_16' title="bbox 668 2664 2289 2763; baseline -0.004 -19"><span class='ocrx_word' id='word_1_158' title='bbox 668 2678 703 2744; x_wconf 90' lang='lat' dir='ltr'><strong>et</strong></span> <span class='ocrx_word' id='word_1_159' title='bbox 718 2669 843 2743; x_wconf 86' lang='lat' dir='ltr'><strong>eximio</strong></span> <span class='ocrx_word' id='word_1_160' title='bbox 861 2667 1013 2763; x_wconf 88' lang='lat' dir='ltr'><strong>quodam</strong></span> <span class='ocrx_word' id='word_1_161' title='bbox 1029 2667 1137 2740; x_wconf 86' lang='lat' dir='ltr'><strong>animi</strong></span> <span class='ocrx_word' id='word_1_162' title='bbox 1157 2668 1309 2741; x_wconf 90' lang='lat' dir='ltr'><strong>candore</strong></span> <span class='ocrx_word' id='word_1_163' title='bbox 1326 2675 1495 2741; x_wconf 88' lang='lat' dir='ltr'><strong>ornatus:</strong></span> <span class='ocrx_word' id='word_1_164' title='bbox 1518 2691 1560 2740; x_wconf 83' lang='lat' dir='ltr'><strong>ex</strong></span> <span class='ocrx_word' id='word_1_165' title='bbox 1581 2689 1650 2762; x_wconf 94' lang='lat' dir='ltr'><strong>quo</strong></span> <span class='ocrx_word' id='word_1_166' title='bbox 1674 2665 1800 2738; x_wconf 87' lang='lat' dir='ltr'><strong>solitus</strong></span> <span class='ocrx_word' id='word_1_167' title='bbox 1818 2664 1861 2738; x_wconf 91' lang='lat' dir='ltr'><strong>de</strong></span> <span class='ocrx_word' id='word_1_168' title='bbox 1879 2665 1959 2739; x_wconf 87' lang='lat' dir='ltr'><strong>aliis</strong></span> <span class='ocrx_word' id='word_1_169' title='bbox 1983 2667 2219 2763; x_wconf 89' lang='lat' dir='ltr'><strong>conjecturam</strong></span> <span class='ocrx_word' id='word_1_170' title='bbox 2237 2667 2254 2738; x_wconf 90' lang='lat' dir='ltr'>s</span> <span class='ocrx_word' id='word_1_171' title='bbox 2274 2707 2289 2726; x_wconf 80' lang='lat'>-</span> 
     </span>
    </p>

    <p class='ocr_par' dir='ltr' id='par_1_16' title="bbox 667 2788 2289 2888">
     <span class='ocr_line' id='line_1_17' title="bbox 667 2788 2289 2888; baseline -0.006 -18"><span class='ocrx_word' id='word_1_172' title='bbox 667 2819 759 2882; x_wconf 88' lang='lat' dir='ltr'><strong>cere,</strong></span> <span class='ocrx_word' id='word_1_173' title='bbox 781 2816 877 2888; x_wconf 86' lang='lat' dir='ltr'><strong>aegre</strong></span> <span class='ocrx_word' id='word_1_174' title='bbox 890 2792 1066 2877; x_wconf 89' lang='lat' dir='ltr'><strong>credebat,</strong></span> <span class='ocrx_word' id='word_1_175' title='bbox 1083 2815 1162 2888; x_wconf 87' lang='lat' dir='ltr'><strong>quae</strong></span> <span class='ocrx_word' id='word_1_176' title='bbox 1183 2791 1354 2887; x_wconf 90' lang='lat' dir='ltr'><strong>quispiam</strong></span> <span class='ocrx_word' id='word_1_177' title='bbox 1374 2813 1541 2887; x_wconf 87' lang='lat' dir='ltr'><strong>peccasse</strong></span> <span class='ocrx_word' id='word_1_178' title='bbox 1558 2790 1746 2876; x_wconf 89' lang='lat' dir='ltr'><strong>diceretur,</strong></span> <span class='ocrx_word' id='word_1_179' title='bbox 1765 2788 1834 2862; x_wconf 91' lang='lat' dir='ltr'><strong>nisi</strong></span> <span class='ocrx_word' id='word_1_180' title='bbox 1851 2796 1968 2862; x_wconf 90' lang='lat' dir='ltr'><strong>essent</strong></span> <span class='ocrx_word' id='word_1_181' title='bbox 1984 2788 2110 2884; x_wconf 89' lang='lat' dir='ltr'><strong>ipsain</strong></span> <span class='ocrx_word' id='word_1_182' title='bbox 2122 2788 2222 2873; x_wconf 90' lang='lat' dir='ltr'><strong>luce;</strong></span> <span class='ocrx_word' id='word_1_183' title='bbox 2242 2789 2289 2860; x_wconf 89' lang='lat' dir='ltr'><strong>ad</strong></span> 
     </span>
    </p>

    <p class='ocr_par' dir='ltr' id='par_1_17' title="bbox 668 2913 2290 3120">
     <span class='ocr_line' id='line_1_18' title="bbox 668 2913 2290 3015; baseline -0.006 -23"><span class='ocrx_word' id='word_1_184' title='bbox 668 2941 847 2994; x_wconf 89' lang='lat' dir='ltr'><strong>sermones</strong></span> <span class='ocrx_word' id='word_1_185' title='bbox 863 2918 983 3013; x_wconf 90' lang='lat' dir='ltr'><strong>itaque</strong></span> <span class='ocrx_word' id='word_1_186' title='bbox 1009 2916 1277 2990; x_wconf 87' lang='lat' dir='ltr'><strong>obtrectantium</strong></span> <span class='ocrx_word' id='word_1_187' title='bbox 1300 2915 1444 2989; x_wconf 89' lang='lat' dir='ltr'><strong>hebetes</strong></span> <span class='ocrx_word' id='word_1_188' title='bbox 1462 2914 1514 2986; x_wconf 88' lang='lat' dir='ltr'><strong>illi</strong></span> <span class='ocrx_word' id='word_1_189' title='bbox 1532 2937 1636 2987; x_wconf 90' lang='lat' dir='ltr'><strong>aures</strong></span> <span class='ocrx_word' id='word_1_190' title='bbox 1654 2919 1756 2986; x_wconf 90' lang='lat' dir='ltr'><strong>erant</strong></span> <span class='ocrx_word' id='word_1_191' title='bbox 1782 2919 1885 3007; x_wconf 87' lang='lat' dir='ltr'><strong>atque</strong></span> <span class='ocrx_word' id='word_1_192' title='bbox 1903 2935 2052 3015; x_wconf 89' lang='lat' dir='ltr'><strong>aversae,</strong></span> <span class='ocrx_word' id='word_1_193' title='bbox 2082 2913 2216 2986; x_wconf 87' lang='lat' dir='ltr'><strong>eaedem</strong></span> <span class='ocrx_word' id='word_1_194' title='bbox 2243 2913 2290 2984; x_wconf 89' lang='lat' dir='ltr'><strong>ad</strong></span> 
     </span>
     <span class='ocr_line' id='line_1_19' title="bbox 670 3042 1253 3120; baseline -0.014 0"><span class='ocrx_word' id='word_1_195' title='bbox 670 3047 861 3120; x_wconf 88' lang='lat' dir='ltr'><strong>otiosorum</strong></span> <span class='ocrx_word' id='word_1_196' title='bbox 884 3042 1065 3116; x_wconf 88' lang='lat' dir='ltr'><strong>hominum</strong></span> <span class='ocrx_word' id='word_1_197' title='bbox 1094 3042 1253 3116; x_wconf 84' lang='lat' dir='ltr'><strong>fabellas.</strong></span> 
     </span>
    </p>

    <p class='ocr_par' dir='ltr' id='par_1_18' title="bbox 495 3160 2292 3278">
     <span class='ocr_line' id='line_1_20' title="bbox 495 3160 2292 3278; baseline -0.006 -35"><span class='ocrx_word' id='word_1_198' title='bbox 495 3213 628 3276; x_wconf 53' lang='lat' dir='ltr'><strong>vm„</strong></span> <span class='ocrx_word' id='word_1_199' title='bbox 716 3169 845 3242; x_wconf 84' lang='lat' dir='ltr'><strong>Coorta</strong></span> <span class='ocrx_word' id='word_1_200' title='bbox 874 3166 1046 3262; x_wconf 82' lang='lat' dir='ltr'><strong>proximo,</strong></span> <span class='ocrx_word' id='word_1_201' title='bbox 1066 3167 1149 3278; x_wconf 76' lang='lat' dir='ltr'><strong>boc¹</strong></span> <span class='ocrx_word' id='word_1_202' title='bbox 1162 3187 1299 3260; x_wconf 91' lang='lat' dir='ltr'><strong>quoque</strong></span> <span class='ocrx_word' id='word_1_203' title='bbox 1329 3184 1434 3246; x_wconf 89' lang='lat' dir='ltr'><strong>anno,</strong></span> <span class='ocrx_word' id='word_1_204' title='bbox 1456 3167 1530 3233; x_wconf 90' lang='lat' dir='ltr'><strong>tum</strong></span> <span class='ocrx_word' id='word_1_205' title='bbox 1552 3161 1786 3244; x_wconf 85' lang='lat' dir='ltr'><strong>¹Masoviticas</strong></span> <span class='ocrx_word' id='word_1_206' title='bbox 1804 3167 1878 3232; x_wconf 91' lang='lat' dir='ltr'><strong>tum</strong></span> <span class='ocrx_word' id='word_1_207' title='bbox 1897 3160 2104 3232; x_wconf 89' lang='lat' dir='ltr'><strong>Lituanioas</strong></span> <span class='ocrx_word' id='word_1_208' title='bbox 2130 3160 2292 3232; x_wconf 85' lang='lat' dir='ltr'><strong>civitates</strong></span> 
     </span>
    </p>

    <p class='ocr_par' dir='ltr' id='par_1_19' title="bbox 494 3285 2293 3394">
     <span class='ocr_line' id='line_1_21' title="bbox 494 3285 2293 3394; baseline -0.006 -26"><span class='ocrx_word' id='word_1_209' title='bbox 494 3291 640 3394; x_wconf 51' lang='lat' dir='ltr'><strong>heliel*</strong></span> <span class='ocrx_word' id='word_1_210' title='bbox 665 3293 846 3368; x_wconf 85' lang='lat' dir='ltr'><strong>lacerabat</strong></span> <span class='ocrx_word' id='word_1_211' title='bbox 863 3289 1076 3387; x_wconf 89' lang='lat' dir='ltr'><strong>pestilentia.</strong></span> <span class='ocrx_word' id='word_1_212' title='bbox 1099 3291 1141 3362; x_wconf 91' lang='lat' dir='ltr'><strong>ln</strong></span> <span class='ocrx_word' id='word_1_213' title='bbox 1159 3290 1282 3362; x_wconf 87' lang='lat' dir='ltr'><strong>officiis</strong></span> <span class='ocrx_word' id='word_1_214' title='bbox 1307 3286 1556 3361; x_wconf 86' lang='lat' dir='ltr'><strong>misericordiae</strong></span> <span class='ocrx_word' id='word_1_215' title='bbox 1581 3293 1715 3380; x_wconf 89' lang='lat' dir='ltr'><strong>septem</strong></span> <span class='ocrx_word' id='word_1_216' title='bbox 1744 3310 1765 3359; x_wconf 91' lang='lat' dir='ltr'><strong>e</strong></span> <span class='ocrx_word' id='word_1_217' title='bbox 1795 3285 1952 3382; x_wconf 81' lang='lat' dir='ltr'><strong>Collegio</strong></span> <span class='ocrx_word' id='word_1_218' title='bbox 1972 3287 2067 3359; x_wconf 87' lang='lat' dir='ltr'><strong>Socii</strong></span> <span class='ocrx_word' id='word_1_219' title='bbox 2095 3287 2293 3361; x_wconf 89' lang='lat' dir='ltr'><strong>occubuere</strong></span> 
     </span>
    </p>

    <p class='ocr_par' dir='ltr' id='par_1_20' title="bbox 494 3379 2293 3524">
     <span class='ocr_line' id='line_1_22' title="bbox 494 3379 2293 3524; baseline -0.004 -33"><span class='ocrx_word' id='word_1_220' title='bbox 494 3379 640 3524; x_wconf 51' lang='lat' dir='ltr'><strong>ssssffi</strong></span> <span class='ocrx_word' id='word_1_221' title='bbox 666 3419 877 3492; x_wconf 83' lang='lat' dir='ltr'><strong>Varsaviae:</strong></span> <span class='ocrx_word' id='word_1_222' title='bbox 899 3416 973 3518; x_wconf 74' lang='grc' dir='ltr'>ΡΙ).</span> <span class='ocrx_word' id='word_1_223' title='bbox 1002 3415 1025 3487; x_wconf 84' lang='lat' dir='ltr'>J</span> <span class='ocrx_word' id='word_1_224' title='bbox 1029 3435 1162 3486; x_wconf 90' lang='lat' dir='ltr'><strong>oannes</strong></span> <span class='ocrx_word' id='word_1_225' title='bbox 1189 3411 1488 3492; x_wconf 74' lang='lat' dir='ltr'><strong>PrusinowskiuS‚</strong></span> <span class='ocrx_word' id='word_1_226' title='bbox 1504 3407 1666 3483; x_wconf 86' lang='lat' dir='ltr'><strong>Andreas</strong></span> <span class='ocrx_word' id='word_1_227' title='bbox 1683 3411 1920 3498; x_wconf 87' lang='lat' dir='ltr'><strong>Volveranus,</strong></span> <span class='ocrx_word' id='word_1_228' title='bbox 1946 3413 2124 3485; x_wconf 90' lang='lat' dir='ltr'><strong>Martinus</strong></span> <span class='ocrx_word' id='word_1_229' title='bbox 2152 3412 2293 3486; x_wconf 73' lang='lat' dir='ltr'><strong>Saoter-</strong></span> 
     </span>
    </p>

    <p class='ocr_par' dir='ltr' id='par_1_21' title="bbox 495 3534 2293 3634">
     <span class='ocr_line' id='line_1_23' title="bbox 495 3534 2293 3634; baseline -0.006 -17"><span class='ocrx_word' id='word_1_230' title='bbox 495 3546 601 3634; x_wconf 58' lang='lat' dir='ltr'><strong>Vsssse,</strong></span> <span class='ocrx_word' id='word_1_231' title='bbox 668 3544 798 3624; x_wconf 93' lang='lat' dir='ltr'><strong>binius,</strong></span> <span class='ocrx_word' id='word_1_232' title='bbox 818 3539 974 3613; x_wconf 81' lang='lat' dir='ltr'><strong>Adamus</strong></span> <span class='ocrx_word' id='word_1_233' title='bbox 995 3536 1216 3618; x_wconf 88' lang='lat' dir='ltr'><strong>Bilduckius,</strong></span> <span class='ocrx_word' id='word_1_234' title='bbox 1242 3542 1278 3608; x_wconf 91' lang='lat' dir='ltr'><strong>et</strong></span> <span class='ocrx_word' id='word_1_235' title='bbox 1299 3536 1453 3630; x_wconf 78' lang='lat' dir='ltr'><strong>quintuS,</strong></span> <span class='ocrx_word' id='word_1_236' title='bbox 1474 3534 1573 3627; x_wconf 86' lang='lat' dir='ltr'><strong>cujus</strong></span> <span class='ocrx_word' id='word_1_237' title='bbox 1596 3557 1723 3608; x_wconf 90' lang='lat' dir='ltr'><strong>nomen</strong></span> <span class='ocrx_word' id='word_1_238' title='bbox 1740 3535 1798 3607; x_wconf 89' lang='lat' dir='ltr'><strong>bic</strong></span> <span class='ocrx_word' id='word_1_239' title='bbox 1811 3535 1896 3607; x_wconf 90' lang='lat' dir='ltr'><strong>mihi</strong></span> <span class='ocrx_word' id='word_1_240' title='bbox 1915 3558 1985 3607; x_wconf 93' lang='lat' dir='ltr'><strong>non</strong></span> <span class='ocrx_word' id='word_1_241' title='bbox 2003 3542 2133 3630; x_wconf 90' lang='lat' dir='ltr'><strong>praesto</strong></span> <span class='ocrx_word' id='word_1_242' title='bbox 2146 3542 2213 3621; x_wconf 87' lang='lat' dir='ltr'><strong>est,</strong></span> <span class='ocrx_word' id='word_1_243' title='bbox 2235 3557 2293 3606; x_wconf 93' lang='lat' dir='ltr'><strong>sa-</strong></span> 
     </span>
    </p>

    <p class='ocr_par' dir='ltr' id='par_1_22' title="bbox 479 3625 2294 3760">
     <span class='ocr_line' id='line_1_24' title="bbox 479 3625 2294 3760; baseline -0.014 -1"><span class='ocrx_word' id='word_1_244' title='bbox 479 3625 634 3760; x_wconf 34' lang='lat' dir='ltr'><strong>iiiiii&amp;</strong></span> <span class='ocrx_word' id='word_1_245' title='bbox 668 3665 806 3749; x_wconf 85' lang='lat' dir='ltr'><strong>cordos,</strong></span> <span class='ocrx_word' id='word_1_246' title='bbox 823 3662 962 3757; x_wconf 89' lang='lat' dir='ltr'><strong>duoque</strong></span> <span class='ocrx_word' id='word_1_247' title='bbox 978 3662 1103 3733; x_wconf 91' lang='lat' dir='ltr'><strong>horum</strong></span> <span class='ocrx_word' id='word_1_248' title='bbox 1117 3661 1211 3734; x_wconf 86' lang='lat' dir='ltr'><strong>Socii</strong></span> <span class='ocrx_word' id='word_1_249' title='bbox 1223 3661 1424 3755; x_wconf 78' lang='lat' dir='ltr'><strong>adjutores:</strong></span> <span class='ocrx_word' id='word_1_250' title='bbox 1445 3661 1603 3732; x_wconf 81' lang='lat' dir='ltr'><strong>loannes</strong></span> <span class='ocrx_word' id='word_1_251' title='bbox 1623 3658 1839 3754; x_wconf 86' lang='lat' dir='ltr'><strong>Zyrkowioz,</strong></span> <span class='ocrx_word' id='word_1_252' title='bbox 1861 3665 1897 3732; x_wconf 91' lang='lat' dir='ltr'><strong>et</strong></span> <span class='ocrx_word' id='word_1_253' title='bbox 1909 3660 2068 3738; x_wconf 78' lang='lat' dir='ltr'><strong>loannes</strong></span> <span class='ocrx_word' id='word_1_254' title='bbox 2082 3660 2199 3746; x_wconf 87' lang='lat' dir='ltr'><strong>Mroz;</strong></span> <span class='ocrx_word' id='word_1_255' title='bbox 2219 3669 2294 3734; x_wconf 91' lang='lat' dir='ltr'><strong>tres</strong></span> 
     </span>
    </p>

    <p class='ocr_par' dir='ltr' id='par_1_23' title="bbox 544 3765 2295 3869">
     <span class='ocr_line' id='line_1_25' title="bbox 544 3765 2295 3869; baseline -0.006 -4"><span class='ocrx_word' id='word_1_256' title='bbox 544 3785 550 3793; x_wconf 81' lang='grc'>’</span> <span class='ocrx_word' id='word_1_257' title='bbox 669 3789 873 3865; x_wconf 91' lang='lat' dir='ltr'><strong>occiderunt</strong></span> <span class='ocrx_word' id='word_1_258' title='bbox 889 3783 1018 3869; x_wconf 86' lang='lat' dir='ltr'><strong>Vilnae,</strong></span> <span class='ocrx_word' id='word_1_259' title='bbox 1039 3765 1113 3856; x_wconf 71' lang='grc' dir='ltr'>ΡΙ).</span> <span class='ocrx_word' id='word_1_260' title='bbox 1135 3784 1262 3856; x_wconf 91' lang='lat' dir='ltr'><strong>Petrus</strong></span> <span class='ocrx_word' id='word_1_261' title='bbox 1289 3781 1545 3866; x_wconf 72' lang='lat' dir='ltr'><strong>Klulrovskiua</strong></span> <span class='ocrx_word' id='word_1_262' title='bbox 1566 3780 1710 3852; x_wconf 85' lang='lat' dir='ltr'><strong>Gabriel</strong></span> <span class='ocrx_word' id='word_1_263' title='bbox 1738 3781 2070 3866; x_wconf 80' lang='lat' dir='ltr'><strong>Radzenkovsuius,</strong></span> <span class='ocrx_word' id='word_1_264' title='bbox 2100 3790 2136 3856; x_wconf 89' lang='lat' dir='ltr'><strong>et</strong></span> <span class='ocrx_word' id='word_1_265' title='bbox 2165 3784 2295 3856; x_wconf 86' lang='lat' dir='ltr'><strong>Frater</strong></span> 
     </span>
    </p>

    <p class='ocr_par' dir='ltr' id='par_1_24' title="bbox 672 3904 2296 4003">
     <span class='ocr_line' id='line_1_26' title="bbox 672 3904 2296 4003; baseline -0.008 -14"><span class='ocrx_word' id='word_1_266' title='bbox 672 3917 829 3989; x_wconf 81' lang='lat' dir='ltr'><strong>loannes</strong></span> <span class='ocrx_word' id='word_1_267' title='bbox 847 3908 996 4003; x_wconf 89' lang='lat' dir='ltr'><strong>Spirau;</strong></span> <span class='ocrx_word' id='word_1_268' title='bbox 1013 3906 1200 3992; x_wconf 90' lang='lat' dir='ltr'><strong>Pultoviae,</strong></span> <span class='ocrx_word' id='word_1_269' title='bbox 1218 3907 1257 3978; x_wconf 91' lang='lat' dir='ltr'><strong>P.</strong></span> <span class='ocrx_word' id='word_1_270' title='bbox 1278 3908 1391 3978; x_wconf 89' lang='lat' dir='ltr'><strong>Lucas</strong></span> <span class='ocrx_word' id='word_1_271' title='bbox 1406 3905 1711 3990; x_wconf 82' lang='lat' dir='ltr'><strong>Radnilrovskius;</strong></span> <span class='ocrx_word' id='word_1_272' title='bbox 1729 3904 1873 3991; x_wconf 89' lang='lat' dir='ltr'><strong>Plooiae,</strong></span> <span class='ocrx_word' id='word_1_273' title='bbox 1892 3906 1935 3977; x_wconf 92' lang='lat' dir='ltr'><strong>P.</strong></span> <span class='ocrx_word' id='word_1_274' title='bbox 1952 3904 2119 3978; x_wconf 85' lang='lat' dir='ltr'><strong>Albertus</strong></span> <span class='ocrx_word' id='word_1_275' title='bbox 2133 3906 2296 3978; x_wconf 91' lang='lat' dir='ltr'><strong>Piotrov-</strong></span> 
     </span>
    </p>

    <p class='ocr_par' dir='ltr' id='par_1_25' title="bbox 678 4025 2295 4135">
     <span class='ocr_line' id='line_1_27' title="bbox 678 4025 2295 4135; baseline -0.006 -22"><span class='ocrx_word' id='word_1_276' title='bbox 678 4039 778 4113; x_wconf 80' lang='lat' dir='ltr'><strong>skins</strong></span> <span class='ocrx_word' id='word_1_277' title='bbox 791 4040 827 4107; x_wconf 93' lang='lat' dir='ltr'><strong>et</strong></span> <span class='ocrx_word' id='word_1_278' title='bbox 838 4031 986 4128; x_wconf 89' lang='lat' dir='ltr'><strong>adjutor</strong></span> <span class='ocrx_word' id='word_1_279' title='bbox 1001 4031 1113 4102; x_wconf 88' lang='lat' dir='ltr'><strong>laicus</strong></span> <span class='ocrx_word' id='word_1_280' title='bbox 1126 4030 1146 4102; x_wconf 87' lang='lat' dir='ltr'>J</span> <span class='ocrx_word' id='word_1_281' title='bbox 1151 4030 1240 4102; x_wconf 90' lang='lat' dir='ltr'><strong>acob</strong></span> <span class='ocrx_word' id='word_1_282' title='bbox 1252 4028 1537 4135; x_wconf 80' lang='lat' dir='ltr'><strong>Pielaskieuicz.</strong></span> <span class='ocrx_word' id='word_1_283' title='bbox 1551 4028 1677 4101; x_wconf 89' lang='lat' dir='ltr'><strong>Plures</strong></span> <span class='ocrx_word' id='word_1_284' title='bbox 1691 4025 1779 4098; x_wconf 91' lang='lat' dir='ltr'><strong>alibi</strong></span> <span class='ocrx_word' id='word_1_285' title='bbox 1791 4029 1912 4100; x_wconf 81' lang='lat' dir='ltr'><strong>eadem</strong></span> <span class='ocrx_word' id='word_1_286' title='bbox 1924 4028 2067 4101; x_wconf 88' lang='lat' dir='ltr'><strong>sustulit</strong></span> <span class='ocrx_word' id='word_1_287' title='bbox 2087 4037 2295 4124; x_wconf 79' lang='lat' dir='ltr'><strong>tempestae.</strong></span> 
     </span>
    </p>

    <p class='ocr_par' dir='ltr' id='par_1_26' title="bbox 498 4113 2296 4256">
     <span class='ocr_line' id='line_1_28' title="bbox 498 4113 2296 4256; baseline -0.001 -26"><span class='ocrx_word' id='word_1_288' title='bbox 498 4113 588 4256; x_wconf 41' lang='lat' dir='ltr'><strong>vnn?</strong></span> <span class='ocrx_word' id='word_1_289' title='bbox 598 4195 643 4250; x_wconf 84' lang='lat' dir='ltr'><strong>so·</strong></span> <span class='ocrx_word' id='word_1_290' title='bbox 720 4161 793 4235; x_wconf 88' lang='lat' dir='ltr'><strong>Sub</strong></span> <span class='ocrx_word' id='word_1_291' title='bbox 827 4158 864 4230; x_wconf 92' lang='lat' dir='ltr'><strong>id</strong></span> <span class='ocrx_word' id='word_1_292' title='bbox 896 4163 1035 4250; x_wconf 88' lang='lat' dir='ltr'><strong>tempus</strong></span> <span class='ocrx_word' id='word_1_293' title='bbox 1064 4154 1194 4239; x_wconf 74' lang='lat' dir='ltr'><strong>Vilna,</strong></span> <span class='ocrx_word' id='word_1_294' title='bbox 1226 4153 1272 4224; x_wconf 89' lang='lat' dir='ltr'><strong>ad</strong></span> <span class='ocrx_word' id='word_1_295' title='bbox 1307 4155 1419 4227; x_wconf 90' lang='lat' dir='ltr'><strong>aedem</strong></span> <span class='ocrx_word' id='word_1_296' title='bbox 1451 4153 1495 4225; x_wconf 91' lang='lat' dir='ltr'><strong>B.</strong></span> <span class='ocrx_word' id='word_1_297' title='bbox 1533 4151 1730 4237; x_wconf 90' lang='lat' dir='ltr'><strong>Nicodemi,</strong></span> <span class='ocrx_word' id='word_1_298' title='bbox 1762 4152 1855 4226; x_wconf 89' lang='lat' dir='ltr'><strong>lecta</strong></span> <span class='ocrx_word' id='word_1_299' title='bbox 1888 4153 2031 4226; x_wconf 87' lang='lat' dir='ltr'><strong>axillis</strong></span> <span class='ocrx_word' id='word_1_300' title='bbox 2062 4155 2296 4249; x_wconf 88' lang='lat' dir='ltr'><strong>institutaque</strong></span> 
     </span>
    </p>

    <p class='ocr_par' dir='ltr' id='par_1_27' title="bbox 496 4274 2299 4373">
     <span class='ocr_line' id='line_1_29' title="bbox 496 4274 2299 4373; baseline -0.004 -14"><span class='ocrx_word' id='word_1_301' title='bbox 496 4283 642 4340; x_wconf 57' lang='lat' dir='ltr'><strong>‘blm&#39;</strong></span> <span class='ocrx_word' id='word_1_302' title='bbox 672 4283 863 4364; x_wconf 86' lang='lat' dir='ltr'><strong>Sodalitas,</strong></span> <span class='ocrx_word' id='word_1_303' title='bbox 883 4277 942 4373; x_wconf 91' lang='lat' dir='ltr'><strong>qui</strong></span> <span class='ocrx_word' id='word_1_304' title='bbox 960 4276 1112 4350; x_wconf 87' lang='lat' dir='ltr'><strong>civitatis</strong></span> <span class='ocrx_word' id='word_1_305' title='bbox 1130 4274 1290 4369; x_wconf 86' lang='lat' dir='ltr'><strong>compitis</strong></span> <span class='ocrx_word' id='word_1_306' title='bbox 1316 4274 1477 4347; x_wconf 91' lang='lat' dir='ltr'><strong>omnibus</strong></span> <span class='ocrx_word' id='word_1_307' title='bbox 1496 4275 1650 4368; x_wconf 84' lang='lat' dir='ltr'><strong>vicisque</strong></span> <span class='ocrx_word' id='word_1_308' title='bbox 1673 4275 1850 4348; x_wconf 88' lang='lat' dir='ltr'><strong>morbidos</strong></span> <span class='ocrx_word' id='word_1_309' title='bbox 1876 4277 1913 4348; x_wconf 91' lang='lat' dir='ltr'><strong>in</strong></span> <span class='ocrx_word' id='word_1_310' title='bbox 1939 4276 2199 4350; x_wconf 83' lang='lat' dir='ltr'><strong>valetudinaria</strong></span> <span class='ocrx_word' id='word_1_311' title='bbox 2224 4279 2299 4351; x_wconf 92' lang='lat' dir='ltr'><strong>col-</strong></span> 
     </span>
    </p>

    <p class='ocr_par' dir='ltr' id='par_1_28' title="bbox 496 4364 2295 4508">
     <span class='ocr_line' id='line_1_30' title="bbox 496 4364 2295 4508; baseline -0.004 -25"><span class='ocrx_word' id='word_1_312' title='bbox 496 4364 614 4508; x_wconf 46' lang='grc' dir='ltr'><strong>ἓξὲξ</strong></span> <span class='ocrx_word' id='word_1_313' title='bbox 670 4410 835 4504; x_wconf 86' lang='lat' dir='ltr'><strong>ligarent,</strong></span> <span class='ocrx_word' id='word_1_314' title='bbox 868 4402 942 4476; x_wconf 91' lang='lat' dir='ltr'><strong>suis</strong></span> <span class='ocrx_word' id='word_1_315' title='bbox 968 4401 1105 4473; x_wconf 90' lang='lat' dir='ltr'><strong>animos</strong></span> <span class='ocrx_word' id='word_1_316' title='bbox 1134 4399 1276 4494; x_wconf 88' lang='lat' dir='ltr'><strong>suisque</strong></span> <span class='ocrx_word' id='word_1_317' title='bbox 1306 4420 1455 4493; x_wconf 88' lang='lat' dir='ltr'><strong>corpora</strong></span> <span class='ocrx_word' id='word_1_318' title='bbox 1484 4397 1667 4470; x_wconf 88' lang='lat' dir='ltr'><strong>medicinis</strong></span> <span class='ocrx_word' id='word_1_319' title='bbox 1697 4406 1874 4484; x_wconf 90' lang='lat' dir='ltr'><strong>curarent,</strong></span> <span class='ocrx_word' id='word_1_320' title='bbox 1903 4409 2060 4473; x_wconf 89' lang='lat' dir='ltr'><strong>mortuos</strong></span> <span class='ocrx_word' id='word_1_321' title='bbox 2089 4401 2295 4496; x_wconf 87' lang='lat' dir='ltr'><strong>sepelirent.</strong></span> 
     </span>
    </p>

    <p class='ocr_par' dir='ltr' id='par_1_29' title="bbox 496 4512 2299 4655">
     <span class='ocr_line' id='line_1_31' title="bbox 496 4512 2299 4655; baseline -0.003 -51"><span class='ocrx_word' id='word_1_322' title='bbox 496 4512 644 4655; x_wconf 54' lang='lat' dir='ltr'><strong>ffifflj</strong></span> <span class='ocrx_word' id='word_1_323' title='bbox 674 4532 827 4604; x_wconf 84' lang='lat' dir='ltr'><strong>Hortata</strong></span> <span class='ocrx_word' id='word_1_324' title='bbox 853 4523 1048 4609; x_wconf 84' lang='lat' dir='ltr'><strong>Sociorum,</strong></span> <span class='ocrx_word' id='word_1_325' title='bbox 1064 4523 1221 4619; x_wconf 90' lang='lat' dir='ltr'><strong>plerique</strong></span> <span class='ocrx_word' id='word_1_326' title='bbox 1251 4523 1288 4594; x_wconf 93' lang='lat' dir='ltr'><strong>in</strong></span> <span class='ocrx_word' id='word_1_327' title='bbox 1319 4522 1394 4616; x_wconf 87' lang='lat' dir='ltr'><strong>ejus</strong></span> <span class='ocrx_word' id='word_1_328' title='bbox 1419 4544 1603 4595; x_wconf 88' lang='lat' dir='ltr'><strong>numerum</strong></span> <span class='ocrx_word' id='word_1_329' title='bbox 1624 4521 1787 4595; x_wconf 90' lang='lat' dir='ltr'><strong>Sodalitii</strong></span> <span class='ocrx_word' id='word_1_330' title='bbox 1805 4545 1843 4595; x_wconf 89' lang='lat' dir='ltr'><strong>se</strong></span> <span class='ocrx_word' id='word_1_331' title='bbox 1862 4533 2119 4648; x_wconf 76' lang='lat' dir='ltr'><strong>aggregarunt.</strong></span> <span class='ocrx_word' id='word_1_332' title='bbox 2138 4525 2207 4596; x_wconf 91' lang='lat' dir='ltr'><strong>Pro</strong></span> <span class='ocrx_word' id='word_1_333' title='bbox 2225 4548 2299 4599; x_wconf 86' lang='lat' dir='ltr'><strong>sua</strong></span> 
     </span>
    </p>

    <p class='ocr_par' dir='ltr' id='par_1_30' title="bbox 497 4644 2299 4752">
     <span class='ocr_line' id='line_1_32' title="bbox 497 4644 2299 4752; baseline -0.007 -17"><span class='ocrx_word' id='word_1_334' title='bbox 497 4676 644 4736; x_wconf 78' lang='lat' dir='ltr'><strong>runNico-</strong></span> <span class='ocrx_word' id='word_1_335' title='bbox 671 4655 818 4752; x_wconf 87' lang='lat' dir='ltr'><strong>quisquc</strong></span> <span class='ocrx_word' id='word_1_336' title='bbox 835 4657 937 4745; x_wconf 87' lang='lat' dir='ltr'><strong>parte</strong></span> <span class='ocrx_word' id='word_1_337' title='bbox 961 4647 1129 4720; x_wconf 84' lang='lat' dir='ltr'><strong>auxilium</strong></span> <span class='ocrx_word' id='word_1_338' title='bbox 1146 4646 1282 4720; x_wconf 90' lang='lat' dir='ltr'><strong>miseris</strong></span> <span class='ocrx_word' id='word_1_339' title='bbox 1299 4644 1478 4718; x_wconf 80' lang='lat' dir='ltr'><strong>afferebat.</strong></span> <span class='ocrx_word' id='word_1_340' title='bbox 1502 4645 1545 4717; x_wconf 90' lang='lat' dir='ltr'><strong>ln</strong></span> <span class='ocrx_word' id='word_1_341' title='bbox 1561 4647 1627 4718; x_wconf 93' lang='lat' dir='ltr'><strong>hoc</strong></span> <span class='ocrx_word' id='word_1_342' title='bbox 1651 4645 1822 4718; x_wconf 86' lang='lat' dir='ltr'><strong>Sodalitio</strong></span> <span class='ocrx_word' id='word_1_343' title='bbox 1840 4647 1950 4719; x_wconf 83' lang='lat' dir='ltr'><strong>fuisse</strong></span> <span class='ocrx_word' id='word_1_344' title='bbox 1974 4647 2075 4741; x_wconf 87' lang='lat' dir='ltr'><strong>ajunt</strong></span> <span class='ocrx_word' id='word_1_345' title='bbox 2098 4647 2299 4743; x_wconf 89' lang='lat' dir='ltr'><strong>parochum</strong></span> 
     </span>
    </p>

    <p class='ocr_par' dir='ltr' id='par_1_31' title="bbox 498 4759 2299 4901">
     <span class='ocr_line' id='line_1_33' title="bbox 498 4759 2299 4901; baseline -0.004 -49"><span class='ocrx_word' id='word_1_346' title='bbox 498 4759 611 4901; x_wconf 50' lang='lat' dir='ltr'><strong>{mig</strong></span> <span class='ocrx_word' id='word_1_347' title='bbox 673 4779 730 4853; x_wconf 91' lang='lat' dir='ltr'><strong>cui</strong></span> <span class='ocrx_word' id='word_1_348' title='bbox 751 4795 947 4872; x_wconf 87' lang='lat' dir='ltr'><strong>cognomen</strong></span> <span class='ocrx_word' id='word_1_349' title='bbox 972 4772 1123 4866; x_wconf 91' lang='lat' dir='ltr'><strong>patrium</strong></span> <span class='ocrx_word' id='word_1_350' title='bbox 1147 4771 1265 4854; x_wconf 89' lang='lat' dir='ltr'><strong>Petri;</strong></span> <span class='ocrx_word' id='word_1_351' title='bbox 1294 4769 1449 4864; x_wconf 89' lang='lat' dir='ltr'><strong>quicum</strong></span> <span class='ocrx_word' id='word_1_352' title='bbox 1463 4775 1679 4842; x_wconf 91' lang='lat' dir='ltr'><strong>mortuorum</strong></span> <span class='ocrx_word' id='word_1_353' title='bbox 1705 4769 1821 4841; x_wconf 89' lang='lat' dir='ltr'><strong>Vilnae</strong></span> <span class='ocrx_word' id='word_1_354' title='bbox 1851 4779 2012 4843; x_wconf 86' lang='lat' dir='ltr'><strong>trecenos</strong></span> <span class='ocrx_word' id='word_1_355' title='bbox 2038 4771 2188 4865; x_wconf 88' lang='lat' dir='ltr'><strong>amplius</strong></span> <span class='ocrx_word' id='word_1_356' title='bbox 2217 4773 2299 4844; x_wconf 88' lang='lat' dir='ltr'><strong>suis</strong></span> 
     </span>
    </p>

    <p class='ocr_par' dir='ltr' id='par_1_32' title="bbox 516 4857 2300 4991">
     <span class='ocr_line' id='line_1_34' title="bbox 516 4857 2300 4991; baseline -0.005 -15"><span class='ocrx_word' id='word_1_357' title='bbox 516 4857 576 4950; x_wconf 52' lang='lat' dir='ltr'><strong>mi</strong></span> <span class='ocrx_word' id='word_1_358' title='bbox 610 4881 616 4894; x_wconf 61' lang='grc'><strong>’</strong></span> <span class='ocrx_word' id='word_1_359' title='bbox 672 4904 856 4975; x_wconf 85' lang='lat' dir='ltr'><strong>humasset</strong></span> <span class='ocrx_word' id='word_1_360' title='bbox 871 4895 1047 4977; x_wconf 89' lang='lat' dir='ltr'><strong>manibus,</strong></span> <span class='ocrx_word' id='word_1_361' title='bbox 1066 4895 1142 4991; x_wconf 90' lang='lat' dir='ltr'><strong>ipse</strong></span> <span class='ocrx_word' id='word_1_362' title='bbox 1159 4895 1320 4989; x_wconf 90' lang='lat' dir='ltr'><strong>denique,</strong></span> <span class='ocrx_word' id='word_1_363' title='bbox 1341 4893 1421 4989; x_wconf 91' lang='lat' dir='ltr'><strong>pius</strong></span> <span class='ocrx_word' id='word_1_364' title='bbox 1438 4891 1598 4987; x_wconf 89' lang='lat' dir='ltr'><strong>vespillo,</strong></span> <span class='ocrx_word' id='word_1_365' title='bbox 1619 4893 1657 4964; x_wconf 92' lang='lat' dir='ltr'><strong>in</strong></span> <span class='ocrx_word' id='word_1_366' title='bbox 1675 4892 1788 4964; x_wconf 90' lang='lat' dir='ltr'><strong>ultimi</strong></span> <span class='ocrx_word' id='word_1_367' title='bbox 1815 4893 1948 4966; x_wconf 93' lang='lat' dir='ltr'><strong>tumulo</strong></span> <span class='ocrx_word' id='word_1_368' title='bbox 1974 4895 2128 4966; x_wconf 86' lang='lat' dir='ltr'><strong>animam</strong></span> <span class='ocrx_word' id='word_1_369' title='bbox 2145 4895 2300 4968; x_wconf 84' lang='lat' dir='ltr'><strong>exhala-</strong></span> 
     </span>
    </p>

    <p class='ocr_par' dir='ltr' id='par_1_33' title="bbox 560 5001 2298 5112">
     <span class='ocr_line' id='line_1_35' title="bbox 560 5001 2298 5112; baseline -0.002 -16"><span class='ocrx_word' id='word_1_370' title='bbox 560 5001 562 5005; x_wconf 27' lang='lat'>⁵</span> <span class='ocrx_word' id='word_1_371' title='bbox 672 5023 772 5098; x_wconf 87' lang='lat' dir='ltr'><strong>verit.</strong></span> <span class='ocrx_word' id='word_1_372' title='bbox 794 5020 996 5094; x_wconf 88' lang='lat' dir='ltr'><strong>Nesvisium</strong></span> <span class='ocrx_word' id='word_1_373' title='bbox 1021 5019 1130 5090; x_wconf 91' lang='lat' dir='ltr'><strong>Vilna</strong></span> <span class='ocrx_word' id='word_1_374' title='bbox 1154 5020 1335 5092; x_wconf 88' lang='lat' dir='ltr'><strong>auditores</strong></span> <span class='ocrx_word' id='word_1_375' title='bbox 1351 5017 1554 5112; x_wconf 72' lang='lat' dir='ltr'><strong>theologia,</strong></span> <span class='ocrx_word' id='word_1_376' title='bbox 1575 5017 1677 5112; x_wconf 91' lang='lat' dir='ltr'><strong>quasi</strong></span> <span class='ocrx_word' id='word_1_377' title='bbox 1705 5016 1742 5088; x_wconf 92' lang='lat' dir='ltr'><strong>in</strong></span> <span class='ocrx_word' id='word_1_378' title='bbox 1771 5017 1935 5090; x_wconf 90' lang='lat' dir='ltr'><strong>tutiorem</strong></span> <span class='ocrx_word' id='word_1_379' title='bbox 1965 5018 2130 5091; x_wconf 90' lang='lat' dir='ltr'><strong>translati</strong></span> <span class='ocrx_word' id='word_1_380' title='bbox 2157 5019 2298 5106; x_wconf 92' lang='lat' dir='ltr'><strong>locum,</strong></span> 
     </span>
    </p>
   </div>
   <div class='ocr_carea' id='block_1_4' title="bbox 672 5131 2302 5240">
    <p class='ocr_par' dir='ltr' id='par_1_34' title="bbox 672 5131 2302 5240">
     <span class='ocr_line' id='line_1_36' title="bbox 672 5131 2302 5240; baseline -0.004 -16"><span class='ocrx_word' id='word_1_381' title='bbox 672 5154 847 5224; x_wconf 82' lang='lat' dir='ltr'><strong>auxerunt</strong></span> <span class='ocrx_word' id='word_1_382' title='bbox 863 5167 1046 5218; x_wconf 88' lang='lat' dir='ltr'><strong>numerum</strong></span> <span class='ocrx_word' id='word_1_383' title='bbox 1064 5142 1212 5237; x_wconf 77' lang='lat' dir='ltr'><strong>collegii</strong></span> <span class='ocrx_word' id='word_1_384' title='bbox 1227 5142 1275 5215; x_wconf 91' lang='lat' dir='ltr'><strong>ad</strong></span> <span class='ocrx_word' id='word_1_385' title='bbox 1300 5164 1471 5238; x_wconf 90' lang='lat' dir='ltr'><strong>personas</strong></span> <span class='ocrx_word' id='word_1_386' title='bbox 1493 5140 1553 5214; x_wconf 86' lang='grc'><strong>73.</strong></span> <span class='ocrx_word' id='word_1_387' title='bbox 1575 5140 1693 5214; x_wconf 88' lang='lat' dir='ltr'><strong>Nacta</strong></span> <span class='ocrx_word' id='word_1_388' title='bbox 1720 5131 1781 5214; x_wconf 88' lang='lat' dir='ltr'><strong>eos</strong></span> <span class='ocrx_word' id='word_1_389' title='bbox 1809 5141 1857 5213; x_wconf 93' lang='lat' dir='ltr'><strong>ibi</strong></span> <span class='ocrx_word' id='word_1_390' title='bbox 1884 5143 2002 5224; x_wconf 90' lang='lat' dir='ltr'><strong>etiam,</strong></span> <span class='ocrx_word' id='word_1_391' title='bbox 2033 5142 2176 5238; x_wconf 92' lang='lat' dir='ltr'><strong>dispulit</strong></span> <span class='ocrx_word' id='word_1_392' title='bbox 2197 5167 2302 5240; x_wconf 85' lang='lat' dir='ltr'><strong>vaga</strong></span> 
     </span>
    </p>
   </div>
   <div class='ocr_carea' id='block_1_5' title="bbox 0 0 2495 6628">
    <p class='ocr_par' dir='ltr' id='par_1_35' title="bbox 0 0 2495 6628">
     <span class='ocr_line' id='line_1_37' title="bbox 0 0 2495 6628; baseline 0 0"><span class='ocrx_word' id='word_1_393' title='bbox 0 0 2495 6628; x_wconf 95' lang='lat' dir='ltr'><strong> </strong></span> 
     </span>
    </p>
   </div>
  </div>
 </body>
</html>
