4906 6642
641 803 682 869 bb
1011 798 1288 862 tlruutttcluuu
1311 795 1529 860 secleratis
1549 796 1636 858 Just]
1660 797 1912 859 HISTORIARUM

640 1013 657 1046 a
678 981 846 1057 mediocri
872 1005 990 1056 rerum
1021 989 1221 1055 nostrarum
1238 980 1409 1077 proiectu,
1430 999 1560 1074 magno
1587 980 1688 1051 nobis
1706 979 1908 1074 adjumento
1938 977 2060 1062 fuisse,
2093 985 2148 1050 est
2176 979 2273 1074 qued

641 1137 656 1170 u
677 1108 745 1181 Dei
769 1106 992 1181 clementiam
1008 1106 1205 1192 laudemus,
1222 1105 1342 1201 illique
1356 1104 1491 1200 gratias
1505 1123 1665 1196 agamus.
1684 1099 1786 1182 Quod
1798 1123 1881 1172 vero
1899 1099 2069 1171 Ecclesiae
2082 1097 2148 1169 Dei
2165 1105 2272 1192 atque

639 1261 655 1296 a
679 1233 853 1308 universae
867 1233 1070 1330 reipublicae
1083 1233 1290 1307 christianae
1308 1253 1452 1304 causam
1470 1227 1571 1300 nobis
1585 1227 1775 1321 diligenter
1789 1224 2042 1298 commendatis
2059 1248 2066 1295 :
2088 1223 2137 1308 id,
2154 1247 2274 1320 quem-

639 1357 866 1431 «admodum
893 1381 916 1431 a
945 1359 1003 1456 pio
1030 1358 1270 1453 laudabilique
1298 1363 1416 1429 vestro
1442 1353 1570 1426 affectu
1596 1351 1843 1448 proficiscitur,
1876 1349 1926 1422 ita
1956 1350 2057 1422 nobis
2081 1349 2273 1444 praecipuae

642 1509 658 1544 α
680 1505 775 1556 curae
794 1505 933 1580 semper
946 1483 1024 1569 fuit,
1042 1505 1084 1556 ac
1100 1482 1208 1578 longe
1221 1480 1346 1577 majori
1365 1464 1594 1575 inposterum
1622 1476 1778 1548 futurum
1796 1475 1864 1548 erit
1885 1498 1892 1545 :
1910 1497 1992 1545 nam
2011 1473 2111 1546 uobis
2129 1472 2271 1568 quidem

642 1633 659 1668 u
681 1613 716 1678 et
742 1605 994 1678 existimationi
1014 1615 1157 1691 nostrae,
1192 1605 1285 1677 ultra
1316 1605 1421 1676 etiam
1439 1603 1566 1675 merita
1592 1606 1727 1685 nostra,
1755 1600 1832 1695 jam
1863 1598 1947 1671 olim
1977 1598 2095 1671 divino
2126 1621 2272 1670 munere

644 1759 660 1793 u
682 1730 900 1804 satisfactum
920 1741 992 1818 est;
1014 1755 1107 1804 nunc
1121 1754 1163 1803 eo
1181 1729 1284 1803 labor
1298 1729 1412 1801 omnis
1432 1725 1666 1801 conserendus
1685 1723 1765 1806 erit,
1782 1746 1851 1818 quo
1869 1729 2077 1795 ornamenta
2095 1723 2172 1794 haec
2191 1745 2273 1817 quae

643 1881 660 1916 u
680 1853 930 1927 liberalissima
944 1877 1049 1928 manu
1068 1855 1104 1927 in
1124 1854 1371 1945 nosMajestas
1390 1851 1520 1934 Divina
1533 1852 1693 1935 contulit,
1714 1846 1761 1924 ad
1774 1874 1854 1925 eum
1867 1852 2012 1934 fontem,
2024 1853 2081 1924 cui
2094 1853 2130 1923 in
2148 1852 2274 1948 primis

643 2009 659 2042 α
681 1977 878 2066 debentur,
911 1979 1118 2052 relabantur
1147 1977 1287 2049 :divini
1313 1975 1453 2082 ‚scilicet
1478 1977 1630 2049 nominis
1664 1975 1805 2049 laudem
1836 1983 1870 2048 et
1900 1976 2203 2070 propagationem,
2238 1984 2276 2048 et

642 2101 882 2198 «reipublicae
917 2103 1121 2174 christianae
1150 2102 1381 2175 incrementa.
1414 2099 1472 2172 Ad
1505 2123 1609 2196 quam
1626 2125 1701 2174 rem
1735 2099 1861 2172 melius
1889 2121 1932 2171 ex
1962 2098 2072 2170 animi
2097 2099 2276 2172 sententia

643 2248 660 2283 u
682 2219 934 2294 conficiendam
960 2245 1038 2293 cum
1063 2227 1181 2292 vester
1199 2219 1295 2294 Ordo
1325 2221 1378 2294 vel
1404 2223 1440 2292 in
1473 2225 1596 2319 primis
1627 2223 1728 2296 nobis
1758 2222 1916 2318 apprime
1947 2222 1993 2292 sit
2023 2222 2271 2294 necessarius:

643 2371 657 2404 κ
679 2342 804 2416 merito
823 2341 925 2414 nobis
950 2349 986 2414 et
1003 2351 1057 2415 est
1082 2349 1117 2416 et
1143 2341 1210 2414 erit
1228 2365 1366 2438 semper
1384 2346 1623 2440 gratissimus,
1644 2351 1738 2446 quod
1754 2357 1828 2422 tum
1846 2373 1886 2422 re
1902 2349 2139 2445 potiusquam
2156 2351 2276 2424 verbis

642 2466 951 2552 “declarabimus
980 2467 1040 2539 ubi
1070 2467 1220 2564 primum
1246 2470 1349 2564 regni
1375 2471 1480 2566 hujus
1499 2475 1610 2545 nostri
1636 2476 1781 2570 negotia
1807 2475 2120 2571 composuerimus,
2157 2498 2199 2547 ac
2228 2475 2279 2548 ad

641 2621 657 2656 α
679 2601 835 2690 optatam
853 2592 1005 2688 quietem
1020 2592 1137 2664 omnia
1155 2590 1436 2686 perduxerimus,
1458 2596 1560 2676 Quod
1577 2607 1615 2672 ut
1633 2624 1737 2695 quam
1764 2602 1914 2697 primum
1932 2601 2005 2685 fiat,
2026 2601 2095 2696 piis
2112 2601 2278 2695 precibus

642 2747 658 2782 κ
680 2719 808 2792 vestris
822 2717 911 2790 effici
926 2716 1029 2790 debet
1042 2741 1050 2804 ;
1067 2717 1194 2812 quibus
1208 2740 1273 2790 nos
1287 2719 1394 2792 etiam
1407 2726 1514 2814 atque
1527 2725 1634 2795 etiam
1648 2725 1838 2820 diligenter
1855 2725 2154 2798 commendamus.
2170 2727 2272 2798 Bene

643 2873 659 2906 α
681 2841 801 2916 valere
818 2840 1024 2914 devotiones
1038 2849 1176 2914 vestras
1194 2843 1366 2937 cupimus.
1384 2843 1439 2946 Er
1457 2849 1584 2920 castris
1610 2849 1658 2921 ad
1674 2849 1859 2923 Gadanum
1873 2849 1931 2921 die
1956 2851 2005 2924 24
2018 2851 2150 2923 mensis
2161 2851 2269 2946 junii,

645 2997 661 3030 κ
683 2991 776 3040 auno
804 2967 908 3054 1577,
935 2965 1037 3061 regni
1060 2967 1172 3039 nostri
1194 2966 1362 3040 secundo.
1391 3003 1407 3034 ι

480 3183 486 3198 .
523 3103 565 3158 2⁰.
691 3093 746 3166 Ex
779 3090 905 3168 castris
936 3089 1031 3186 apud
1053 3090 1239 3164 Gedanum
1273 3114 1336 3164 rex
1357 3090 1495 3164 litteras
1521 3088 1635 3176 dedit;
1662 3091 1723 3162 ubi
1745 3090 1880 3164 scilicet
1896 3113 1975 3162 cum
2005 3090 2161 3163 exercitu
2182 3113 2273 3163 con-

468 3179 616 3314 ffi'hii',
642 3219 796 3302 sederat,
834 3214 1035 3314 perduelles
1070 3215 1146 3312 ejus
1176 3215 1273 3288 urbis
1309 3216 1403 3288 cives
1436 3213 1711 3311 perdomiturus.
1750 3217 1803 3288 Eo
1839 3215 2007 3289 ducturus
2038 3216 2157 3310 copias
2191 3216 2274 3288 Rex

468 3341 598 3399 dmm
643 3349 800 3428 voverat,
838 3342 867 3415 si
904 3339 1077 3414 effecisset
1110 3340 1341 3435 propositum,
1374 3339 1559 3436 profanata
1597 3339 1837 3412 aLuterauis
1872 3341 2054 3436 ejectaque
2086 3339 2274 3412 catholicae

469 3428 615 3566 iigniiffi.
643 3467 826 3564 religionis
861 3461 963 3540 sacra
1001 3464 1037 3535 in
1068 3487 1171 3535 suum
1205 3462 1387 3559 dignitatis
1419 3465 1534 3536 locum
1569 3472 1604 3536 et
1633 3465 1892 3559 possessionem
1934 3467 2177 3538 restituturum
2193 3471 2199 3480 “
2215 3487 2271 3550 se,

466 3587 511 3644 Ἰ·
535 3581 616 3652 lteris
643 3591 883 3686 coloniamque
901 3588 1069 3662 Societati
1090 3588 1113 3660 J
1117 3611 1178 3660 esu
1196 3587 1447 3661 collocaturum
1462 3589 1497 3659 in
1515 3589 1616 3661 urbe.
1634 3589 1856 3661 Damnarunt
1875 3590 1968 3662 votis
1984 3591 2180 3686 principem
2194 3611 2273 3661 suae

468 3667 618 3808 {imm
642 3739 700 3790 res
723 3724 836 3812 gestia
859 3735 1041 3810 prospere.
1070 3711 1214 3784 Decimo
1239 3721 1338 3784 sexto
1360 3711 1534 3784 kalendas
1557 3713 1667 3808 majas
1690 3721 1929 3808 expugnatum
1952 3713 2163 3786 Gedanum:
2186 3713 2275 3784 caesi

468 3827 616 3968 ξξὲῑξῗὲω
642 3837 868 3938 perduelles:
890 3837 985 3909 circs
1002 3834 1049 3907 ad
1071 3835 1223 3907 officium
1241 3837 1409 3908 revocati.
1427 3837 1554 3930 Neque
1575 3847 1693 3908 tamen
1716 3837 1859 3908 omnino
1884 3845 1988 3930 parta
2006 3845 2061 3908 est
2077 3859 2160 3931 pax,
2183 3857 2275 3930 rege

468 3951 616 4052 risuum·
641 3963 775 4040 scilicet
795 3959 978 4034 uictoriam
1003 3958 1211 4032 clementius
1233 3969 1444 4046 exercente;
1469 3960 1596 4056 reliqui
1628 3983 1794 4054 magnam
1816 3969 1953 4055 partem
1975 3984 2019 4032 ex
2048 3959 2210 4032 conflictu
2235 3968 2274 4031 et

467 4076 615 4224 2⁸3·
641 4089 727 4186 fuga
749 4083 964 4184 perduelles,
988 4083 1140 4178 receptis
1163 4105 1225 4178 per
1238 4093 1444 4157 autumnum
1466 4085 1600 4156 viribus
1617 4085 1822 4166 ferociores,
1847 4092 2055 4179 comparant
2076 4082 2165 4156 mari
2181 4081 2275 4154 clas-

464 4181 617 4314 iriam]
641 4241 735 4302 serm
756 4238 799 4288 ex
823 4235 935 4308 eaque
954 4210 1167 4284 maritimam
1188 4233 1262 4282 rem
1286 4231 1383 4281 suam
1405 4218 1633 4305 propugnant
1649 4235 1657 4280 :
1673 4219 1868 4282 terrarero
1890 4209 2052 4282 hostilem
2071 4210 2107 4280 in
2129 4207 2274 4281 modum

469 4329 564 4400 ΜΨ·
641 4341 818 4439 proximos
836 4346 944 4410 urunt
963 4357 1072 4432 agros
1089 4333 1274 4408 Poloniae:
1295 4333 1451 4406 Varmiee
1470 4332 1603 4404 serrum
1625 4333 1814 4428 ignemque
1842 4334 2065 4418 minitantur3
2085 4356 2153 4428 quo
2175 4341 2274 4406 certe

644 4463 737 4538 malo
755 4461 1068 4557 Brunsbergeuses
1092 4459 1198 4533 etiam
1211 4474 1397 4531 mactasset
1413 4455 1648 4552 perduellium
1660 4456 1772 4541 furor,
1790 4457 1859 4527 nisi
1882 4457 1977 4528 cives
1990 4457 2150 4530 fortunas
2170 4480 2271 4542 suas,

517 4593 561 4648 Μ·
642 4591 802 4685 irrogata
815 4585 882 4658 sibi
899 4586 1023 4670 multa,
1039 4583 1284 4658 redemissent.
1312 4581 1359 4654 At
1387 4581 1545 4654 Jesuitas
1574 4580 1732 4655 residere
1759 4583 2014 4678 Brunsbergae,
2040 4583 2137 4656 nullo
2167 4591 2275 4678 pacto

467 4673 616 4828 m
641 4713 738 4808 past
760 4722 843 4786 suut
878 4709 1084 4782 Dentiscani
1104 4707 1265 4781 baeretici
1286 4731 1294 4778 :
1314 4707 1383 4778 hoc
1408 4705 1559 4776 maxime
1579 4722 1789 4800 pugnatum,
1814 4715 1853 4778 ut
1871 4730 1915 4779 ex
1941 4707 2031 4778 urbe
2060 4707 2276 4801 ejicerentur

468 4835 595 4892 dmm
643 4839 824 4920 continuo,
845 4835 914 4906 uisi
943 4833 1306 4930 utallentcit·es,ja1u
1329 4855 1421 4904 nunc
1447 4831 1552 4926 signo
1574 4829 1671 4908 dato.
1709 4829 1827 4902 omnia
1845 4853 1911 4902 sua
1940 4831 1992 4901 ire
2011 4852 2167 4925 pessum.
2188 4829 2273 4900 Non

467 4913 615 5066 w}
643 4963 753 5038 multo
766 4960 814 5036 ad
828 4959 864 5034 id
875 4960 1020 5034 hortatu
1034 4981 1121 5054 opus
1134 4976 1212 5032 erat
1225 4958 1352 5042 Sociis,
1368 4972 1406 5028 ut
1424 4979 1518 5028 carae
1546 4956 1700 5029 civitatis
1726 4978 1784 5027 res
1799 4979 1876 5051 prae
1895 4977 1960 5026 sua
1977 4956 2085 5026 etiam
2105 4954 2277 5026 ducerent

467 5071 561 5130 Μ
644 5087 785 5162 sutrio:
810 5083 967 5160 sollertis
980 5083 1016 5156 iu
1030 5107 1151 5167 unum,
1168 5089 1299 5178 quanta
1316 5098 1456 5178 poterat
1481 5081 1720 5164 festinatione,
1741 5079 1870 5150 recidis
1883 5079 1969 5162 suis,
1991 5101 2124 5170 uuopex
2136 5076 2278 5173 adjuto-

646 5213 745 5288 ribus
773 5228 809 5286 et
825 5209 936 5284 urere
959 5208 1007 5282 ad
1039 5207 1235 5284 custodiam
1265 5207 1390 5280 domus
1423 5205 1561 5283 relicto.
1586 5229 1629 5279 ex
1659 5202 1789 5299 oppido
1820 5203 1856 5274 in
1879 5227 1994 5300 pagos
2022 5227 2062 5276 sc
2094 5202 2275 5275 auserunt.
