4936 6658
657 760 718 830 382
1047 761 1321 829 nuulululnon
1343 764 1664 832 00011111101111
1686 765 1939 830 HISTORIARUM

653 946 768 1044 glosis
784 945 928 1024 familiae
941 948 1185 1046 confugerant.
1207 949 1307 1026 Nulli
1324 951 1525 1026 mortalium
1541 949 1640 1023 locus
1659 946 1887 1045 Regiomonti
1900 943 2084 1042 angustior
2096 943 2163 1018 fuit
2175 965 2283 1042 quam

660 1073 777 1148 Sociis
798 1072 1019 1150 :incivitate
1042 1074 1207 1150 videlicet
1224 1085 1330 1152 sectae
1361 1077 1516 1173 jamdiu
1546 1075 1697 1149 addictae
1717 1072 1948 1148 lutheranicae
1970 1070 2087 1144 :inter
2099 1070 2282 1146 ministros

655 1197 736 1272 illos
753 1198 990 1295 praedicantes
1011 1207 1046 1274 01
1063 1202 1284 1276 academicos
1303 1203 1508 1298 magistros,
1533 1201 1663 1297 scripto
1677 1222 1824 1296 nupera
1841 1197 1973 1271 nostris
1991 1194 2275 1290 commonitosp).

657 1323 697 1400 Iu
726 1330 883 1420 egestate
899 1323 949 1397 ibi
969 1324 1112 1401 exulum
1128 1327 1276 1401 istorum
1293 1335 1328 1402 01
1347 1329 1515 1401 aerumnis
1531 1326 1711 1401 miseratio
1730 1322 1841 1411 nulla,
1872 1323 1956 1418 quin
1973 1319 2159 1393 acerbiora
2172 1320 2280 1394 etiam

655 1447 761 1523 exilio
780 1447 942 1538 dicteria,
959 1450 1047 1537 ludi,
1075 1452 1230 1549 iujuriae.
1259 1453 1313 1524 Ibi
1337 1453 1414 1549 Jam
1436 1451 1632 1525 nostrinon
1666 1449 1816 1546 papistee
1846 1445 1963 1530 modo,
1990 1445 2136 1540 aliisque
2160 1445 2277 1540 magis

654 1573 860 1668 vulgaribus
879 1598 924 1648 ex
941 1576 1155 1650 contumelia
1189 1577 1469 1672 cognominibus,
1499 1578 1563 1650 sed
1593 1575 1758 1671 Pagodes
1784 1574 1890 1648 etiam
1925 1571 2093 1667 Tilignei,
2124 1567 2278 1644 Lindani

656 1697 809 1773 cultores
828 1698 914 1771 idoli
932 1699 1067 1794 (Beatae
1081 1700 1212 1774 scilicet
1241 1701 1412 1796 Virginis)
1442 1701 1551 1796 vulgo
1568 1700 1726 1774 vocitati.
1760 1700 1851 1772 Tum
1876 1720 1961 1770 vero
1978 1695 2166 1768 vexatione
2180 1693 2276 1765 omni

653 1821 814 1895 acerbius
837 1831 926 1910 erat,
956 1823 1076 1898 videre
1101 1825 1240 1911 multos,
1274 1825 1440 1898 incolumi
1469 1849 1581 1921 nuper
1620 1825 1837 1898 Polonorum
1871 1820 2051 1918 republica
2081 1815 2277 1894 'catholicos

653 1945 747 2032 11100,
763 1954 871 2043 atque
888 1947 978 2021 adeo
996 1949 1216 2044 professione
1229 1951 1407 2046 praecipua
1424 1950 1602 2022 ministros
1619 1948 1699 2033 Dei,
1721 1947 1882 2020 homines
1896 1944 2067 2028 initiatos,
2079 1943 2157 2040 J'am
2173 1940 2278 2014 hodie

654 2068 702 2143 ad
722 2079 856 2145 sectam
868 2073 1036 2168 perfugas
1053 2073 1319 2162 lutheranicam,
1336 2075 1375 2146 in
1387 2073 1606 2148 coutumeliis
1625 2072 1804 2146 nostriset
1821 2070 1958 2165 injuriis
1976 2067 2152 2142 assentari
2165 2067 2277 2139 haere·

478 2209 598 2268 eutholi-
654 2193 733 2268 ticis
747 2195 936 2270 serviliter.
965 2198 1054 2270 Haec
1068 2199 1206 2295 aliaque
1225 2198 1433 2272 detestanda
1452 2221 1560 2294 agere
1578 2221 1650 2271 non
1668 2196 1882 2270 verebantur
1900 2216 1977 2281 sua,
2000 2192 2185 2266 effraenata
2202 2191 2276 2284 qui·

478 2292 625 2427 ζζᾞζ
654 2317 813 2415 damper
827 2321 1057 2408 occasionem,
1073 2322 1220 2396 lascivia
1237 2349 1244 2396 :
1266 2321 1760 2419 quidamperimbecillitatem
1774 2319 1892 2408 animi;
1906 2325 2000 2394 metu
2013 2317 2274 2398 haereticorum,

478 2447 613 2506 10101111
649 2443 863 2539 jactantium
888 2467 927 2518 se
939 2453 1014 2518 tum
1026 2448 1237 2542 protervius,
1254 2447 1458 2534 catholicos,
1478 2471 1565 2544 quos
1578 2447 1742 2520 fortiores
1765 2443 1901 2541 experti
1918 2449 2049 2527 essent,
2071 2439 2276 2516 vexantium

478 2528 573 2584 'mm'
653 2569 843 2644 hostiliter.
864 2572 999 2667 Itaque,
1016 2574 1152 2646 subacti
1169 2574 1219 2660 hi,
1238 2573 1463 2648 lascivientes
1476 2573 1541 2658 illi,
1562 2573 1673 2659 ibant,
1694 2593 1763 2666 quo
1782 2593 1909 2645 senon
1936 2568 1991 2643 sui
2004 2568 2087 2642 boni
2099 2572 2273 2664 pastores

656 2693 723 2769 sed
739 2697 922 2770 abactores
939 2705 975 2770 01
991 2697 1179 2772 victimarii
1200 2706 1380 2794 cogerent,
1397 2699 1444 2771 ad
1464 2697 1548 2771 fana
1564 2697 1796 2784 lutheranica,
1817 2695 1864 2769 ad
1880 2695 2042 2791 popinas,
2068 2692 2115 2766 ad
2129 2713 2275 2788 ganeas.

651 2823 802 2898 Frustra
815 2824 952 2898 miseris
969 2824 1096 2899 fuimus
1113 2827 1304 2900 monitores
1323 2853 1330 2899 :
1352 2827 1622 2924 contemptiores
1639 2825 1716 2920 jam
1733 2824 1829 2922 plebi
1847 2824 1953 2898 etiam
1976 2820 2163 2896 catholicae
2182 2819 2220 2892 in
2234 2839 2277 2890 ea

627 2947 848 3022 ‘humilitate
881 2957 1015 3038 nostra,
1052 2974 1156 3047 quam
1189 2975 1344 3048 unquam
1378 2947 2056 3052 0110οι0101111111011110110110110
2088 2944 2272 3042 principis

652 3080 814 3146 amanter
833 3073 992 3170 Collegia
1021 3084 1142 3150 nostra
1159 3077 1326 3151 Varmica
1355 3100 1467 3174 nuper
1485 3075 1678 3171 dignantis.
1716 3075 1827 3148 Pauci
1849 3074 1943 3147 inter
1968 3062 2048 3146 haec
2076 3068 2276 3143 hortatibus

654 3198 848 3294 studiisque
865 3200 1009 3286 nostris,
1025 3201 1172 3296 triginta
1187 3225 1259 3275 non
1279 3201 1398 3299 plures
1415 3201 1632 3275 acatholicis
1649 3200 1857 3294 transfugae,
1882 3198 1927 3270 ad
1942 3195 2187 3294 poenitentiam
2204 3201 2277 3266 tra·

652 3320 748 3395 ducti
768 3323 939 3396 :totidem
949 3323 1024 3398 fere
1041 3325 1086 3397 ab
1104 3324 1284 3421 impietate
1301 3326 1525 3400 lutheranica
1541 3323 1588 3398 ad
1603 3325 1812 3420 religionem
1829 3321 1997 3396 revocati.
2026 3317 2278 3415 Respectanti·

652 3444 720 3519 bus
733 3448 838 3520 anxie
851 3470 895 3522 ex
911 3446 972 3520 illo
986 3449 1180 3522 diversorio
1191 3451 1369 3547 inhospito
1383 3473 1485 3524 suam
1500 3449 1613 3524 Sociis
1626 3449 1856 3546 provinciam,
1872 3467 2102 3540 rumoresque
2117 3442 2275 3526 interim,

653 3568 714 3665 qui
730 3569 776 3644 ab
792 3569 864 3644 illis
881 3571 1088 3667 regionibus
1105 3573 1279 3662 efflarent,
1300 3575 1535 3672 captantibus,
1568 3581 1713 3670 repente
1727 3575 1906 3646 Danorum
1936 3571 2044 3644 armis
2066 3567 2281 3642 Pomerania

652 3696 795 3772 Suetiea
811 3701 1039 3798 constrepuit.
1068 3701 1125 3775 Ad
1153 3711 1358 3777 vexatorem
1376 3704 1492 3800 gentis
1522 3703 1702 3776 Polonicae
1721 3702 1885 3776 Gerulum
1902 3701 2098 3776 Gustavum
2116 3707 2279 3772 averten-

653 3820 735 3896 dum
752 3825 955 3900 Fridericus
972 3851 1035 3903 rex
1052 3828 1178 3902 Daniae
1195 3832 1263 3904 hcc
1281 3829 1421 3904 nomine
1438 3831 1576 3915 tertius,
1597 3829 1669 3902 ibat
1685 3831 1723 3902 in
1737 3829 1857 3917 armis,
1874 3828 2045 3902 adversus
2056 3847 2278 3899 communem

650 3947 789 4022 hostem
802 3973 866 4046 per
877 3952 1016 4049 legatos
1034 3962 1212 4029 nostrates
1241 3956 1423 4030 excitatus.
1446 3956 1500 4029 De
1522 3955 1640 4028 causis
1658 3954 1812 4050 suscepti
1838 3977 1861 4028 a
1881 3952 2018 4028 sabelli
2035 3951 2205 4026 monitum
2221 3951 2278 4046 (a),

652 4096 722 4169 qua
739 4076 896 4171 propius,
916 4078 1055 4153 hostem
1084 4078 1122 4153 in
1139 4080 1352 4156 Pomerania
1369 4081 1541 4154 adoritur.
1562 4081 1766 4175 Pugnatum
1786 4086 1884 4154 terra
1916 4078 2091 4174 marique,
2114 4076 2281 4170 utrinque

546 4293 553 4309 Ι
649 4197 791 4274 fortuna
819 4203 915 4276 vices
940 4203 1112 4278 variante.
1138 4204 1377 4281 Perduellium
1415 4205 1625 4303 coryphaeus
1651 4206 1860 4278 (losacorum
1884 4202 2158 4278 Obmieluickius
2192 4201 2280 4275 0111

475 4291 593 4430 Q*
650 4323 755 4420 hujus
772 4333 922 4422 0001110
941 4329 1044 4424 junio
1059 4327 1219 4426 disperiit
1232 4329 1437 4428 Ozechryni,
1456 4331 1494 4402 in
1507 4330 1680 4403 cineribus
1694 4328 1821 4427 perditi
1836 4328 1891 4402 sui
1900 4327 2033 4400 tribuni
2047 4325 2279 4400 Zlotorenka.

475 4456 610 4516 11111111.
653 4448 745 4529 Quid
760 4456 835 4523 tum
847 4451 937 4526 illel
970 4477 1015 4528 ne
1031 4463 1189 4530 mortuus
1218 4455 1359 4551 quidem
1388 4455 1575 4552 acquievit,
1591 4455 1651 4528 diu
1669 4460 1847 4550 superstes
1873 4453 1911 4524 in
1938 4452 2053 4524 suisa
2082 4450 2285 4548 Zaporovia

651 4569 862 4652 latronibus
883 4579 1134 4655 Deficientibus
1152 4581 1245 4667 aliis,
1276 4581 1336 4677 qui
1354 4580 1466 4654 serius
1495 4581 1601 4654 etiam
1625 4603 1664 4654 se
1687 4577 1971 4662 commovissent,
2000 4576 2099 4649 furor
2130 4575 2285 4650 istorum

655 4703 835 4796 comprimi
849 4725 921 4778 non
938 4707 1062 4804 potuit.
1086 4705 1347 4781 Praedabantur
1376 4705 1606 4780 communiter
1634 4730 1712 4780 cum
1730 4703 1910 4779 Vullacbis
1927 4704 1995 4778 hoc
2012 4725 2106 4778 anuo
2125 4703 2284 4777 maxime

657 4822 696 4898 in
714 4826 887 4902 Polessia.

690 4971 738 5058 (l)
759 4976 869 5038 Libello
880 4978 923 5040 sic
933 4979 1069 5057 inscripto
1087 4998 1095 5044 :
1111 4981 1221 5055 oiuymi
1234 4978 1473 5042 Hermanovillaui
1489 4976 1682 5051 Aristarchus,
1709 4981 1744 5040 ad
1760 4975 1884 5040 illustres
1900 4977 2081 5040 academicos
2106 4975 2291 5052 Regiomou·

650 5090 745 5156 tanos,
764 5101 838 5146 auno
851 5087 941 5149 1113.
960 5120 996 5132 -
1013 5085 1058 5171 (1)
1069 5088 1133 5152 Vid.
1144 5089 1285 5166 scripum
1297 5091 1432 5152 Danieum
1451 5118 1457 5152 :
1473 5090 1654 5154 lusfoeciale
1670 5087 1892 5150 0110101111ἰο
1917 5091 1944 5150 11
1966 5091 2071 5150 bellum
2094 5089 2291 5152 001110810-

601 5273 603 5278 ,
649 5209 700 5255 000
718 5191 1418 5275 1111010100000111110·1010110110001101151.
