4906 6642
615 765 656 828 22
985 765 1259 827 LITUANICARUM
1282 767 1494 828 SOClETATlS
1515 767 1601 829 Just]
1625 765 1877 826 HlSTORlAllUM

447 965 511 1020 1568
621 978 638 1009 α
659 950 792 1034 sciens;
829 949 887 1044 qui
912 954 1009 1021 tuam
1039 949 1132 1043 apud
1158 955 1322 1044 parentes
1358 971 1516 1044 meaeque
1548 949 1643 1044 fugae
1673 950 1831 1022 dicturus
1863 949 1912 1020 sis
1943 972 2101 1024 causam.
2131 951 2238 1026 Com-

620 1104 637 1135 «
658 1074 816 1147 meminit
840 1074 937 1156 item,
965 1073 1048 1167 quid
1073 1074 1181 1145 durus
1210 1073 1286 1169 ipse
1316 1072 1448 1146 dolenti
1476 1073 1698 1168 responderit
1720 1074 1861 1146 :abiret
1884 1074 1922 1146 in
1952 1075 2082 1148 malam
2107 1087 2241 1173 pestem

620 1227 637 1258 κ
656 1193 855 1292 malumque
881 1196 1094 1283 cruciatum;
1118 1231 1134 1263 n
1151 1197 1319 1269 amissum
1345 1198 1464 1292 itaque
1492 1196 1635 1270 fratrem
1653 1198 1869 1292 profugisse;
1885 1221 1999 1293 neque
2025 1200 2107 1273 sciri
2122 1224 2238 1296 posse.

618 1319 679 1392 ubi
705 1320 928 1414 quaerendus
949 1342 1019 1414 qua
1036 1322 1291 1394 consectandus
1308 1321 1356 1393 sit
1374 1309 1464 1393 vita.
1480 1320 1673 1393 Sollicitum
1696 1321 1816 1394 eadem
1842 1344 1899 1394 res
1924 1321 2049 1396 habuit
2068 1324 2240 1397 Kember-

618 1444 743 1516 kerum
768 1443 871 1527 adeo,
890 1451 930 1514 ut
945 1443 1099 1516 hariolos
1119 1443 1224 1517 etiam
1251 1443 1356 1516 homo
1384 1445 1561 1540 improbus
1580 1451 1768 1539 quaereret,
1789 1451 1894 1540 atque
1916 1445 2097 1519 inventam
2115 1447 2246 1521 alicubi·

619 1567 827 1639 voratricem
844 1566 1063 1652 consuleret;
1092 1588 1136 1639 ex
1153 1567 1228 1661 ipsa
1246 1568 1400 1662 cognito,
1423 1567 1637 1641 Stanislaum
1653 1567 1853 1662 Augustam
1878 1575 1976 1642 recta
2006 1572 2217 1644 contendere
2232 1598 2240 1657 ;

618 1696 720 1762 nocte
746 1689 903 1785 proxima
929 1689 1100 1774 incerto,
1129 1691 1223 1785 quod
1249 1692 1476 1776 nominasset,
1497 1692 1692 1765 diversorio
1710 1692 1897 1786 quievisse,
1917 1715 1992 1765 rem
2020 1694 2092 1766 suis
2119 1702 2243 1768 narrat

618 1812 831 1886 domesticis.
858 1813 934 1884 Nec
961 1836 1087 1886 mora:
1108 1815 1288 1909 postridie,
1318 1815 1431 1911 primo
1459 1817 1574 1888 statim
1600 1815 1765 1902 diluculo,
1793 1815 1926 1888 Paulus
1956 1816 2189 1903 Bielinskius,
2209 1826 2245 1892 et

619 1937 884 2010 Kamberkerus
904 1960 983 2008 cum
1008 1936 1150 2010 famulis
1168 1960 1330 2033 prorsum
1355 1940 1555 2034 Augustam
1581 1941 1816 2035 praecipitant,
1835 1963 1877 2012 ac
1900 1940 2088 2034 fugitivum
2105 1943 2245 2037 quidem

618 2062 669 2134 illi
700 2068 957 2160 assequuntur;
986 2061 1061 2147 sed,
1083 2061 1172 2134 miro
1199 2086 1267 2158 quo
1300 2065 1417 2136 nescio
1448 2064 1615 2137 divinitus
1645 2066 1820 2138 obtectum
1851 2065 1944 2152 velo,
1965 2089 2029 2161 pro
2054 2067 2244 2162 ignorabili

619 2187 762 2258 homulo
787 2184 1048 2280 praetervolant.
1070 2185 1152 2258 lam
1177 2188 1237 2259 ubi
1254 2189 1424 2260 denorum
1449 2189 1529 2284 plus
1554 2188 1702 2260 millium
1726 2188 1964 2262 decurrissent
1987 2189 2151 2283 spatium,
2173 2198 2246 2264 tum

621 2311 770 2406 denique
794 2311 840 2382 ad
871 2310 1022 2403 speciem
1052 2311 1196 2384 viatoris
1222 2313 1395 2407 praeteriti
1424 2313 1579 2386 animum
1600 2315 1853 2386 adverterunt:
1877 2341 1894 2372 κ
1923 2321 1998 2385 tum
2028 2314 2246 2390 Stanislaum

624 2465 640 2497 u
661 2436 802 2508 omnino
819 2435 934 2507 visum
951 2434 1183 2530 relictumque
1211 2437 1305 2510 inter
1330 2461 1368 2511 se
1380 2439 1528 2533 jurant:
1549 2461 1627 2511 eam
1646 2459 1724 2510 esse
1749 2445 1931 2520 staturam,
1951 2462 2031 2511 eum
2059 2437 2132 2509 oris
2149 2439 2247 2512 habi·

446 2619 584 2689 rugaru-
623 2589 640 2622 α
660 2567 747 2644 tum,
768 2560 861 2631 hunc
878 2559 1070 2644 incessum,
1090 2583 1204 2655 neque
1234 2561 1366 2634 frustra
1390 2584 1466 2656 prae
1492 2585 1530 2634 se
1553 2561 1603 2634 sic
1616 2584 1764 2656 puerum
1781 2560 1978 2634 festinasse.
1991 2597 2017 2628 a
2037 2561 2135 2656 Ergo
2151 2569 2246 2636 retro

447 2699 481 2754 rii
506 2699 594 2754 optor·
620 2687 754 2781 majore
779 2687 884 2758 etiam
909 2684 1134 2758 festinatione
1164 2685 1341 2780 agitantur
1366 2685 1584 2781 quadrijugi;
1618 2686 1679 2758 sed
1709 2685 1892 2780 agitantur
1919 2687 1995 2780 jam
2020 2686 2150 2759 frustra
2171 2712 2179 2759 :
2200 2687 2247 2759 ita

446 2781 565 2850 pssunt
620 2816 766 2905 repente
779 2816 1025 2895 consternatae,
1045 2814 1084 2880 ut
1101 2831 1147 2881 ne
1166 2809 1209 2882 de
1229 2809 1378 2904 vestigio
1398 2809 1539 2903 quidem
1564 2809 1775 2882 clamoribus
1804 2816 1950 2904 possent
1975 2809 2247 2905 verberibusque

620 2934 843 3018 commoveri,
865 2956 1051 3028 generosae
1079 2940 1246 3006 caeterum
1263 2939 1299 3006 et
1315 2917 1484 3006 aliorsum
1508 2933 1653 3019 alacres,
1676 2933 1816 3007 belluae.
1838 2933 1916 3013 Qua
1932 2957 1971 3006 re
1986 2933 2023 3004 in
2041 2933 2248 3030 religionem

622 3084 740 3146 versa,
760 3069 916 3134 metuere
946 3059 1011 3131 sibi
1037 3059 1242 3133 veredarius
1270 3067 1511 3156 vectoresque,
1542 3066 1705 3155 portento
1736 3058 1931 3144 conterriti,
1951 3067 1987 3132 et
2014 3061 2248 3156 persequendi

624 3184 794 3256 desistere
812 3182 973 3255 consiliu.

674 3306 873 3381 Stanislaus
899 3307 944 3378 ab
970 3305 1056 3400 ipsis
1083 3305 1232 3376 Viennae
1255 3306 1429 3378 moenibus
1455 3304 1505 3376 sio
1520 3303 1720 3386 ¹festinavit,
1748 3311 1787 3375 ut
1812 3300 2013 3396 Augustam
2037 3310 2164 3376 octavo
2193 3305 2248 3378 die

454 3455 579 3511 uescitur
626 3430 799 3526 aspirarit,
821 3430 903 3502 hinc
920 3428 1087 3524 postridie
1105 3428 1285 3523 Dilingam
1303 3429 1348 3500 ad
1368 3427 1558 3500 Cauisium.
1580 3429 1622 3499 In
1638 3427 1705 3499 hoc
1729 3427 1856 3500 itinere
1872 3426 1993 3499 refecit
2010 3426 2157 3500 mirifice
2176 3450 2250 3501 ser·

454 3538 490 3672 31¹2
506 3539 601 3671 {iffi
629 3554 774 3626 vuluum
806 3577 909 3626 suum
940 3553 1049 3626 Deus.
1077 3553 1343 3646 supplicaturus
1363 3551 1436 3636 ille,
1470 3552 1694 3645 animumque
1724 3573 1824 3622 sacro
1854 3541 2076 3623 recreaturus
2105 3551 2246 3636 viatico,
2293 3613 2296 3620 ,

630 3679 772 3752 divertit
800 3679 836 3748 in
865 3677 977 3750 aedem
995 3702 1003 3762 ;
1024 3699 1129 3771 quam
1155 3683 1296 3771 putarat
1325 3675 1577 3748 catholicorum
1608 3697 1686 3747 esse
1716 3673 1898 3768 templum,
1930 3675 2052 3745 fanum
2082 3677 2250 3770 comperit

453 3807 603 3899 unagein
630 3786 893 3880 Lateranicum.
915 3802 984 3874 Hic
1002 3825 1080 3874 cum
1097 3802 1271 3896 objectum
1289 3823 1444 3873 errorem
1462 3800 1557 3871 videt
1574 3798 1749 3892 doletque,
1771 3820 1852 3869 ecce
1870 3797 2054 3880 Stanisla0,
2067 3800 2144 3893 Jam
2162 3801 2250 3874 bene

455 3903 595 4036 ζᾝξζζᾷο
630 3928 754 4001 abillo
781 3928 902 4000 morbo
921 3925 1066 4022 cogniti,
1088 3925 1222 3998 coelites
1248 3924 1356 4019 genii,
1378 3945 1500 3996 rursus
1533 3921 1584 3992 illi
1607 3921 1765 3994 convivio
1793 3945 1855 3993 suo
1882 3930 2044 3994 recreant
2067 3923 2248 4036 juvenem.

632 4052 785 4148 Dilingae
803 4061 967 4147 acceptus
986 4075 1008 4122 a
1027 4050 1181 4133 Cauisio,
1200 4050 1236 4120 in
1255 4048 1443 4122 seminario
1467 4049 1637 4142 juvenum
1654 4044 1836 4128 nobilium,
1857 4045 1948 4118 dicto
1967 4047 2004 4119 S.
2027 4047 2247 4144 Hieronymi,

632 4177 853 4271 experiendae
871 4175 1010 4248 virtutis
1027 4197 1147 4258 causa,
1171 4173 1374 4246 collocatur.
1397 4151 1494 4243 Duas
1507 4171 1556 4242 ibi
1571 4169 1808 4242 hebdomadas
1826 4170 1862 4240 in
1877 4169 2078 4243 ministeriis
2096 4171 2250 4243 humilli-

631 4303 697 4374 mis
723 4308 822 4373 tauta
848 4320 926 4372 cum
954 4297 1123 4372 modestia
1141 4296 1377 4391 etdiligentia
1405 4302 1575 4379 versatus
1594 4302 1632 4366 ut
1649 4293 1810 4366 omnibus
1836 4317 1907 4366 nou
1933 4295 2092 4390 exemplo
2114 4303 2248 4369 tantum

631 4425 749 4510 fuerit,
766 4426 827 4498 sed
845 4425 951 4498 etiam
970 4422 1138 4496 miraculo
1153 4447 1161 4508 ;
1178 4421 1311 4497 edoctis
1328 4421 1478 4492 maxime
1497 4419 1539 4492 de
1557 4419 1739 4491 nobilitate
1757 4418 1933 4513 peregrini
1947 4426 1983 4490 et
1997 4420 2120 4515 opibus
2135 4429 2251 4516 pater·

632 4549 700 4640 nis.
717 4550 869 4622 Tentata
887 4549 971 4620 satis
989 4545 1221 4620 adolescentis
1239 4544 1444 4627 constantia,
1464 4564 1531 4638 quo
1556 4542 1697 4636 longius
1710 4541 1803 4614 absit
1821 4544 2079 4638 aparentibus,
2101 4545 2252 4618 Romam

634 4671 842 4746 Stanislaum
861 4678 1043 4766 promovet
1060 4671 1234 4753 Canisius,
1255 4693 1334 4742 cum
1352 4669 1488 4740 duobus
1507 4691 1526 4740 e
1544 4667 1718 4739 Societate
1743 4665 1950 4740 comitibus:
1973 4668 2139 4741 Reinerio
2165 4670 2254 4742 Leo-

456 4824 565 4892 Duinga
633 4797 758 4882 diensi,
780 4795 966 4868 rhetoricae
980 4795 1163 4888 magistro,
1184 4801 1219 4866 et
1234 4795 1256 4866 J
1260 4794 1370 4866 acobo
1388 4792 1560 4876 Levant0,
1578 4790 1768 4863 Genuensi.
1780 4791 1883 4863 Anno
1902 4793 2255 4879 taudem1567‚toto

458 4913 566 5002 nomam
634 4921 679 4992 ab
698 4922 784 4993 urbe
800 4919 994 4993 Viennensi
1012 4919 1137 4990 itinere
1153 4918 1302 5016 pedibus
1318 4917 1474 4989 consecto
1493 4923 1572 5008 post
1589 4937 1766 4986 aerumnas
1785 4922 1820 4988 et
1834 4915 2003 5009 pericula,
2023 4917 2096 4988 voti
2113 4940 2255 5011 compos

457 4995 553 5061 perpe.
637 5045 693 5115 8νο
711 5044 882 5116 kalendas
895 5042 1102 5116 novembres
1115 5042 1344 5136 triumphavit
1363 5040 1506 5135 gaudio,
1528 5038 1697 5111 deductus
1714 5039 1750 5109 in
1768 5047 1907 5132 portum
1924 5039 2115 5113 voluntatis
2135 5063 2209 5112 suae
2221 5041 2257 5137 (ι)

673 5192 722 5274 (l)
740 5197 814 5253 l'sal.
834 5197 903 5256 tut.
919 5212 943 5254 v.
961 5195 1008 5254 ΞΟ.
