4930 6634
697 778 805 839 LIBER
828 779 966 840 SEXTUS
987 778 1198 855 (toto-1620).
1721 784 1782 851 255

157 972 294 1054 natum,
330 967 522 1066 propositis
545 967 710 1042 remediis
728 967 941 1042 salutaribus
962 995 971 1054 ;
999 989 1096 1063 aeger
1128 965 1311 1039 fastidiose
1336 967 1450 1062 rejicit
1475 967 1662 1054 medicum,
1676 971 1781 1044 fasti-
1807 989 1871 1043 roro
1892 979 1902 1014 '¹

158 1091 292 1166 diosius
320 1093 541 1166 medicinam.
574 1091 754 1188 Repulsus
783 1091 935 1165 monitor
964 1091 1054 1164 redit
1072 1090 1253 1186 postridie,
1274 1096 1393 1162 monet
1415 1090 1522 1163 etiam
1542 1098 1650 1187 atque
1674 1093 1781 1166 etiam

157 1218 393 1314 pervicacem,
415 1217 522 1292 saluti
540 1240 614 1290 suae
627 1224 666 1289 ut
683 1215 860 1302 consulat;
877 1222 1099 1311 respuentem
1113 1215 1261 1288 consilia
1279 1222 1315 1288 et
1332 1215 1462 1286 monita
1475 1214 1598 1288 revisit
1614 1217 1777 1300 tertium;

158 1341 328 1437 quidquid
347 1342 508 1437 pereunti
521 1341 690 1437 prodesse
703 1348 854 1435 poterat,
870 1339 993 1412 dolens
1007 1339 1247 1433 miseransque
1265 1337 1473 1411 medicinam
1486 1339 1594 1410 animi
1610 1362 1722 1434 aegro,
1737 1363 1780 1414 ac

156 1489 248 1562 pene
256 1467 334 1561 jam
349 1465 571 1548 moribundo,
588 1463 689 1537 dictis
704 1486 808 1559 quam
822 1463 1038 1536 suavissimis
1050 1464 1225 1558 propinat.
1242 1461 1317 1542 Ille,
1331 1471 1370 1534 ut
1383 1487 1527 1536 aversus
1541 1464 1588 1538 ad
1600 1473 1778 1561 contemp·

157 1599 232 1663 tum
246 1590 440 1665 sacerdotis
451 1589 607 1686 jacebat,
625 1595 757 1662 retorto
783 1587 896 1673 vultu,
916 1587 1026 1660 oculis
1052 1589 1197 1660 Patrem
1214 1589 1361 1660 intuitus
1375 1588 1568 1662 minacibus
1593 1613 1600 1660 :
1622 1589 1705 1684 quin
1724 1597 1777 1674 tu,

157 1715 284 1811 inquit,
305 1715 351 1788 ad
370 1737 494 1788 corvos
512 1713 590 1786 abis
612 1736 691 1784 cum
707 1719 781 1798 tua,
802 1735 907 1805 quam
933 1711 1074 1793 suades,
1095 1711 1327 1797 consessione,
1353 1713 1519 1808 bipedum
1540 1714 1777 1809 nequissime;

159 1862 231 1910 non
249 1839 477 1923 committam,
498 1845 537 1909 ut
562 1835 668 1909 hodie
694 1843 732 1906 tu
759 1835 801 1907 de
827 1858 883 1907 me
908 1835 1002 1931 apud
1020 1834 1160 1908 sodales
1184 1843 1264 1909 tuos
1287 1837 1493 1932 triumphes.
1516 1838 1688 1932 Suprema
1704 1837 1783 1912 haec

158 1962 321 2036 scelerati
338 1987 406 2037 vox
426 1962 567 2058 juvenis
584 1960 650 2033 luit
670 1985 678 2033 :
702 1982 782 2030 mox
807 1958 1013 2031 ardentibus
1031 1957 1154 2044 oculis,
1175 1959 1372 2034 truculento
1393 1960 1505 2046 vultu,
1528 1984 1686 2057 spumam
1708 1986 1782 2057 prae

159 2087 212 2158 ira
236 2087 413 2182 bilemque
439 2085 623 2170 mandens
659 2083 813 2156 animam
844 2081 1009 2154 evomuit.
1730 2095 1734 2102 ·
1880 2173 1886 2197 ί

208 2211 275 2283 His
307 2208 412 2292 adde,
431 2208 525 2290 licet,
546 2207 724 2302 flagitium
744 2204 901 2279 mulieris
919 2214 954 2278 et
971 2204 1180 2300 supplicium
1201 2231 1209 2277 ε
1230 2195 1352 2302 excipe
1368 2214 1486 2280 tamen
1504 2217 1664 2293 mortem,
1685 2203 1778 2283 eam-
1807 2169 1937 2310 γπὲή,

159 2357 226 2429 que
243 2332 433 2408 violentam
459 2355 502 2404 ac
519 2331 804 2425 sanguinariam
825 2329 888 2402 sed
904 2329 1096 2402 feliciorem
1119 2329 1228 2402 multo
1242 2352 1329 2416 eam,
1347 2354 1451 2425 quam
1468 2331 1562 2405 illius
1578 2333 1777 2408 Vendensis
1805 2328 1941 2455 ffillqw

158 2458 245 2530 asoti
258 2457 379 2529 suerit.
393 2456 588 2552 Pepererat
600 2455 747 2548 innupta
756 2452 793 2525 in
807 2476 891 2548 agro
906 2452 1087 2524 Varsaviae
1101 2454 1313 2536 suburbano,
1330 2477 1398 2547 quo
1411 2477 1463 2538 se,
1479 2456 1624 2550 periculi
1638 2458 1779 2531 conscio
1804 2417 1933 2544 pdnillld-

156 2583 318 2676 proximi,
340 2580 431 2654 elam
449 2581 670 2666 contulerat3
690 2579 761 2663 hic,
782 2587 877 2651 metu
895 2578 1068 2674 prodendi
1084 2579 1225 2674 flagitii,
1245 2581 1367 2654 loetum
1384 2581 1509 2656 salices
1521 2584 1613 2656 inter
1635 2609 1776 2681 vepres·
1803 2557 1849 2616 ψ’

158 2727 223 2800 que
237 2706 410 2792 destituit,
426 2703 531 2777 morti
561 2704 664 2777 facile
685 2702 876 2776 obnoxium
893 2726 901 2773 ε
917 2703 1037 2797 itaque
1063 2703 1130 2776 sibi
1144 2703 1309 2776 defuncta
1316 2704 1391 2799 jam
1405 2706 1559 2799 periculo
1577 2707 1772 2796 videbatur,
1890 2797 1891 2800 Ἴ

158 2829 408 2924 gaudebatque
421 2829 457 2900 in
476 2829 555 2900 sinu
574 2849 717 2900 reversa
735 2827 889 2898 domum.
911 2825 959 2898 At
975 2849 1148 2922 nusquam
1165 2836 1251 2900 tutae
1278 2828 1403 2918 sceleri
1420 2838 1502 2900 sunt
1520 2827 1665 2904 latebrae
1683 2857 1691 2904 :
1713 2855 1779 2907 neo

157 2951 276 3048 ignem
293 2953 426 3036 tunica,
447 2949 541 3046 quod
555 2949 767 3023 Plutarchus
785 2949 891 3022 etiam
908 2959 1039 3033 monet,
1061 2970 1126 3020 nec
1142 2957 1245 3047 turpe
1262 2950 1427 3024 delictum
1445 2961 1602 3050 tempore
1620 2957 1779 3032 occulta·
1857 2955 1879 3040 ’,
1903 2963 1904 2968 ’

156 3077 262 3148 veris.
286 3074 374 3148 Cum
390 3073 595 3169 imprudens
613 3073 758 3145 foemina
776 3095 849 3143 rem
889 3094 986 3144 suam
1004 3072 1040 3142 in
1071 3078 1146 3144 tuto
1172 3074 1218 3169 (in
1247 3074 1319 3146 illis
1349 3074 1482 3149 scilicet
1509 3078 1685 3174 vepribus)
1703 3102 1780 3155 esse

157 3209 270 3298 putat,
292 3224 373 3275 ecce
386 3201 451 3274 tibi
469 3223 580 3294 vagus
595 3201 695 3272 mirae
708 3198 964 3294 magnitudinis
982 3200 1080 3271 canis
1095 3199 1184 3272 rictu
1197 3199 1409 3273 infantulum
1427 3223 1471 3272 ex
1488 3224 1574 3297 agro
1589 3203 1628 3275 in
1641 3206 1777 3290 urbem,
1807 3255 1948 3310 peratum

157 3334 322 3420 rectaque
340 3324 479 3396 domum
494 3323 600 3396 affert
615 3324 660 3395 ad
678 3345 903 3418 puerperam,
923 3322 1097 3394 sarcinam
1110 3322 1259 3394 illaesam
1272 3322 1416 3418 deponit
1428 3329 1511 3398 ante
1523 3327 1645 3398 matris
1658 3327 1778 3422 pedes,
1807 3334 1874 3426 runo
1898 3349 1955 3402 rw·

158 3449 360 3523 domesticis
373 3449 503 3521 circum
517 3446 773 3543 spectantibus.
791 3446 919 3518 Mirari
933 3469 1055 3518 omnes
1066 3471 1073 3518 :
1083 3446 1173 3541 ipsa,
1190 3446 1317 3542 flagitii
1330 3449 1483 3532 conscia,
1493 3450 1620 3524 mulier
1631 3447 1778 3546 pallere,
1809 3412 1897 3545 ἓξὲξ]

158 3580 251 3647 etse
275 3595 446 3669 suumque
465 3571 597 3644 crimen
615 3570 776 3666 prodere.
803 3570 931 3641 Vincta
948 3577 1011 3654 est,
1030 3569 1236 3666 addictaque
1254 3573 1456 3667 suspendio.
1478 3574 1719 3670 Praeparanda
1736 3578 1782 3648 ad

157 3697 368 3794 supplicium
399 3719 493 3768 curae
523 3695 704 3768 Sociorum
731 3694 1007 3767 commendatur.
1037 3695 1209 3790 Respexit
1238 3695 1403 3768 miseram
1432 3675 1631 3772 misericors
1656 3700 1780 3774 Deus:

156 3821 210 3894 ita
235 3822 311 3894 haec
342 3819 553 3894 sententiam
579 3818 716 3899 mortis,
744 3817 796 3888 ita
822 3823 968 3889 mortem
1001 3818 1137 3913 excepit
1174 3819 1331 3906 foemina,
1365 3827 1404 3892 ut
1433 3844 1508 3894 suae
1536 3821 1646 3895 tristis
1669 3845 1784 3896 scenae

155 3952 374 4040 spectatores
404 3943 440 4014 in
468 3939 737 4014 admirationem
771 3963 937 4034 magnam
975 3942 1185 4015 traduxerit.
1227 3943 1308 4038 lpsa
1350 3967 1452 4016 suum
1490 3944 1629 4039 publice
1661 3945 1784 4022 dolens

153 4068 349 4142 damnabat
366 4065 486 4138 scelus
509 4065 608 4160 :ipsa
627 4088 701 4136 suae
725 4063 893 4136 laudabat
912 4063 1088 4136 decretum
1121 4067 1229 4138 necis.
1251 4067 1454 4160 Deprecans
1476 4068 1655 4152 mortales,
1676 4091 1784 4142 orans

155 4193 286 4278 Deum,
325 4215 369 4264 ne
394 4197 543 4287 peccata
573 4213 638 4262 sua
670 4189 815 4262 aeternis
832 4223 838 4234 ·
855 4194 1025 4261 mactaret
1058 4191 1253 4285 suppliciis,
1291 4193 1418 4264 tortori
1449 4193 1603 4266 cervices
1630 4193 1785 4268 subdidit

155 4339 292 4410 magno
312 4317 443 4390 animo.
1860 4380 1893 4435 43

214 4440 383 4512 Panormi
404 4438 492 4511 XVI
506 4437 680 4511 kalendas
706 4437 884 4532 quintiles,
905 4436 960 4507 vir
979 4436 1016 4506 in
1034 4433 1157 4528 primis
1175 4433 1219 4508 de
1240 4435 1399 4508 Lituanis
1418 4439 1548 4511 nostris
1564 4439 1658 4516 bene
1679 4445 1783 4518 meri·
1811 4461 1842 4514 r.
1856 4459 1919 4514 car-

157 4571 237 4649 tuS,
257 4563 299 4637 P.
320 4564 342 4635 J
347 4583 481 4635 oannes
495 4561 699 4633 Carminata
717 4560 810 4633 curis
824 4559 1074 4653 laboribusque
1087 4557 1170 4630 vitae
1180 4558 1339 4632 mortalis
1352 4559 1535 4633 destructus
1548 4571 1614 4636 est.
1633 4565 1700 4638 Hic
1714 4575 1779 4654 est,
1797 4541 1935 4696 {sm

156 4711 182 4760 a
201 4711 272 4782 quo
290 4686 428 4760 dimissi
457 4686 564 4759 etiam
583 4711 626 4759 ex
652 4686 828 4759 Societate
846 4684 1000 4756 salutare
1018 4682 1155 4776 possint
1172 4687 1293 4776 petere
1310 4683 1518 4778 exemplum.
1542 4688 1689 4762 Juvenis
1707 4692 1780 4778 ille,

157 4812 356 4907 mobilique
389 4833 452 4906 per
470 4817 610 4882 aetatem
629 4809 785 4903 ingenio,
817 4832 894 4880 cum
912 4809 1005 4880 inter
1019 4805 1209 4879 Societatis
1235 4807 1367 4881 tirones
1387 4808 1503 4883 adhuc
1517 4823 1731 4902 versaretur,
1747 4817 1784 4889 in
1811 4802 1920 4934 nrmnqr

156 4960 230 5010 suo
246 4937 364 5010 nescio
379 4935 464 5031 quid
480 4943 652 5030 pertaesus
671 4935 754 5006 vitae
769 4933 943 5018 instituto,
973 4931 1125 5003 obtentis
1151 4931 1268 5002 causis
1295 4930 1342 5002 ad
1358 4935 1511 5028 speciem
1532 4937 1647 5028 justis,
1664 4939 1783 5014 dimis-
1809 4895 1955 5017 ldllblm

155 5059 298 5133 sionem
327 5059 590 5154 impetraverat.
611 5058 743 5129 Errare
764 5079 845 5128 mox
862 5054 1095 5151 deprehenso,
1115 5055 1404 5150 factipoenitens,
1435 5068 1471 5132 ut
1488 5085 1589 5136 suum
1618 5067 1780 5142 restitus·
1808 5039 1881 5094 ἀπ’·

156 5191 264 5258 retur
276 5184 311 5256 in
325 5182 454 5271 locum,
475 5183 635 5280 precibus
652 5179 727 5276 egit
755 5179 979 5277 supplicibus.
1001 5179 1193 5274 Receptus,
1214 5201 1292 5252 eam
1317 5181 1483 5256 continuo
1512 5185 1696 5281 ingressus
1727 5199 1782 5265 est
1850 5217 1855 5227 ¹
