<?xml version="1.0" encoding="UTF-8"?>
<!DOCTYPE html PUBLIC "-//W3C//DTD XHTML 1.0 Transitional//EN"
    "http://www.w3.org/TR/xhtml1/DTD/xhtml1-transitional.dtd">
<html xmlns="http://www.w3.org/1999/xhtml" xml:lang="en" lang="en">
 <head>
  <title>
</title>
<meta http-equiv="Content-Type" content="text/html;charset=utf-8" />
  <meta name='ocr-system' content='tesseract 3.04.00' />
  <meta name='ocr-capabilities' content='ocr_page ocr_carea ocr_par ocr_line ocrx_word'/>
</head>
<body>
  <div class='ocr_page' id='page_1' title='image "./lituanicarumsoc00rostgoog_0336.png"; bbox 0 0 4930 6634; ppageno 0'>
   <div class='ocr_carea' id='block_1_1' title="bbox 679 773 1795 856">
    <p class='ocr_par' dir='ltr' id='par_1_1' title="bbox 679 773 1795 856">
     <span class='ocr_line' id='line_1_1' title="bbox 679 773 1795 856; baseline 0 -20"><span class='ocrx_word' id='word_1_1' title='bbox 679 776 787 838; x_wconf 81' lang='lat' dir='ltr'><strong>LlBER</strong></span> <span class='ocrx_word' id='word_1_2' title='bbox 810 775 973 837; x_wconf 81' lang='lat' dir='ltr'>OCTAVUS</span> <span class='ocrx_word' id='word_1_3' title='bbox 992 773 1207 856; x_wconf 78' lang='lat' dir='ltr'><strong>(toto-toto).</strong></span> <span class='ocrx_word' id='word_1_4' title='bbox 1734 773 1795 839; x_wconf 89' lang='grc'><strong>309</strong></span> 
     </span>
    </p>
   </div>
   <div class='ocr_carea' id='block_1_2' title="bbox 170 957 1976 1676">
    <p class='ocr_par' dir='ltr' id='par_1_2' title="bbox 170 957 1976 1676">
     <span class='ocr_line' id='line_1_2' title="bbox 170 957 1889 1055; baseline -0.006 -22"><span class='ocrx_word' id='word_1_5' title='bbox 170 963 333 1035; x_wconf 91' lang='lat' dir='ltr'><strong>homines</strong></span> <span class='ocrx_word' id='word_1_6' title='bbox 355 963 464 1044; x_wconf 91' lang='lat' dir='ltr'><strong>istos;</strong></span> <span class='ocrx_word' id='word_1_7' title='bbox 486 961 545 1054; x_wconf 90' lang='lat' dir='ltr'><strong>qui</strong></span> <span class='ocrx_word' id='word_1_8' title='bbox 563 961 636 1032; x_wconf 86' lang='lat' dir='ltr'><strong>vita</strong></span> <span class='ocrx_word' id='word_1_9' title='bbox 653 961 721 1055; x_wconf 91' lang='lat' dir='ltr'><strong>ipsi</strong></span> <span class='ocrx_word' id='word_1_10' title='bbox 739 960 882 1032; x_wconf 91' lang='lat' dir='ltr'><strong>omnino</strong></span> <span class='ocrx_word' id='word_1_11' title='bbox 899 959 1034 1054; x_wconf 79' lang='lat' dir='ltr'>agresti</span> <span class='ocrx_word' id='word_1_12' title='bbox 1052 967 1183 1042; x_wconf 82' lang='lat' dir='ltr'>essent,</span> <span class='ocrx_word' id='word_1_13' title='bbox 1204 981 1391 1052; x_wconf 81' lang='lat' dir='ltr'><strong>rerumque</strong></span> <span class='ocrx_word' id='word_1_14' title='bbox 1408 959 1563 1030; x_wconf 91' lang='lat' dir='ltr'><strong>omnium</strong></span> <span class='ocrx_word' id='word_1_15' title='bbox 1580 957 1759 1032; x_wconf 90' lang='lat' dir='ltr'><strong>rudissimi</strong></span> <span class='ocrx_word' id='word_1_16' title='bbox 1781 985 1789 1032; x_wconf 92' lang='lat'>:</span> <span class='ocrx_word' id='word_1_17' title='bbox 1825 971 1889 1024; x_wconf 79' lang='lat'>1633</span> 
     </span>
     <span class='ocr_line' id='line_1_3' title="bbox 172 1047 1957 1181; baseline 0 -25"><span class='ocrx_word' id='word_1_18' title='bbox 172 1085 295 1179; x_wconf 88' lang='lat' dir='ltr'><strong>quales</strong></span> <span class='ocrx_word' id='word_1_19' title='bbox 312 1085 446 1158; x_wconf 88' lang='lat' dir='ltr'><strong>scilicet</strong></span> <span class='ocrx_word' id='word_1_20' title='bbox 462 1085 499 1155; x_wconf 93' lang='lat' dir='ltr'><strong>in</strong></span> <span class='ocrx_word' id='word_1_21' title='bbox 516 1083 604 1178; x_wconf 90' lang='lat' dir='ltr'><strong>ipsis</strong></span> <span class='ocrx_word' id='word_1_22' title='bbox 620 1091 722 1157; x_wconf 92' lang='lat' dir='ltr'><strong>erant</strong></span> <span class='ocrx_word' id='word_1_23' title='bbox 739 1084 900 1177; x_wconf 84' lang='lat' dir='ltr'><strong>magistri</strong></span> <span class='ocrx_word' id='word_1_24' title='bbox 917 1083 1030 1177; x_wconf 88' lang='lat' dir='ltr'><strong>plebis</strong></span> <span class='ocrx_word' id='word_1_25' title='bbox 1048 1090 1084 1155; x_wconf 91' lang='lat' dir='ltr'><strong>et</strong></span> <span class='ocrx_word' id='word_1_26' title='bbox 1094 1081 1255 1176; x_wconf 90' lang='lat' dir='ltr'><strong>jndices;</strong></span> <span class='ocrx_word' id='word_1_27' title='bbox 1287 1082 1346 1176; x_wconf 90' lang='lat' dir='ltr'><strong>qui</strong></span> <span class='ocrx_word' id='word_1_28' title='bbox 1364 1104 1556 1175; x_wconf 89' lang='lat' dir='ltr'><strong>nunquam,</strong></span> <span class='ocrx_word' id='word_1_29' title='bbox 1581 1082 1651 1155; x_wconf 89' lang='lat' dir='ltr'><strong>nisi</strong></span> <span class='ocrx_word' id='word_1_30' title='bbox 1675 1084 1798 1178; x_wconf 89' lang='lat' dir='ltr'><strong>primis</strong></span> <span class='ocrx_word' id='word_1_31' title='bbox 1824 1047 1957 1181; x_wconf 53' lang='lat' dir='ltr'><strong>{ssffi</strong></span> 
     </span>
     <span class='ocr_line' id='line_1_4' title="bbox 172 1201 1934 1305; baseline -0.001 -25"><span class='ocrx_word' id='word_1_32' title='bbox 172 1209 258 1305; x_wconf 88' lang='lat' dir='ltr'><strong>ipsis</strong></span> <span class='ocrx_word' id='word_1_33' title='bbox 288 1209 472 1280; x_wconf 87' lang='lat' dir='ltr'><strong>Paschatis</strong></span> <span class='ocrx_word' id='word_1_34' title='bbox 498 1201 623 1280; x_wconf 85' lang='lat' dir='ltr'><strong>diebus</strong></span> <span class='ocrx_word' id='word_1_35' title='bbox 649 1205 888 1280; x_wconf 83' lang='lat' dir='ltr'><strong>confessiones</strong></span> <span class='ocrx_word' id='word_1_36' title='bbox 908 1206 1168 1301; x_wconf 88' lang='lat' dir='ltr'><strong>poenitentium,</strong></span> <span class='ocrx_word' id='word_1_37' title='bbox 1200 1227 1332 1300; x_wconf 91' lang='lat' dir='ltr'><strong>easque</strong></span> <span class='ocrx_word' id='word_1_38' title='bbox 1358 1205 1408 1276; x_wconf 91' lang='lat' dir='ltr'><strong>sic</strong></span> <span class='ocrx_word' id='word_1_39' title='bbox 1438 1212 1688 1300; x_wconf 84' lang='lat' dir='ltr'><strong>exceptarent:</strong></span> <span class='ocrx_word' id='word_1_40' title='bbox 1716 1205 1799 1300; x_wconf 89' lang='lat' dir='ltr'><strong>quia</strong></span> <span class='ocrx_word' id='word_1_41' title='bbox 1824 1204 1934 1294; x_wconf 57' lang='lat' dir='ltr'><strong>umqum</strong></span> 
     </span>
     <span class='ocr_line' id='line_1_5' title="bbox 171 1282 1975 1428; baseline -0.004 -22"><span class='ocrx_word' id='word_1_42' title='bbox 171 1332 276 1428; x_wconf 91' lang='lat' dir='ltr'><strong>paulo</strong></span> <span class='ocrx_word' id='word_1_43' title='bbox 294 1330 514 1426; x_wconf 81' lang='lat' dir='ltr'><strong>frequentior</strong></span> <span class='ocrx_word' id='word_1_44' title='bbox 531 1339 606 1402; x_wconf 93' lang='lat' dir='ltr'><strong>tum</strong></span> <span class='ocrx_word' id='word_1_45' title='bbox 623 1330 729 1425; x_wconf 86' lang='lat' dir='ltr'><strong>quam</strong></span> <span class='ocrx_word' id='word_1_46' title='bbox 752 1330 840 1403; x_wconf 86' lang='lat' dir='ltr'><strong>alias</strong></span> <span class='ocrx_word' id='word_1_47' title='bbox 858 1331 906 1403; x_wconf 87' lang='lat' dir='ltr'><strong>ad</strong></span> <span class='ocrx_word' id='word_1_48' title='bbox 922 1329 1091 1428; x_wconf 88' lang='lat' dir='ltr'><strong>templum</strong></span> <span class='ocrx_word' id='word_1_49' title='bbox 1110 1329 1335 1402; x_wconf 88' lang='lat' dir='ltr'><strong>convenisset</strong></span> <span class='ocrx_word' id='word_1_50' title='bbox 1361 1328 1532 1424; x_wconf 91' lang='lat' dir='ltr'><strong>populus,</strong></span> <span class='ocrx_word' id='word_1_51' title='bbox 1553 1329 1614 1424; x_wconf 93' lang='lat' dir='ltr'><strong>qui</strong></span> <span class='ocrx_word' id='word_1_52' title='bbox 1638 1329 1799 1402; x_wconf 89' lang='lat' dir='ltr'><strong>confiteri</strong></span> <span class='ocrx_word' id='word_1_53' title='bbox 1825 1282 1975 1420; x_wconf 50' lang='grc' dir='ltr'><strong>ῗῗξοιξέζζ,</strong></span> 
     </span>
     <span class='ocr_line' id='line_1_6' title="bbox 171 1441 1976 1573; baseline -0.003 -45"><span class='ocrx_word' id='word_1_54' title='bbox 171 1456 314 1540; x_wconf 84' lang='lat' dir='ltr'><strong>vellent,</strong></span> <span class='ocrx_word' id='word_1_55' title='bbox 335 1453 472 1550; x_wconf 91' lang='lat' dir='ltr'><strong>septeni</strong></span> <span class='ocrx_word' id='word_1_56' title='bbox 502 1453 629 1527; x_wconf 87' lang='lat' dir='ltr'><strong>donive</strong></span> <span class='ocrx_word' id='word_1_57' title='bbox 658 1455 793 1550; x_wconf 90' lang='lat' dir='ltr'><strong>pariter</strong></span> <span class='ocrx_word' id='word_1_58' title='bbox 826 1477 849 1526; x_wconf 88' lang='lat' dir='ltr'><strong>a</strong></span> <span class='ocrx_word' id='word_1_59' title='bbox 875 1455 1082 1550; x_wconf 89' lang='lat' dir='ltr'><strong>presbytero</strong></span> <span class='ocrx_word' id='word_1_60' title='bbox 1107 1453 1153 1524; x_wconf 91' lang='lat' dir='ltr'><strong>ad</strong></span> <span class='ocrx_word' id='word_1_61' title='bbox 1183 1451 1340 1526; x_wconf 86' lang='lat' dir='ltr'><strong>tribunal</strong></span> <span class='ocrx_word' id='word_1_62' title='bbox 1366 1453 1604 1537; x_wconf 79' lang='lat' dir='ltr'><strong>vocabantnr3</strong></span> <span class='ocrx_word' id='word_1_63' title='bbox 1628 1458 1736 1546; x_wconf 88' lang='lat' dir='ltr'><strong>atque</strong></span> <span class='ocrx_word' id='word_1_64' title='bbox 1751 1453 1799 1524; x_wconf 91' lang='lat' dir='ltr'><strong>ita</strong></span> <span class='ocrx_word' id='word_1_65' title='bbox 1825 1441 1976 1573; x_wconf 53' lang='lat' dir='ltr'><strong>{lfffi</strong></span> 
     </span>
     <span class='ocr_line' id='line_1_7' title="bbox 171 1577 1942 1676; baseline 0 -24"><span class='ocrx_word' id='word_1_66' title='bbox 171 1581 347 1676; x_wconf 83' lang='lat' dir='ltr'><strong>gregatim</strong></span> <span class='ocrx_word' id='word_1_67' title='bbox 381 1604 425 1653; x_wconf 85' lang='lat' dir='ltr'><strong>ex</strong></span> <span class='ocrx_word' id='word_1_68' title='bbox 457 1581 558 1652; x_wconf 88' lang='lat' dir='ltr'><strong>denis</strong></span> <span class='ocrx_word' id='word_1_69' title='bbox 590 1580 790 1676; x_wconf 83' lang='lat' dir='ltr'><strong>septenisve</strong></span> <span class='ocrx_word' id='word_1_70' title='bbox 820 1579 939 1665; x_wconf 89' lang='lat' dir='ltr'><strong>simul,</strong></span> <span class='ocrx_word' id='word_1_71' title='bbox 959 1603 1046 1652; x_wconf 84' lang='lat' dir='ltr'><strong>voce</strong></span> <span class='ocrx_word' id='word_1_72' title='bbox 1076 1579 1188 1661; x_wconf 88' lang='lat' dir='ltr'><strong>clara,</strong></span> <span class='ocrx_word' id='word_1_73' title='bbox 1223 1578 1451 1674; x_wconf 75' lang='lat' dir='ltr'><strong>quaerebatur</strong></span> <span class='ocrx_word' id='word_1_74' title='bbox 1477 1600 1551 1650; x_wconf 91' lang='lat' dir='ltr'><strong>:an</strong></span> <span class='ocrx_word' id='word_1_75' title='bbox 1576 1577 1644 1650; x_wconf 92' lang='lat' dir='ltr'><strong>hoc</strong></span> <span class='ocrx_word' id='word_1_76' title='bbox 1668 1577 1800 1650; x_wconf 85' lang='lat' dir='ltr'><strong>illudve</strong></span> <span class='ocrx_word' id='word_1_77' title='bbox 1827 1599 1942 1654; x_wconf 69' lang='lat' dir='ltr'><strong>emon.</strong></span> 
     </span>
    </p>
   </div>
   <div class='ocr_carea' id='block_1_3' title="bbox 171 1701 1978 5153">
    <p class='ocr_par' dir='ltr' id='par_1_3' title="bbox 171 1701 1978 5153">
     <span class='ocr_line' id='line_1_8' title="bbox 173 1701 1801 1798; baseline -0.002 -20"><span class='ocrx_word' id='word_1_78' title='bbox 173 1708 306 1779; x_wconf 83' lang='lat' dir='ltr'><strong>crimen</strong></span> <span class='ocrx_word' id='word_1_79' title='bbox 329 1704 574 1778; x_wconf 84' lang='lat' dir='ltr'><strong>admisissent.</strong></span> <span class='ocrx_word' id='word_1_80' title='bbox 610 1703 876 1783; x_wconf 85' lang='lat' dir='ltr'><strong>Quaestionibus</strong></span> <span class='ocrx_word' id='word_1_81' title='bbox 905 1703 983 1776; x_wconf 90' lang='lat' dir='ltr'><strong>istis</strong></span> <span class='ocrx_word' id='word_1_82' title='bbox 1013 1705 1050 1774; x_wconf 94' lang='lat' dir='ltr'><strong>in</strong></span> <span class='ocrx_word' id='word_1_83' title='bbox 1080 1702 1329 1778; x_wconf 75' lang='lat' dir='ltr'><strong>t⁵erecundiam</strong></span> <span class='ocrx_word' id='word_1_84' title='bbox 1355 1703 1511 1787; x_wconf 89' lang='lat' dir='ltr'><strong>adducti,</strong></span> <span class='ocrx_word' id='word_1_85' title='bbox 1538 1703 1721 1798; x_wconf 83' lang='lat' dir='ltr'><strong>negabant</strong></span> <span class='ocrx_word' id='word_1_86' title='bbox 1748 1701 1801 1774; x_wconf 93' lang='lat' dir='ltr'><strong>illi</strong></span> 
     </span>
     <span class='ocr_line' id='line_1_9' title="bbox 171 1825 1800 1924; baseline -0.004 -20"><span class='ocrx_word' id='word_1_87' title='bbox 171 1831 426 1915; x_wconf 86' lang='lat' dir='ltr'><strong>communiter;</strong></span> <span class='ocrx_word' id='word_1_88' title='bbox 447 1830 568 1922; x_wconf 88' lang='lat' dir='ltr'><strong>itaque</strong></span> <span class='ocrx_word' id='word_1_89' title='bbox 594 1851 658 1924; x_wconf 92' lang='lat' dir='ltr'><strong>pro</strong></span> <span class='ocrx_word' id='word_1_90' title='bbox 684 1828 752 1902; x_wconf 89' lang='lat' dir='ltr'><strong>rite</strong></span> <span class='ocrx_word' id='word_1_91' title='bbox 777 1828 951 1902; x_wconf 85' lang='lat' dir='ltr'><strong>absolutis</strong></span> <span class='ocrx_word' id='word_1_92' title='bbox 968 1829 1244 1901; x_wconf 85' lang='lat' dir='ltr'><strong>dimittebantur.</strong></span> <span class='ocrx_word' id='word_1_93' title='bbox 1267 1830 1355 1907; x_wconf 85' lang='lat' dir='ltr'><strong>Qnae</strong></span> <span class='ocrx_word' id='word_1_94' title='bbox 1380 1837 1451 1900; x_wconf 86' lang='lat' dir='ltr'><strong>tam</strong></span> <span class='ocrx_word' id='word_1_95' title='bbox 1477 1827 1586 1900; x_wconf 91' lang='lat' dir='ltr'><strong>stulta</strong></span> <span class='ocrx_word' id='word_1_96' title='bbox 1611 1825 1731 1922; x_wconf 92' lang='lat' dir='ltr'><strong>populi</strong></span> <span class='ocrx_word' id='word_1_97' title='bbox 1749 1827 1800 1898; x_wconf 91' lang='lat' dir='ltr'><strong>in·</strong></span> 
     </span>
     <span class='ocr_line' id='line_1_10' title="bbox 172 1928 1801 2046; baseline -0.004 -19"><span class='ocrx_word' id='word_1_98' title='bbox 172 1955 311 2027; x_wconf 90' lang='lat' dir='ltr'><strong>stitutio</strong></span> <span class='ocrx_word' id='word_1_99' title='bbox 337 1952 517 2046; x_wconf 88' lang='lat' dir='ltr'><strong>magistris</strong></span> <span class='ocrx_word' id='word_1_100' title='bbox 534 1952 666 2024; x_wconf 91' lang='lat' dir='ltr'><strong>nostris</strong></span> <span class='ocrx_word' id='word_1_101' title='bbox 692 1952 770 2046; x_wconf 86' lang='lat' dir='ltr'><strong>ipsa</strong></span> <span class='ocrx_word' id='word_1_102' title='bbox 795 1928 903 2025; x_wconf 88' lang='lat' dir='ltr'><strong>etiam</strong></span> <span class='ocrx_word' id='word_1_103' title='bbox 929 1973 994 2023; x_wconf 92' lang='lat' dir='ltr'><strong>sna</strong></span> <span class='ocrx_word' id='word_1_104' title='bbox 1020 1950 1273 2025; x_wconf 88' lang='lat' dir='ltr'><strong>consuetudine</strong></span> <span class='ocrx_word' id='word_1_105' title='bbox 1303 1952 1556 2024; x_wconf 80' lang='lat' dir='ltr'><strong>correctionem</strong></span> <span class='ocrx_word' id='word_1_106' title='bbox 1580 1950 1664 2024; x_wconf 88' lang='lat' dir='ltr'><strong>fecit</strong></span> <span class='ocrx_word' id='word_1_107' title='bbox 1681 1949 1801 2022; x_wconf 89' lang='lat' dir='ltr'><strong>diffici-</strong></span> 
     </span>
     <span class='ocr_line' id='line_1_11' title="bbox 172 2074 1801 2172; baseline -0.001 -22"><span class='ocrx_word' id='word_1_108' title='bbox 172 2079 258 2152; x_wconf 86' lang='lat' dir='ltr'><strong>lem.</strong></span> <span class='ocrx_word' id='word_1_109' title='bbox 280 2077 460 2151; x_wconf 85' lang='lat' dir='ltr'><strong>lndustria</strong></span> <span class='ocrx_word' id='word_1_110' title='bbox 486 2077 620 2172; x_wconf 92' lang='lat' dir='ltr'><strong>utique,</strong></span> <span class='ocrx_word' id='word_1_111' title='bbox 649 2085 686 2148; x_wconf 88' lang='lat' dir='ltr'><strong>et</strong></span> <span class='ocrx_word' id='word_1_112' title='bbox 713 2076 898 2150; x_wconf 88' lang='lat' dir='ltr'><strong>dulcedine</strong></span> <span class='ocrx_word' id='word_1_113' title='bbox 924 2075 1108 2148; x_wconf 84' lang='lat' dir='ltr'><strong>medicinae</strong></span> <span class='ocrx_word' id='word_1_114' title='bbox 1133 2074 1297 2146; x_wconf 88' lang='lat' dir='ltr'><strong>salutaris</strong></span> <span class='ocrx_word' id='word_1_115' title='bbox 1323 2074 1525 2169; x_wconf 81' lang='lat' dir='ltr'><strong>degustata,</strong></span> <span class='ocrx_word' id='word_1_116' title='bbox 1546 2075 1682 2149; x_wconf 89' lang='lat' dir='ltr'><strong>inducti</strong></span> <span class='ocrx_word' id='word_1_117' title='bbox 1707 2084 1801 2158; x_wconf 90' lang='lat' dir='ltr'><strong>sunt,</strong></span> 
     </span>
     <span class='ocr_line' id='line_1_12' title="bbox 174 2198 1804 2296; baseline -0.001 -22"><span class='ocrx_word' id='word_1_118' title='bbox 174 2212 214 2275; x_wconf 93' lang='lat' dir='ltr'><strong>ut</strong></span> <span class='ocrx_word' id='word_1_119' title='bbox 232 2203 280 2274; x_wconf 91' lang='lat' dir='ltr'><strong>ad</strong></span> <span class='ocrx_word' id='word_1_120' title='bbox 299 2225 391 2286; x_wconf 88' lang='lat' dir='ltr'><strong>earn,</strong></span> <span class='ocrx_word' id='word_1_121' title='bbox 419 2225 441 2275; x_wconf 90' lang='lat' dir='ltr'><strong>a</strong></span> <span class='ocrx_word' id='word_1_122' title='bbox 460 2201 590 2276; x_wconf 91' lang='lat' dir='ltr'><strong>nostris</strong></span> <span class='ocrx_word' id='word_1_123' title='bbox 616 2201 867 2296; x_wconf 89' lang='lat' dir='ltr'><strong>accipiendam,</strong></span> <span class='ocrx_word' id='word_1_124' title='bbox 895 2198 987 2271; x_wconf 87' lang='lat' dir='ltr'><strong>alius</strong></span> <span class='ocrx_word' id='word_1_125' title='bbox 1013 2198 1123 2270; x_wconf 92' lang='lat' dir='ltr'><strong>alium</strong></span> <span class='ocrx_word' id='word_1_126' title='bbox 1140 2198 1344 2282; x_wconf 90' lang='lat' dir='ltr'><strong>invitarent,</strong></span> <span class='ocrx_word' id='word_1_127' title='bbox 1366 2199 1493 2273; x_wconf 86' lang='lat' dir='ltr'><strong>deinde</strong></span> <span class='ocrx_word' id='word_1_128' title='bbox 1509 2209 1581 2273; x_wconf 83' lang='lat' dir='ltr'><strong>tam</strong></span> <span class='ocrx_word' id='word_1_129' title='bbox 1604 2201 1804 2296; x_wconf 88' lang='lat' dir='ltr'><strong>frequentes</strong></span> 
     </span>
     <span class='ocr_line' id='line_1_13' title="bbox 173 2321 1804 2421; baseline -0.002 -21"><span class='ocrx_word' id='word_1_130' title='bbox 173 2336 437 2411; x_wconf 83' lang='lat' dir='ltr'><strong>concurrerent,</strong></span> <span class='ocrx_word' id='word_1_131' title='bbox 466 2333 519 2408; x_wconf 92' lang='lat' dir='ltr'><strong>ut,</strong></span> <span class='ocrx_word' id='word_1_132' title='bbox 540 2333 625 2421; x_wconf 93' lang='lat' dir='ltr'><strong>quot</strong></span> <span class='ocrx_word' id='word_1_133' title='bbox 642 2325 766 2396; x_wconf 89' lang='lat' dir='ltr'><strong>diebus</strong></span> <span class='ocrx_word' id='word_1_134' title='bbox 791 2323 905 2407; x_wconf 85' lang='lat' dir='ltr'><strong>festis,</strong></span> <span class='ocrx_word' id='word_1_135' title='bbox 926 2345 948 2394; x_wconf 89' lang='lat' dir='ltr'><strong>a</strong></span> <span class='ocrx_word' id='word_1_136' title='bbox 973 2322 1085 2417; x_wconf 91' lang='lat' dir='ltr'><strong>primo</strong></span> <span class='ocrx_word' id='word_1_137' title='bbox 1103 2321 1257 2394; x_wconf 91' lang='lat' dir='ltr'><strong>diluculo</strong></span> <span class='ocrx_word' id='word_1_138' title='bbox 1275 2321 1323 2393; x_wconf 90' lang='lat' dir='ltr'><strong>ad</strong></span> <span class='ocrx_word' id='word_1_139' title='bbox 1339 2346 1446 2395; x_wconf 85' lang='lat' dir='ltr'><strong>unam</strong></span> <span class='ocrx_word' id='word_1_140' title='bbox 1464 2345 1486 2394; x_wconf 95' lang='lat' dir='ltr'><strong>a</strong></span> <span class='ocrx_word' id='word_1_141' title='bbox 1502 2324 1648 2396; x_wconf 90' lang='lat' dir='ltr'><strong>meridie</strong></span> <span class='ocrx_word' id='word_1_142' title='bbox 1666 2333 1702 2397; x_wconf 91' lang='lat' dir='ltr'><strong>et</strong></span> <span class='ocrx_word' id='word_1_143' title='bbox 1716 2324 1804 2397; x_wconf 92' lang='lat' dir='ltr'><strong>alte·</strong></span> 
     </span>
     <span class='ocr_line' id='line_1_14' title="bbox 173 2446 1928 2545; baseline -0.006 -22"><span class='ocrx_word' id='word_1_144' title='bbox 173 2473 251 2523; x_wconf 89' lang='lat' dir='ltr'><strong>ram</strong></span> <span class='ocrx_word' id='word_1_145' title='bbox 268 2453 395 2523; x_wconf 91' lang='lat' dir='ltr'><strong>horam</strong></span> <span class='ocrx_word' id='word_1_146' title='bbox 412 2449 659 2545; x_wconf 89' lang='lat' dir='ltr'><strong>poenitentium</strong></span> <span class='ocrx_word' id='word_1_147' title='bbox 678 2470 845 2520; x_wconf 90' lang='lat' dir='ltr'><strong>numerus</strong></span> <span class='ocrx_word' id='word_1_148' title='bbox 864 2446 1001 2518; x_wconf 88' lang='lat' dir='ltr'><strong>absolvi</strong></span> <span class='ocrx_word' id='word_1_149' title='bbox 1027 2446 1087 2516; x_wconf 85' lang='lat' dir='ltr'><strong>vix</strong></span> <span class='ocrx_word' id='word_1_150' title='bbox 1113 2453 1243 2539; x_wconf 88' lang='lat' dir='ltr'><strong>posset.</strong></span> <span class='ocrx_word' id='word_1_151' title='bbox 1897 2468 1928 2522; x_wconf 84' lang='lat'><strong>16</strong></span> 
     </span>
     <span class='ocr_line' id='line_1_15' title="bbox 223 2545 1977 2679; baseline -0.003 -32"><span class='ocrx_word' id='word_1_152' title='bbox 223 2575 417 2648; x_wconf 91' lang='lat' dir='ltr'><strong>Lomsense</strong></span> <span class='ocrx_word' id='word_1_153' title='bbox 436 2573 632 2667; x_wconf 87' lang='lat' dir='ltr'><strong>Collegium</strong></span> <span class='ocrx_word' id='word_1_154' title='bbox 657 2563 771 2643; x_wconf 90' lang='lat' dir='ltr'><strong>amisit</strong></span> <span class='ocrx_word' id='word_1_155' title='bbox 790 2579 972 2666; x_wconf 90' lang='lat' dir='ltr'><strong>parentem</strong></span> <span class='ocrx_word' id='word_1_156' title='bbox 998 2593 1113 2653; x_wconf 92' lang='lat' dir='ltr'><strong>suum,</strong></span> <span class='ocrx_word' id='word_1_157' title='bbox 1136 2569 1221 2641; x_wconf 82' lang='lat' dir='ltr'><strong>vitae</strong></span> <span class='ocrx_word' id='word_1_158' title='bbox 1248 2568 1372 2641; x_wconf 89' lang='lat' dir='ltr'><strong>officiis</strong></span> <span class='ocrx_word' id='word_1_159' title='bbox 1389 2577 1425 2641; x_wconf 90' lang='lat' dir='ltr'><strong>et</strong></span> <span class='ocrx_word' id='word_1_160' title='bbox 1442 2570 1574 2641; x_wconf 90' lang='lat' dir='ltr'><strong>sanctis</strong></span> <span class='ocrx_word' id='word_1_161' title='bbox 1600 2570 1801 2642; x_wconf 90' lang='lat' dir='ltr'><strong>muneribus</strong></span> <span class='ocrx_word' id='word_1_162' title='bbox 1827 2545 1977 2679; x_wconf 53' lang='lat' dir='ltr'><strong>ffi&#39;ffif’*</strong></span> 
     </span>
     <span class='ocr_line' id='line_1_16' title="bbox 173 2692 1963 2803; baseline -0.006 -33"><span class='ocrx_word' id='word_1_163' title='bbox 173 2699 265 2772; x_wconf 92' lang='lat' dir='ltr'><strong>bene</strong></span> <span class='ocrx_word' id='word_1_164' title='bbox 299 2697 515 2779; x_wconf 81' lang='lat' dir='ltr'><strong>defunctum.</strong></span> <span class='ocrx_word' id='word_1_165' title='bbox 548 2694 728 2768; x_wconf 83' lang='lat' dir='ltr'><strong>Andream</strong></span> <span class='ocrx_word' id='word_1_166' title='bbox 764 2692 1087 2778; x_wconf 83' lang='lat' dir='ltr'><strong>Novodvorskium,</strong></span> <span class='ocrx_word' id='word_1_167' title='bbox 1119 2693 1414 2765; x_wconf 90' lang='lat' dir='ltr'><strong>Posnaniensium</strong></span> <span class='ocrx_word' id='word_1_168' title='bbox 1446 2695 1657 2780; x_wconf 89' lang='lat' dir='ltr'><strong>antistitem;</strong></span> <span class='ocrx_word' id='word_1_169' title='bbox 1689 2693 1802 2766; x_wconf 87' lang='lat' dir='ltr'><strong>virum</strong></span> <span class='ocrx_word' id='word_1_170' title='bbox 1828 2705 1963 2803; x_wconf 36' lang='lat' dir='ltr'><strong>datoris.</strong></span> 
     </span>
     <span class='ocr_line' id='line_1_17' title="bbox 173 2787 1978 2940; baseline -0.002 -46"><span class='ocrx_word' id='word_1_171' title='bbox 173 2822 259 2906; x_wconf 88' lang='lat' dir='ltr'><strong>fide,</strong></span> <span class='ocrx_word' id='word_1_172' title='bbox 294 2821 483 2916; x_wconf 89' lang='lat' dir='ltr'><strong>religione,</strong></span> <span class='ocrx_word' id='word_1_173' title='bbox 517 2820 702 2900; x_wconf 87' lang='lat' dir='ltr'><strong>modestia,</strong></span> <span class='ocrx_word' id='word_1_174' title='bbox 740 2817 958 2901; x_wconf 84' lang='lat' dir='ltr'><strong>fortitudine,</strong></span> <span class='ocrx_word' id='word_1_175' title='bbox 987 2817 1192 2911; x_wconf 88' lang='lat' dir='ltr'><strong>integritate</strong></span> <span class='ocrx_word' id='word_1_176' title='bbox 1230 2817 1513 2901; x_wconf 82' lang='lat' dir='ltr'><strong>commendabili,</strong></span> <span class='ocrx_word' id='word_1_177' title='bbox 1547 2825 1802 2914; x_wconf 86' lang='lat' dir='ltr'><strong>proptereaque</strong></span> <span class='ocrx_word' id='word_1_178' title='bbox 1828 2787 1978 2940; x_wconf 45' lang='lat' dir='ltr'><strong>31:¹23}ss</strong></span> 
     </span>
     <span class='ocr_line' id='line_1_18' title="bbox 175 2939 1943 3039; baseline -0.006 -22"><span class='ocrx_word' id='word_1_179' title='bbox 175 2946 403 3039; x_wconf 90' lang='lat' dir='ltr'><strong>Sigismundo</strong></span> <span class='ocrx_word' id='word_1_180' title='bbox 442 2944 550 3016; x_wconf 89' lang='lat' dir='ltr'><strong>etiam</strong></span> <span class='ocrx_word' id='word_1_181' title='bbox 576 2943 654 3036; x_wconf 88' lang='lat' dir='ltr'><strong>regi</strong></span> <span class='ocrx_word' id='word_1_182' title='bbox 678 2963 811 3014; x_wconf 88' lang='lat' dir='ltr'><strong>carum.</strong></span> <span class='ocrx_word' id='word_1_183' title='bbox 850 2943 979 3014; x_wconf 83' lang='lat' dir='ltr'><strong>Tribus</strong></span> <span class='ocrx_word' id='word_1_184' title='bbox 1003 2942 1070 3014; x_wconf 86' lang='lat' dir='ltr'><strong>suit</strong></span> <span class='ocrx_word' id='word_1_185' title='bbox 1095 2947 1240 3013; x_wconf 90' lang='lat' dir='ltr'><strong>ornatus</strong></span> <span class='ocrx_word' id='word_1_186' title='bbox 1271 2939 1419 3013; x_wconf 84' lang='lat' dir='ltr'><strong>infulis:</strong></span> <span class='ocrx_word' id='word_1_187' title='bbox 1454 2941 1704 3013; x_wconf 83' lang='lat' dir='ltr'><strong>Cameneoensi</strong></span> <span class='ocrx_word' id='word_1_188' title='bbox 1732 2942 1802 3035; x_wconf 89' lang='lat' dir='ltr'><strong>pri-</strong></span> <span class='ocrx_word' id='word_1_189' title='bbox 1829 2954 1943 3022; x_wconf 82' lang='lat' dir='ltr'><strong>tempus.</strong></span> 
     </span>
     <span class='ocr_line' id='line_1_19' title="bbox 173 3066 1804 3161; baseline 0.001 -20"><span class='ocrx_word' id='word_1_190' title='bbox 173 3094 283 3154; x_wconf 90' lang='lat' dir='ltr'><strong>mum,</strong></span> <span class='ocrx_word' id='word_1_191' title='bbox 303 3069 431 3143; x_wconf 90' lang='lat' dir='ltr'><strong>deinde</strong></span> <span class='ocrx_word' id='word_1_192' title='bbox 450 3068 707 3152; x_wconf 90' lang='lat' dir='ltr'><strong>Premisliensi,</strong></span> <span class='ocrx_word' id='word_1_193' title='bbox 728 3067 878 3161; x_wconf 90' lang='lat' dir='ltr'><strong>denique</strong></span> <span class='ocrx_word' id='word_1_194' title='bbox 897 3067 1153 3139; x_wconf 90' lang='lat' dir='ltr'><strong>Posnaniensi:</strong></span> <span class='ocrx_word' id='word_1_195' title='bbox 1174 3066 1335 3160; x_wconf 88' lang='lat' dir='ltr'><strong>singulas</strong></span> <span class='ocrx_word' id='word_1_196' title='bbox 1348 3066 1468 3139; x_wconf 89' lang='lat' dir='ltr'><strong>multis</strong></span> <span class='ocrx_word' id='word_1_197' title='bbox 1487 3067 1559 3139; x_wconf 92' lang='lat' dir='ltr'><strong>suis</strong></span> <span class='ocrx_word' id='word_1_198' title='bbox 1577 3068 1716 3140; x_wconf 88' lang='lat' dir='ltr'><strong>ornavit</strong></span> <span class='ocrx_word' id='word_1_199' title='bbox 1734 3092 1804 3142; x_wconf 91' lang='lat' dir='ltr'><strong>me·</strong></span> 
     </span>
     <span class='ocr_line' id='line_1_20' title="bbox 173 3189 1800 3288; baseline -0.001 -22"><span class='ocrx_word' id='word_1_200' title='bbox 173 3194 264 3278; x_wconf 90' lang='lat' dir='ltr'><strong>ritis,</strong></span> <span class='ocrx_word' id='word_1_201' title='bbox 285 3216 434 3288; x_wconf 91' lang='lat' dir='ltr'><strong>qnorum</strong></span> <span class='ocrx_word' id='word_1_202' title='bbox 461 3199 689 3264; x_wconf 91' lang='lat' dir='ltr'><strong>monumenta</strong></span> <span class='ocrx_word' id='word_1_203' title='bbox 714 3191 771 3263; x_wconf 90' lang='lat' dir='ltr'><strong>vel</strong></span> <span class='ocrx_word' id='word_1_204' title='bbox 788 3193 827 3262; x_wconf 94' lang='lat' dir='ltr'><strong>in</strong></span> <span class='ocrx_word' id='word_1_205' title='bbox 846 3190 988 3284; x_wconf 91' lang='lat' dir='ltr'><strong>templis</strong></span> <span class='ocrx_word' id='word_1_206' title='bbox 1001 3189 1058 3262; x_wconf 87' lang='lat' dir='ltr'><strong>vel</strong></span> <span class='ocrx_word' id='word_1_207' title='bbox 1080 3189 1231 3262; x_wconf 87' lang='lat' dir='ltr'><strong>inlibris</strong></span> <span class='ocrx_word' id='word_1_208' title='bbox 1248 3191 1494 3263; x_wconf 91' lang='lat' dir='ltr'><strong>historicorum</strong></span> <span class='ocrx_word' id='word_1_209' title='bbox 1511 3192 1613 3266; x_wconf 82' lang='lat' dir='ltr'><strong>facile</strong></span> <span class='ocrx_word' id='word_1_210' title='bbox 1630 3192 1800 3288; x_wconf 87' lang='lat' dir='ltr'><strong>reperias.</strong></span> 
     </span>
     <span class='ocr_line' id='line_1_21' title="bbox 175 3315 1803 3413; baseline -0.001 -22"><span class='ocrx_word' id='word_1_211' title='bbox 175 3319 289 3392; x_wconf 92' lang='lat' dir='ltr'><strong>Desiit</strong></span> <span class='ocrx_word' id='word_1_212' title='bbox 327 3317 556 3402; x_wconf 90' lang='lat' dir='ltr'><strong>Vinomontii,</strong></span> <span class='ocrx_word' id='word_1_213' title='bbox 586 3317 621 3387; x_wconf 92' lang='lat' dir='ltr'><strong>in</strong></span> <span class='ocrx_word' id='word_1_214' title='bbox 652 3339 746 3412; x_wconf 91' lang='lat' dir='ltr'><strong>pago</strong></span> <span class='ocrx_word' id='word_1_215' title='bbox 782 3315 1032 3400; x_wconf 88' lang='lat' dir='ltr'><strong>Posnaniensi,</strong></span> <span class='ocrx_word' id='word_1_216' title='bbox 1050 3315 1157 3410; x_wconf 86' lang='lat' dir='ltr'><strong>vulgo</strong></span> <span class='ocrx_word' id='word_1_217' title='bbox 1185 3319 1433 3406; x_wconf 73' lang='lat' dir='ltr'><strong>Winea-yora.</strong></span> <span class='ocrx_word' id='word_1_218' title='bbox 1460 3318 1596 3413; x_wconf 85' lang='lat' dir='ltr'><strong>Corpus</strong></span> <span class='ocrx_word' id='word_1_219' title='bbox 1631 3316 1803 3412; x_wconf 90' lang='lat' dir='ltr'><strong>sepultum</strong></span> 
     </span>
     <span class='ocr_line' id='line_1_22' title="bbox 175 3419 1822 3542; baseline 0 -28"><span class='ocrx_word' id='word_1_220' title='bbox 175 3443 379 3527; x_wconf 83' lang='lat' dir='ltr'><strong>Posnaniae‚</strong></span> <span class='ocrx_word' id='word_1_221' title='bbox 400 3443 524 3514; x_wconf 88' lang='lat' dir='ltr'><strong>subter</strong></span> <span class='ocrx_word' id='word_1_222' title='bbox 539 3440 760 3525; x_wconf 88' lang='lat' dir='ltr'><strong>sacellum,a</strong></span> <span class='ocrx_word' id='word_1_223' title='bbox 782 3462 820 3512; x_wconf 93' lang='lat' dir='ltr'><strong>se</strong></span> <span class='ocrx_word' id='word_1_224' title='bbox 838 3447 1066 3524; x_wconf 67' lang='lat' dir='ltr'><strong>exornatum</strong></span> <span class='ocrx_word' id='word_1_225' title='bbox 1093 3440 1140 3510; x_wconf 91' lang='lat' dir='ltr'><strong>ad</strong></span> <span class='ocrx_word' id='word_1_226' title='bbox 1156 3440 1250 3535; x_wconf 91' lang='lat' dir='ltr'><strong>quod</strong></span> <span class='ocrx_word' id='word_1_227' title='bbox 1273 3441 1350 3534; x_wconf 88' lang='lat' dir='ltr'><strong>ipso</strong></span> <span class='ocrx_word' id='word_1_228' title='bbox 1380 3439 1569 3542; x_wconf 89' lang='lat' dir='ltr'><strong>collegium</strong></span> <span class='ocrx_word' id='word_1_229' title='bbox 1598 3419 1822 3515; x_wconf 55' lang='lat' dir='ltr'><strong>MansionaJ</strong></span> 
     </span>
     <span class='ocr_line' id='line_1_23' title="bbox 176 3549 1961 3681; baseline -0.003 -41"><span class='ocrx_word' id='word_1_230' title='bbox 176 3569 310 3640; x_wconf 86' lang='lat' dir='ltr'><strong>riorum</strong></span> <span class='ocrx_word' id='word_1_231' title='bbox 335 3566 505 3661; x_wconf 88' lang='lat' dir='ltr'><strong>impensis</strong></span> <span class='ocrx_word' id='word_1_232' title='bbox 522 3566 596 3638; x_wconf 91' lang='lat' dir='ltr'><strong>suis</strong></span> <span class='ocrx_word' id='word_1_233' title='bbox 618 3565 781 3636; x_wconf 90' lang='lat' dir='ltr'><strong>instituit.</strong></span> <span class='ocrx_word' id='word_1_234' title='bbox 1830 3549 1883 3680; x_wconf 48' lang='lat' dir='ltr'><strong>pp,</strong></span> <span class='ocrx_word' id='word_1_235' title='bbox 1903 3623 1961 3681; x_wconf 83' lang='lat'><strong>001-</strong></span> 
     </span>
     <span class='ocr_line' id='line_1_24' title="bbox 227 3687 1953 3784; baseline 0.001 -22"><span class='ocrx_word' id='word_1_236' title='bbox 227 3693 324 3762; x_wconf 91' lang='lat' dir='ltr'><strong>Duos</strong></span> <span class='ocrx_word' id='word_1_237' title='bbox 342 3690 501 3784; x_wconf 90' lang='lat' dir='ltr'><strong>insignes</strong></span> <span class='ocrx_word' id='word_1_238' title='bbox 519 3688 723 3772; x_wconf 89' lang='lat' dir='ltr'><strong>virtutibus,</strong></span> <span class='ocrx_word' id='word_1_239' title='bbox 739 3687 899 3761; x_wconf 88' lang='lat' dir='ltr'><strong>doctrina</strong></span> <span class='ocrx_word' id='word_1_240' title='bbox 913 3695 949 3762; x_wconf 89' lang='lat' dir='ltr'><strong>et</strong></span> <span class='ocrx_word' id='word_1_241' title='bbox 966 3688 1169 3784; x_wconf 89' lang='lat' dir='ltr'><strong>eloquentia</strong></span> <span class='ocrx_word' id='word_1_242' title='bbox 1185 3689 1280 3762; x_wconf 87' lang='lat' dir='ltr'><strong>viros</strong></span> <span class='ocrx_word' id='word_1_243' title='bbox 1297 3712 1342 3762; x_wconf 86' lang='lat' dir='ltr'><strong>ex</strong></span> <span class='ocrx_word' id='word_1_244' title='bbox 1357 3688 1538 3783; x_wconf 88' lang='lat' dir='ltr'><strong>provincia</strong></span> <span class='ocrx_word' id='word_1_245' title='bbox 1563 3711 1658 3762; x_wconf 92' lang='lat' dir='ltr'><strong>mors</strong></span> <span class='ocrx_word' id='word_1_246' title='bbox 1686 3689 1805 3762; x_wconf 90' lang='lat' dir='ltr'><strong>abstu·</strong></span> <span class='ocrx_word' id='word_1_247' title='bbox 1831 3707 1908 3762; x_wconf 71' lang='lat' dir='ltr'><strong>nenia</strong></span> <span class='ocrx_word' id='word_1_248' title='bbox 1925 3711 1953 3763; x_wconf 80' lang='lat' dir='ltr'><strong>et</strong></span> 
     </span>
     <span class='ocr_line' id='line_1_25' title="bbox 175 3785 1977 3898; baseline -0.001 -12"><span class='ocrx_word' id='word_1_249' title='bbox 175 3813 218 3886; x_wconf 90' lang='lat' dir='ltr'><strong>lit</strong></span> <span class='ocrx_word' id='word_1_250' title='bbox 237 3839 244 3886; x_wconf 93' lang='lat'><strong>:</strong></span> <span class='ocrx_word' id='word_1_251' title='bbox 265 3812 496 3886; x_wconf 90' lang='lat' dir='ltr'><strong>Valentinum</strong></span> <span class='ocrx_word' id='word_1_252' title='bbox 515 3812 694 3895; x_wconf 83' lang='lat' dir='ltr'><strong>Oolnenis,</strong></span> <span class='ocrx_word' id='word_1_253' title='bbox 712 3813 841 3885; x_wconf 91' lang='lat' dir='ltr'><strong>multos</strong></span> <span class='ocrx_word' id='word_1_254' title='bbox 857 3835 971 3886; x_wconf 92' lang='lat' dir='ltr'><strong>annos</strong></span> <span class='ocrx_word' id='word_1_255' title='bbox 990 3812 1193 3885; x_wconf 89' lang='lat' dir='ltr'><strong>auditorum</strong></span> <span class='ocrx_word' id='word_1_256' title='bbox 1211 3813 1411 3897; x_wconf 87' lang='lat' dir='ltr'><strong>rhetoricae,</strong></span> <span class='ocrx_word' id='word_1_257' title='bbox 1432 3812 1537 3884; x_wconf 92' lang='lat' dir='ltr'><strong>etiam</strong></span> <span class='ocrx_word' id='word_1_258' title='bbox 1555 3819 1767 3898; x_wconf 90' lang='lat' dir='ltr'><strong>nostrorum,</strong></span> <span class='ocrx_word' id='word_1_259' title='bbox 1788 3836 1808 3884; x_wconf 89' lang='lat' dir='ltr'><strong>a</strong></span> <span class='ocrx_word' id='word_1_260' title='bbox 1832 3785 1977 3842; x_wconf 59' lang='lat' dir='ltr'><strong>⁰¹⁸²0&#39;ffi</strong></span> 
     </span>
     <span class='ocr_line' id='line_1_26' title="bbox 174 3934 1806 4031; baseline -0.001 -22"><span class='ocrx_word' id='word_1_261' title='bbox 174 3937 339 4010; x_wconf 91' lang='lat' dir='ltr'><strong>tirocinio</strong></span> <span class='ocrx_word' id='word_1_262' title='bbox 368 3935 486 4009; x_wconf 90' lang='lat' dir='ltr'><strong>studia</strong></span> <span class='ocrx_word' id='word_1_263' title='bbox 503 3935 737 4031; x_wconf 90' lang='lat' dir='ltr'><strong>repetentium</strong></span> <span class='ocrx_word' id='word_1_264' title='bbox 754 3936 942 4021; x_wconf 88' lang='lat' dir='ltr'><strong>litteraria,</strong></span> <span class='ocrx_word' id='word_1_265' title='bbox 960 3937 1181 4031; x_wconf 85' lang='lat' dir='ltr'><strong>magistrum,</strong></span> <span class='ocrx_word' id='word_1_266' title='bbox 1198 3936 1301 4008; x_wconf 83' lang='lat' dir='ltr'><strong>Orsae</strong></span> <span class='ocrx_word' id='word_1_267' title='bbox 1313 3936 1347 4006; x_wconf 88' lang='lat' dir='ltr'>V</span> <span class='ocrx_word' id='word_1_268' title='bbox 1362 3934 1441 4008; x_wconf 91' lang='lat' dir='ltr'><strong>idus</strong></span> <span class='ocrx_word' id='word_1_269' title='bbox 1458 3935 1664 4018; x_wconf 81' lang='lat' dir='ltr'><strong>februarias,</strong></span> <span class='ocrx_word' id='word_1_270' title='bbox 1684 3935 1806 4008; x_wconf 89' lang='lat' dir='ltr'><strong>morbo</strong></span> 
     </span>
     <span class='ocr_line' id='line_1_27' title="bbox 173 4059 1880 4164; baseline -0.002 -31"><span class='ocrx_word' id='word_1_271' title='bbox 173 4084 220 4134; x_wconf 83' lang='lat' dir='ltr'><strong>ex</strong></span> <span class='ocrx_word' id='word_1_272' title='bbox 250 4059 433 4132; x_wconf 91' lang='lat' dir='ltr'><strong>laboribus</strong></span> <span class='ocrx_word' id='word_1_273' title='bbox 465 4059 645 4154; x_wconf 89' lang='lat' dir='ltr'><strong>perpetuis</strong></span> <span class='ocrx_word' id='word_1_274' title='bbox 676 4082 883 4154; x_wconf 87' lang='lat' dir='ltr'><strong>oppressum</strong></span> <span class='ocrx_word' id='word_1_275' title='bbox 917 4083 924 4130; x_wconf 94' lang='lat'>:</span> <span class='ocrx_word' id='word_1_276' title='bbox 963 4069 999 4132; x_wconf 92' lang='lat' dir='ltr'><strong>et</strong></span> <span class='ocrx_word' id='word_1_277' title='bbox 1029 4060 1203 4164; x_wconf 73' lang='lat' dir='ltr'><strong>iacobum</strong></span> <span class='ocrx_word' id='word_1_278' title='bbox 1234 4059 1491 4156; x_wconf 85' lang='lat' dir='ltr'><strong>Olszevskium,</strong></span> <span class='ocrx_word' id='word_1_279' title='bbox 1523 4059 1806 4132; x_wconf 86' lang='lat' dir='ltr'><strong>concionatorem</strong></span> <span class='ocrx_word' id='word_1_280' title='bbox 1875 4069 1880 4076; x_wconf 86' lang='lat'>&#39;</span> 
     </span>
     <span class='ocr_line' id='line_1_28' title="bbox 173 4182 1808 4281; baseline 0 -25"><span class='ocrx_word' id='word_1_281' title='bbox 173 4185 337 4281; x_wconf 90' lang='lat' dir='ltr'><strong>inprimis</strong></span> <span class='ocrx_word' id='word_1_282' title='bbox 351 4184 541 4268; x_wconf 89' lang='lat' dir='ltr'><strong>celebrem,</strong></span> <span class='ocrx_word' id='word_1_283' title='bbox 558 4183 676 4256; x_wconf 87' lang='lat' dir='ltr'><strong>Vilnae</strong></span> <span class='ocrx_word' id='word_1_284' title='bbox 692 4183 796 4255; x_wconf 90' lang='lat' dir='ltr'><strong>nonis</strong></span> <span class='ocrx_word' id='word_1_285' title='bbox 809 4182 901 4277; x_wconf 90' lang='lat' dir='ltr'><strong>junii</strong></span> <span class='ocrx_word' id='word_1_286' title='bbox 919 4183 1124 4255; x_wconf 79' lang='lat' dir='ltr'><strong>extinctum.</strong></span> <span class='ocrx_word' id='word_1_287' title='bbox 1146 4184 1216 4256; x_wconf 92' lang='lat' dir='ltr'><strong>Hic</strong></span> <span class='ocrx_word' id='word_1_288' title='bbox 1241 4207 1374 4278; x_wconf 87' lang='lat' dir='ltr'><strong>genere</strong></span> <span class='ocrx_word' id='word_1_289' title='bbox 1398 4183 1507 4256; x_wconf 91' lang='lat' dir='ltr'><strong>nobili</strong></span> <span class='ocrx_word' id='word_1_290' title='bbox 1534 4185 1725 4269; x_wconf 75' lang='lat' dir='ltr'><strong>Masonita,</strong></span> <span class='ocrx_word' id='word_1_291' title='bbox 1746 4185 1808 4256; x_wconf 87' lang='lat' dir='ltr'><strong>ad·</strong></span> 
     </span>
     <span class='ocr_line' id='line_1_29' title="bbox 171 4308 1807 4404; baseline -0.001 -22"><span class='ocrx_word' id='word_1_292' title='bbox 171 4311 304 4384; x_wconf 82' lang='lat' dir='ltr'><strong>missus</strong></span> <span class='ocrx_word' id='word_1_293' title='bbox 321 4311 359 4382; x_wconf 90' lang='lat' dir='ltr'><strong>in</strong></span> <span class='ocrx_word' id='word_1_294' title='bbox 387 4310 600 4384; x_wconf 85' lang='lat' dir='ltr'><strong>Societatem</strong></span> <span class='ocrx_word' id='word_1_295' title='bbox 617 4331 711 4380; x_wconf 90' lang='lat' dir='ltr'><strong>anno</strong></span> <span class='ocrx_word' id='word_1_296' title='bbox 734 4308 839 4394; x_wconf 85' lang='lat'><strong>1603,</strong></span> <span class='ocrx_word' id='word_1_297' title='bbox 860 4314 941 4402; x_wconf 90' lang='lat' dir='ltr'><strong>post</strong></span> <span class='ocrx_word' id='word_1_298' title='bbox 962 4315 1058 4381; x_wconf 88' lang='lat' dir='ltr'><strong>artes</strong></span> <span class='ocrx_word' id='word_1_299' title='bbox 1075 4315 1151 4380; x_wconf 90' lang='lat' dir='ltr'><strong>tum</strong></span> <span class='ocrx_word' id='word_1_300' title='bbox 1178 4308 1389 4402; x_wconf 83' lang='lat' dir='ltr'><strong>eloquentiae</strong></span> <span class='ocrx_word' id='word_1_301' title='bbox 1413 4316 1488 4382; x_wconf 91' lang='lat' dir='ltr'><strong>tum</strong></span> <span class='ocrx_word' id='word_1_302' title='bbox 1518 4308 1753 4404; x_wconf 86' lang='lat' dir='ltr'><strong>philosophiae</strong></span> <span class='ocrx_word' id='word_1_303' title='bbox 1769 4310 1807 4381; x_wconf 91' lang='lat' dir='ltr'><strong>in</strong></span> 
     </span>
     <span class='ocr_line' id='line_1_30' title="bbox 172 4430 1807 4526; baseline -0.001 -20"><span class='ocrx_word' id='word_1_304' title='bbox 172 4434 358 4506; x_wconf 83' lang='lat' dir='ltr'><strong>academia</strong></span> <span class='ocrx_word' id='word_1_305' title='bbox 393 4432 556 4506; x_wconf 88' lang='lat' dir='ltr'><strong>Vilnensi</strong></span> <span class='ocrx_word' id='word_1_306' title='bbox 585 4431 750 4516; x_wconf 88' lang='lat' dir='ltr'><strong>traditas,</strong></span> <span class='ocrx_word' id='word_1_307' title='bbox 784 4431 915 4504; x_wconf 93' lang='lat' dir='ltr'><strong>ibidem</strong></span> <span class='ocrx_word' id='word_1_308' title='bbox 948 4454 1062 4504; x_wconf 90' lang='lat' dir='ltr'><strong>annos</strong></span> <span class='ocrx_word' id='word_1_309' title='bbox 1091 4430 1274 4504; x_wconf 90' lang='lat' dir='ltr'><strong>duodecim</strong></span> <span class='ocrx_word' id='word_1_310' title='bbox 1309 4432 1526 4526; x_wconf 90' lang='lat' dir='ltr'><strong>theologiam</strong></span> <span class='ocrx_word' id='word_1_311' title='bbox 1561 4431 1807 4506; x_wconf 89' lang='lat' dir='ltr'><strong>scholasticam</strong></span> 
     </span>
     <span class='ocr_line' id='line_1_31' title="bbox 172 4555 1807 4653; baseline -0.001 -22"><span class='ocrx_word' id='word_1_312' title='bbox 172 4557 387 4653; x_wconf 83' lang='lat' dir='ltr'><strong>explicavit;</strong></span> <span class='ocrx_word' id='word_1_313' title='bbox 408 4557 476 4628; x_wconf 93' lang='lat' dir='ltr'><strong>hoc</strong></span> <span class='ocrx_word' id='word_1_314' title='bbox 496 4556 701 4650; x_wconf 88' lang='lat' dir='ltr'><strong>magisterio</strong></span> <span class='ocrx_word' id='word_1_315' title='bbox 722 4563 757 4627; x_wconf 87' lang='lat' dir='ltr'><strong>et</strong></span> <span class='ocrx_word' id='word_1_316' title='bbox 778 4573 849 4626; x_wconf 93' lang='lat' dir='ltr'><strong>una</strong></span> <span class='ocrx_word' id='word_1_317' title='bbox 867 4556 1127 4639; x_wconf 87' lang='lat' dir='ltr'><strong>concionatoris</strong></span> <span class='ocrx_word' id='word_1_318' title='bbox 1144 4557 1342 4651; x_wconf 88' lang='lat' dir='ltr'><strong>defungens</strong></span> <span class='ocrx_word' id='word_1_319' title='bbox 1363 4555 1490 4628; x_wconf 91' lang='lat' dir='ltr'><strong>officio.</strong></span> <span class='ocrx_word' id='word_1_320' title='bbox 1513 4557 1586 4628; x_wconf 92' lang='lat' dir='ltr'><strong>Par</strong></span> <span class='ocrx_word' id='word_1_321' title='bbox 1615 4556 1682 4628; x_wconf 88' lang='lat' dir='ltr'><strong>fuit</strong></span> <span class='ocrx_word' id='word_1_322' title='bbox 1698 4557 1807 4652; x_wconf 90' lang='lat' dir='ltr'><strong>pluri·</strong></span> 
     </span>
     <span class='ocr_line' id='line_1_32' title="bbox 172 4678 1808 4774; baseline 0.001 -22"><span class='ocrx_word' id='word_1_323' title='bbox 172 4680 242 4752; x_wconf 89' lang='lat' dir='ltr'><strong>bus</strong></span> <span class='ocrx_word' id='word_1_324' title='bbox 259 4680 365 4752; x_wconf 90' lang='lat' dir='ltr'><strong>simul</strong></span> <span class='ocrx_word' id='word_1_325' title='bbox 377 4679 611 4773; x_wconf 89' lang='lat' dir='ltr'><strong>suscipiendis</strong></span> <span class='ocrx_word' id='word_1_326' title='bbox 624 4678 778 4774; x_wconf 89' lang='lat' dir='ltr'><strong>negotiis</strong></span> <span class='ocrx_word' id='word_1_327' title='bbox 800 4680 951 4764; x_wconf 89' lang='lat' dir='ltr'><strong>animus,</strong></span> <span class='ocrx_word' id='word_1_328' title='bbox 968 4680 1013 4751; x_wconf 89' lang='lat' dir='ltr'><strong>ad</strong></span> <span class='ocrx_word' id='word_1_329' title='bbox 1031 4680 1122 4753; x_wconf 92' lang='lat' dir='ltr'><strong>bene</strong></span> <span class='ocrx_word' id='word_1_330' title='bbox 1136 4679 1341 4754; x_wconf 86' lang='lat' dir='ltr'><strong>merendum</strong></span> <span class='ocrx_word' id='word_1_331' title='bbox 1354 4679 1473 4752; x_wconf 87' lang='lat' dir='ltr'><strong>alacer</strong></span> <span class='ocrx_word' id='word_1_332' title='bbox 1489 4704 1496 4751; x_wconf 92' lang='lat'><strong>:</strong></span> <span class='ocrx_word' id='word_1_333' title='bbox 1514 4701 1579 4773; x_wconf 87' lang='lat' dir='ltr'><strong>par</strong></span> <span class='ocrx_word' id='word_1_334' title='bbox 1592 4680 1808 4774; x_wconf 85' lang='lat' dir='ltr'><strong>exequendis</strong></span> 
     </span>
     <span class='ocr_line' id='line_1_33' title="bbox 171 4804 1000 4898; baseline 0 -22"><span class='ocrx_word' id='word_1_335' title='bbox 171 4805 350 4889; x_wconf 91' lang='lat' dir='ltr'><strong>doctrina,</strong></span> <span class='ocrx_word' id='word_1_336' title='bbox 371 4804 625 4877; x_wconf 87' lang='lat' dir='ltr'><strong>exercitatione</strong></span> <span class='ocrx_word' id='word_1_337' title='bbox 646 4811 682 4874; x_wconf 88' lang='lat' dir='ltr'><strong>et</strong></span> <span class='ocrx_word' id='word_1_338' title='bbox 700 4825 766 4874; x_wconf 92' lang='lat' dir='ltr'><strong>usu</strong></span> <span class='ocrx_word' id='word_1_339' title='bbox 784 4811 1000 4898; x_wconf 88' lang='lat' dir='ltr'><strong>comparata.</strong></span> 
     </span>
     <span class='ocr_line' id='line_1_34' title="bbox 228 4927 1808 5016; baseline 0.003 -16"><span class='ocrx_word' id='word_1_340' title='bbox 228 4928 465 5012; x_wconf 88' lang='lat' dir='ltr'><strong>Provinciam,</strong></span> <span class='ocrx_word' id='word_1_341' title='bbox 485 4927 677 5002; x_wconf 90' lang='lat' dir='ltr'><strong>triennium</strong></span> <span class='ocrx_word' id='word_1_342' title='bbox 695 4949 717 4998; x_wconf 93' lang='lat' dir='ltr'><strong>a</strong></span> <span class='ocrx_word' id='word_1_343' title='bbox 735 4949 774 5000; x_wconf 92' lang='lat' dir='ltr'><strong>se</strong></span> <span class='ocrx_word' id='word_1_344' title='bbox 796 4927 1092 5016; x_wconf 87' lang='lat' dir='ltr'><strong>administratam,</strong></span> <span class='ocrx_word' id='word_1_345' title='bbox 1113 4930 1309 5004; x_wconf 84' lang='lat' dir='ltr'><strong>Laurentio</strong></span> <span class='ocrx_word' id='word_1_346' title='bbox 1335 4929 1485 5003; x_wconf 91' lang='lat' dir='ltr'><strong>Bartilio</strong></span> <span class='ocrx_word' id='word_1_347' title='bbox 1512 4930 1715 5006; x_wconf 89' lang='lat' dir='ltr'><strong>succedenti</strong></span> <span class='ocrx_word' id='word_1_348' title='bbox 1740 4940 1808 5004; x_wconf 91' lang='lat' dir='ltr'><strong>tra·</strong></span> 
     </span>
     <span class='ocr_line' id='line_1_35' title="bbox 174 5055 1807 5153; baseline -0.002 -21"><span class='ocrx_word' id='word_1_349' title='bbox 174 5057 270 5133; x_wconf 92' lang='lat' dir='ltr'><strong>didit</strong></span> <span class='ocrx_word' id='word_1_350' title='bbox 287 5059 459 5134; x_wconf 90' lang='lat' dir='ltr'><strong>Nicolaus</strong></span> <span class='ocrx_word' id='word_1_351' title='bbox 478 5059 677 5144; x_wconf 89' lang='lat' dir='ltr'><strong>Lancicius,</strong></span> <span class='ocrx_word' id='word_1_352' title='bbox 698 5057 910 5153; x_wconf 91' lang='lat' dir='ltr'><strong>praepositus</strong></span> <span class='ocrx_word' id='word_1_353' title='bbox 937 5057 1020 5129; x_wconf 89' lang='lat' dir='ltr'><strong>inde</strong></span> <span class='ocrx_word' id='word_1_354' title='bbox 1047 5057 1167 5129; x_wconf 91' lang='lat' dir='ltr'><strong>domui</strong></span> <span class='ocrx_word' id='word_1_355' title='bbox 1196 5055 1313 5128; x_wconf 82' lang='lat' dir='ltr'><strong>tertiae</strong></span> <span class='ocrx_word' id='word_1_356' title='bbox 1338 5055 1554 5148; x_wconf 92' lang='lat' dir='ltr'><strong>probationis</strong></span> <span class='ocrx_word' id='word_1_357' title='bbox 1579 5055 1807 5130; x_wconf 85' lang='lat' dir='ltr'><strong>instituendae</strong></span> 
     </span>
    </p>
   </div>
   <div class='ocr_carea' id='block_1_4' title="bbox 172 5179 1804 5278">
    <p class='ocr_par' dir='ltr' id='par_1_4' title="bbox 172 5179 1804 5278">
     <span class='ocr_line' id='line_1_36' title="bbox 172 5179 1804 5278; baseline -0.001 -21"><span class='ocrx_word' id='word_1_358' title='bbox 172 5182 361 5278; x_wconf 88' lang='lat' dir='ltr'><strong>magister.</strong></span> <span class='ocrx_word' id='word_1_359' title='bbox 384 5181 559 5255; x_wconf 83' lang='lat' dir='ltr'><strong>Invitatus</strong></span> <span class='ocrx_word' id='word_1_360' title='bbox 583 5183 676 5256; x_wconf 87' lang='lat' dir='ltr'><strong>inter</strong></span> <span class='ocrx_word' id='word_1_361' title='bbox 700 5182 779 5254; x_wconf 87' lang='lat' dir='ltr'><strong>haec</strong></span> <span class='ocrx_word' id='word_1_362' title='bbox 804 5181 850 5254; x_wconf 92' lang='lat' dir='ltr'><strong>ad</strong></span> <span class='ocrx_word' id='word_1_363' title='bbox 874 5180 978 5254; x_wconf 88' lang='lat' dir='ltr'><strong>funus</strong></span> <span class='ocrx_word' id='word_1_364' title='bbox 1001 5179 1171 5254; x_wconf 82' lang='lat' dir='ltr'><strong>Stanislai</strong></span> <span class='ocrx_word' id='word_1_365' title='bbox 1194 5180 1347 5277; x_wconf 83' lang='lat' dir='ltr'><strong>Sapieha</strong></span> <span class='ocrx_word' id='word_1_366' title='bbox 1372 5180 1548 5257; x_wconf 86' lang='lat' dir='ltr'><strong>Lituanici</strong></span> <span class='ocrx_word' id='word_1_367' title='bbox 1579 5181 1804 5258; x_wconf 88' lang='lat' dir='ltr'><strong>mareschalli</strong></span> 
     </span>
    </p>
   </div>
   <div class='ocr_carea' id='block_1_5' title="bbox 0 0 2470 6628">
    <p class='ocr_par' dir='ltr' id='par_1_5' title="bbox 0 0 2470 6628">
     <span class='ocr_line' id='line_1_37' title="bbox 0 0 2470 6628; baseline 0 0"><span class='ocrx_word' id='word_1_368' title='bbox 0 0 2470 6628; x_wconf 95' lang='lat' dir='ltr'><strong> </strong></span> 
     </span>
    </p>
   </div>
  </div>
 </body>
</html>
