4906 6642
781 847 887 908 urana
912 847 1045 908 ramos
1068 843 1277 922 (raon-raro).
1821 835 1839 899 7

215 1022 566 1124 quilinirsoonveotts
586 1025 631 1096 ad
653 1025 825 1100 fenestras
838 1040 947 1124 prope
965 1049 1120 1123 summas
1133 1024 1287 1120 oppleta,
1303 1045 1367 1121 pro
1384 1021 1548 1094 ludorum
1565 1017 1839 1112 cavillarumque
1864 1022 1988 1079 obrutum

215 1151 446 1226 theatroerat
461 1148 571 1244 uulgo
590 1171 668 1221 cum
686 1150 832 1226 ducibus
847 1153 919 1226 suis
934 1151 1116 1248 petulanti.
1133 1149 1271 1245 Direpti
1287 1148 1496 1243 templorum
1509 1150 1651 1243 paratus
1666 1169 1675 1229 ;
1692 1141 1840 1236 disjecta
1865 1114 1946 1154 Μ

218 1275 352 1371 passim
366 1271 503 1360 altaria,
523 1271 730 1345 conculcata
746 1273 906 1348 divorum
917 1276 1041 1370 signa;
1061 1294 1281 1362 vasa'sacra,
1310 1275 1367 1349 vel
1389 1274 1581 1360 confracta,
1605 1270 1663 1346 rel
1686 1271 1729 1343 ad
1755 1291 1839 1341 usus

208 1399 387 1498 ‘profanos
400 1397 543 1483 ablate;
562 1397 722 1470 homines
745 1397 916 1492 religiosi,
936 1399 1140 1473 verberibus
1160 1400 1389 1496 omnibusque
1405 1397 1552 1472 lacerati
1575 1393 1726 1492 injuriis,
1745 1414 1766 1464 e
1783 1414 1842 1464 cu·

220 1523 298 1607 riis,
318 1521 501 1606 coenobiis,
517 1515 702 1592 domiciliis
720 1525 909 1598 exturbati.
927 1527 1024 1600 Inter
1039 1527 1117 1599 haec
1136 1525 1409 1620 gratulabantur
1425 1547 1505 1597 cum
1520 1521 1663 1596 advenis
1681 1518 1842 1592 hostibus

222 1645 420 1746 proditores
442 1644 648 1730 domestici;
673 1644 748 1740 jam
773 1645 826 1719 illi
850 1657 886 1724 et
912 1673 1029 1724 rerum
1047 1650 1149 1747 potiti
1162 1651 1199 1722 in
1216 1651 1384 1725 Lituania
1409 1659 1445 1724 et
1462 1650 1586 1745 regni;
1605 1645 1844 1722 celebrabatur

222 1772 443 1846 adulantium
467 1771 653 1868 praeconiis
674 1795 760 1846 suus
782 1775 960 1871 palatinus
983 1776 1115 1873 Niger;
1145 1777 1244 1873 cujus
1269 1773 1433 1871 praesidio
1451 1781 1487 1846 et
1508 1772 1717 1845 auctoritate
1740 1769 1842 1855 freti,

217 1907 297 1970 turn
308 1897 376 1992 ipsi
390 1895 520 1982 Vrlnae,
539 1893 705 1992 quidquid
721 1896 863 1980 liberet,
880 1906 1038 1996 agerent,
1056 1908 1130 1972 turn
1148 1899 1223 1982 alii,
1237 1899 1310 1973 suis
1325 1897 1419 1970 docti
1441 1889 1623 1992 exemplis,
1641 1893 1771 1966 similia
1782 1914 1845 1988 pa·

219 2031 317 2094 trare
331 2020 428 2108 alibi,
448 2019 592 2094 minime
604 2019 819 2095 dubitarent.
838 2023 888 2096 Ut
905 2023 1095 2118 impunitas
1113 2023 1361 2096 confidentiam
1378 2022 1498 2106 habet,
1519 2019 1690 2114 facileque
1707 2017 1844 2090 ducitur
1869 2009 2010 2104 corruptio

219 2144 390 2240 peccandi
398 2143 581 2229 illecebra;
601 2143 1032 2222 confirmabaturmaxime
1040 2149 1261 2223 Vilnensium
1270 2145 1619 2241 audaciaflagitiosis,
1624 2146 1701 2239 jam
1712 2144 1844 2216 dudum
1867 2093 2019 2232 Ξᾙζᾞ,

219 2267 508 2384 latrocinantium
523 2265 664 2363 impune
676 2267 714 2342 in
726 2271 886 2356 Prassia,
907 2273 1068 2360 Livonia,
1089 2273 1292 2358 Curlandia
1313 2274 1459 2346 Varrnia
1475 2272 1720 2346 haereticorum
1737 2269 1843 2342 docu—
1867 2251 2011 2387 fflffip

221 2390 365 2463 mentis.
386 2390 556 2463 Galebant
578 2389 824 2487 apropinquo,
843 2394 1003 2493 dissipati
1024 2419 1298 2493 quaquaversus,
1319 2397 1605 2490 crescebantque,
1631 2400 1843 2488 augescente
1871 2405 1984 2462 tauma.
2011 2375 2020 2404 '

221 2511 600 2609 mortaliumnequitia,
610 2537 768 2588 rumores
778 2515 812 2612 (ι)
826 2543 834 2590 :
841 2518 919 2614 jam
928 2524 1022 2617 apud
1035 2523 1167 2597 vicinos
1176 2525 1214 2598 in
1231 2523 1343 2597 ruinis
1352 2545 1487 2597 eversae
1498 2519 1627 2594 veteris
1639 2517 1845 2612 religionem

223 2641 444 2735 triumphare
460 2662 607 2724 novam;
624 2644 843 2738 promulgari
856 2668 919 2740 per
935 2645 1109 2720 dioeceses
1119 2648 1279 2742 quintum
1295 2648 1375 2744 (quo
1394 2645 1535 2720 nomine
1551 2645 1702 2716 Luterus
1716 2639 1848 2712 initiari

224 2775 290 2836 sua
307 2764 419 2838 voluit
431 2766 629 2862 sacrilegia)
646 2767 879 2863 Evangelium
896 2796 904 2842 :
920 2775 968 2844 ex'
978 2773 1082 2868 hujus
1094 2774 1245 2847 formula
1263 2797 1285 2846 a
1302 2772 1567 2868 magistratibus
1580 2767 1738 2866 profanis
1751 2789 1849 2840 crea·

226 2894 300 2972 tos,
327 2888 579 2985 impositosque
594 2889 806 2975 civitatibus,
835 2893 1011 2967 antistites
1032 2921 1040 2966 :
1057 2897 1262 2970 exturbatos
1278 2897 1432 2970 instituti
1448 2894 1645 2968 tenaciores
1659 2891 1715 2964 sui
1728 2912 1849 2964 mona-

226 3009 316 3082 chos
332 3033 341 3081 :
357 3010 526 3085 exhausta
543 3009 627 3085 alibi
640 3015 772 3109 nuptiis
786 3015 947 3089 coenobia
966 3043 975 3089 :
996 3019 1163 3092 distracta
1182 3021 1220 3094 in
1238 3022 1450 3115 religionum
1474 3039 1656 3118 praecones
1678 3037 1850 3089 novarum

227 3135 454 3211 sacerdotia:
475 3140 581 3213 nullis
605 3141 653 3213 ibi
677 3142 853 3238 religiosis
871 3145 1075 3240 negotiosos
1098 3146 1296 3221 intercalari
1310 3145 1386 3219 dies
1413 3168 1420 3216 :
1440 3143 1579 3239 jejunia
1591 3141 1711 3216 nulla:
1731 3139 1848 3212 nullas

227 3263 303 3336 ritu
328 3264 520 3337 christiano
546 3273 771 3360 peccatorum
796 3268 1034 3342 confessiones
1060 3293 1067 3342 :
1097 3270 1211 3344 cultus
1239 3276 1455 3354 sanctorum,
1486 3266 1625 3363 pietatis
1648 3273 1683 3340 et
1700 3263 1849 3360 justitiae

228 3384 360 3471 officia,
376 3395 596 3460 sacramenta
609 3395 644 3462 et
661 3386 866 3462 delictorum
878 3391 1032 3486 piacula,
1048 3393 1189 3466 omnino
1203 3394 1319 3480 nulla;
1333 3416 1427 3466 nova
1449 3415 1494 3466 ex
1507 3390 1728 3464 institutione
1742 3410 1851 3462 nova-

229 3533 312 3582 rum
336 3509 526 3582 conditoris
556 3510 675 3606 legum
705 3513 892 3599 sacrificia,
921 3514 1097 3602 sodalitia,
1131 3518 1319 3601 connubia,
1346 3515 1555 3599 sacerdotia,
1587 3514 1688 3598 rituS,
1718 3535 1847 3615 mores,

229 3657 327 3708 nova
343 3633 484 3707 omnino
501 3636 631 3721 omnia,
651 3635 689 3707 in
706 3636 848 3710 licentia
872 3638 1043 3732 quidlibet
1060 3639 1252 3736 profitendi
1264 3647 1300 3714 et
1322 3639 1449 3734 agendi
1469 3659 1615 3710 summa.
1636 3635 1758 3708 Nihilo
1781 3657 1852 3708 me·
1874 3627 2006 3736 &2⁰⁰3ss

228 3759 303 3832 lior
324 3759 361 3830 in
389 3758 538 3832 Polonia
563 3758 744 3853 religionis
772 3760 937 3848 conditio,
962 3764 1046 3858 quin
1068 3790 1133 3862 pro
1158 3775 1333 3842 sectarum
1353 3767 1524 3839 varietate
1559 3765 1665 3838 etiam
1682 3763 1848 3838 deterior.
1874 3705 2024 3842 iiiiii.

232 3885 373 3959 Novem
382 3885 478 3980 ipsos
490 3883 795 3956 innumerabilium
808 3888 1014 3982 coryphaeos
1023 3899 1232 3980 turmarum,
1249 3894 1431 3980 doctmnis,
1447 3892 1664 3975 commentis,
1681 3891 1849 3976 moribus,

233 4010 339 4106 quasi
364 4009 471 4083 armis
497 4010 692 4104 casbisque
718 4009 975 4097 dissidentium,
1006 4023 1215 4113 gentemque
1240 4017 1442 4089 Polonicam
1459 4015 1586 4089 misere
1609 4013 1850 4100 lacerantium,

234 4130 373 4228 patrius
389 4138 509 4204 noster
526 4140 689 4208 numerat
717 4133 904 4209 historicus
922 4137 970 4233 (a).
994 4141 1035 4210 In
1052 4140 1106 4212 his
1123 4141 1365 4214 Bernardinus
1383 4140 1551 4224 OchinuS,
1572 4138 1727 4232 religiosi
1744 4159 1857 4231 nuper

236 4255 382 4328 Ordinis
396 4256 536 4330 Praeses
553 4257 750 4344 Generalis,
771 4259 897 4334 deinde
914 4262 1110 4358 transfuga,
1120 4288 1184 4360 per
1200 4265 1412 4348 Helvetiam,
1429 4261 1731 4357 Transylvaniam,
1753 4260 1857 4332 Polo·
1880 4249 2006 4308 0⁰¹¹³¹¹¹¹⁸·

236 4385 346 4468 niam,
362 4381 529 4480 Angliam
542 4385 753 4482 polygamiae
775 4387 949 4470 laudator,
969 4385 1159 4458 divinitatis
1185 4395 1406 4484 oppugnator
1431 4393 1467 4460 et
1483 4385 1665 4480 religionis
1682 4385 1857 4458 universae

237 4509 367 4584 omnis.
387 4509 545 4585 loannes
563 4510 727 4596 Laelius,
747 4511 975 4594 nobilissimae
997 4511 1165 4605 probrum
1190 4511 1346 4595 familiae,
1367 4511 1563 4585 sacerdotio
1581 4517 1727 4582 ornatus
1743 4509 1780 4582 in
1795 4532 1858 4606 pa·
1880 4539 1970 4597 mai,

236 4634 324 4717 tria,
343 4639 448 4728 atque
461 4636 506 4706 ad
519 4633 738 4729 Vesprenses
756 4635 865 4707 etiam
881 4633 1009 4707 infulas
1033 4634 1201 4709 invitatus
1214 4636 1260 4708 ab
1273 4634 1468 4730 Hungaris,
1488 4656 1532 4707 ex
1549 4633 1695 4707 Polonia
1710 4653 1733 4705 a
1749 4632 1861 4705 Gnes-

239 4754 346 4830 nensi
364 4755 626 4852 archiepiscopo
638 4765 783 4856 propter
794 4759 1019 4855 perfidiamet
1029 4757 1212 4854 sacrilegia
1221 4758 1386 4854 expulsus
1395 4757 1445 4854 (a),
1458 4757 1495 4829 in
1512 4755 1679 4850 Angliam
1691 4755 1861 4851 profugus

241 4904 324 4953 cum
340 4881 457 4963 sociis,
469 4880 659 4955 Calvinioae
676 4881 806 4956 scholae
825 4882 1018 4978 discipulis,
1038 4883 1084 4954 ab
1102 4883 1269 4956 Eduardo
1286 4904 1372 4976 rege
1390 4881 1681 4977 superintendens
1694 4878 1863 4952 Ecclesiae

241 5005 509 5100 peregrinorum
524 5005 720 5102 impositus,
737 5006 903 5080 Eduardo
920 5014 1073 5094 mortue,
1098 5029 1121 5079 a
1141 5007 1348 5081 succedente
1361 5005 1398 5078 in
1415 5027 1565 5100 regnum
1582 5003 1700 5078 Maria
1712 5004 1864 5100 rejectus

290 5177 333 5252 (t)
354 5177 437 5237 toan.
453 5177 512 5238 Leo
539 5179 566 5236 in
596 5179 721 5238 Historia
740 5181 834 5240 Prusa.
851 5181 941 5258 -(2)
954 5181 1035 5241 loen.
1053 5181 1111 5240 Leo
1127 5183 1154 5239 in
1175 5179 1300 5240 Historia
1315 5182 1462 5242 prussiae
1478 5195 1543 5260 pag.
1557 5179 1628 5248 458,
1652 5179 1702 5240 lib.
1734 5176 1808 5238 Vlll.
1824 5208 1864 5222 -

247 5281 295 5364 (3)
317 5282 469 5355 iiiesieoki,
483 5284 598 5346 Korona
615 5287 715 5347 Polska
740 5305 768 5362 p.
783 5287 831 5348 36.
847 5287 1022 5356 orionovius,
1034 5283 1152 5367 Dialogo
1169 5289 1199 5357 6,
1215 5289 1251 5348 de
1262 5287 1382 5348 Exoeut.
1695 5271 1702 5287 '
