<?xml version="1.0" encoding="UTF-8"?>
<!DOCTYPE html PUBLIC "-//W3C//DTD XHTML 1.0 Transitional//EN"
    "http://www.w3.org/TR/xhtml1/DTD/xhtml1-transitional.dtd">
<html xmlns="http://www.w3.org/1999/xhtml" xml:lang="en" lang="en">
 <head>
  <title>
</title>
<meta http-equiv="Content-Type" content="text/html;charset=utf-8" />
  <meta name='ocr-system' content='tesseract 3.04.00' />
  <meta name='ocr-capabilities' content='ocr_page ocr_carea ocr_par ocr_line ocrx_word'/>
</head>
<body>
  <div class='ocr_page' id='page_1' title='image "./lituanicarumsoc00rostgoog_0207.png"; bbox 0 0 4948 6654; ppageno 0'>
   <div class='ocr_carea' id='block_1_1' title="bbox 659 727 1913 794">
    <p class='ocr_par' dir='ltr' id='par_1_1' title="bbox 659 727 1913 794">
     <span class='ocr_line' id='line_1_1' title="bbox 659 727 1913 794; baseline -0.001 -4"><span class='ocrx_word' id='word_1_1' title='bbox 659 729 717 794; x_wconf 85' lang='lat'><strong>180</strong></span> <span class='ocrx_word' id='word_1_2' title='bbox 1021 727 1294 791; x_wconf 75' lang='lat' dir='ltr'><strong>Llrutulcauuu</strong></span> <span class='ocrx_word' id='word_1_3' title='bbox 1318 730 1531 792; x_wconf 71' lang='lat' dir='ltr'><strong>sculpturis</strong></span> <span class='ocrx_word' id='word_1_4' title='bbox 1552 731 1638 792; x_wconf 87' lang='lat' dir='ltr'>JESU</span> <span class='ocrx_word' id='word_1_5' title='bbox 1659 729 1913 792; x_wconf 80' lang='lat' dir='ltr'><strong>HISTORlARUbl</strong></span> 
     </span>
    </p>
   </div>
   <div class='ocr_carea' id='block_1_2' title="bbox 489 886 2325 5106">
    <p class='ocr_par' dir='ltr' id='par_1_2' title="bbox 489 886 2284 1490">
     <span class='ocr_line' id='line_1_2' title="bbox 489 886 2284 1011; baseline 0.003 -29"><span class='ocrx_word' id='word_1_6' title='bbox 489 926 553 982; x_wconf 83' lang='lat'>1596</span> <span class='ocrx_word' id='word_1_7' title='bbox 591 886 597 900; x_wconf 62' lang='grc'><strong>’</strong></span> <span class='ocrx_word' id='word_1_8' title='bbox 661 921 805 1010; x_wconf 70' lang='lat' dir='ltr'><strong>,eatque</strong></span> <span class='ocrx_word' id='word_1_9' title='bbox 830 914 1045 1009; x_wconf 84' lang='lat' dir='ltr'><strong>flagitiosum</strong></span> <span class='ocrx_word' id='word_1_10' title='bbox 1070 916 1172 1001; x_wconf 88' lang='lat' dir='ltr'><strong>adeo,</strong></span> <span class='ocrx_word' id='word_1_11' title='bbox 1184 923 1223 988; x_wconf 91' lang='lat' dir='ltr'><strong>ut</strong></span> <span class='ocrx_word' id='word_1_12' title='bbox 1252 939 1323 989; x_wconf 93' lang='lat' dir='ltr'><strong>non</strong></span> <span class='ocrx_word' id='word_1_13' title='bbox 1350 914 1420 988; x_wconf 91' lang='lat' dir='ltr'><strong>alio</strong></span> <span class='ocrx_word' id='word_1_14' title='bbox 1442 917 1516 1011; x_wconf 87' lang='lat' dir='ltr'><strong>jam</strong></span> <span class='ocrx_word' id='word_1_15' title='bbox 1543 915 1613 988; x_wconf 93' lang='lat' dir='ltr'><strong>nisi</strong></span> <span class='ocrx_word' id='word_1_16' title='bbox 1639 915 1819 988; x_wconf 79' lang='lat' dir='ltr'><strong>seditionis</strong></span> <span class='ocrx_word' id='word_1_17' title='bbox 1851 938 1889 987; x_wconf 88' lang='lat' dir='ltr'><strong>ac</strong></span> <span class='ocrx_word' id='word_1_18' title='bbox 1913 913 2112 1011; x_wconf 73' lang='lat' dir='ltr'><strong>tyrannidis</strong></span> <span class='ocrx_word' id='word_1_19' title='bbox 2140 914 2284 988; x_wconf 89' lang='lat' dir='ltr'><strong>nomine</strong></span> 
     </span>
     <span class='ocr_line' id='line_1_3' title="bbox 653 1038 2278 1135; baseline -0.002 -22"><span class='ocrx_word' id='word_1_20' title='bbox 653 1069 681 1128; x_wconf 67' lang='lat' dir='ltr'><strong>‚e</strong></span> <span class='ocrx_word' id='word_1_21' title='bbox 702 1040 812 1134; x_wconf 80' lang='lat' dir='ltr'><strong>possit</strong></span> <span class='ocrx_word' id='word_1_22' title='bbox 832 1040 1035 1134; x_wconf 88' lang='lat' dir='ltr'><strong>nuncupari,</strong></span> <span class='ocrx_word' id='word_1_23' title='bbox 1051 1047 1152 1135; x_wconf 87' lang='lat' dir='ltr'><strong>atque</strong></span> <span class='ocrx_word' id='word_1_24' title='bbox 1179 1041 1259 1112; x_wconf 92' lang='lat' dir='ltr'><strong>hinc</strong></span> <span class='ocrx_word' id='word_1_25' title='bbox 1276 1040 1440 1124; x_wconf 84' lang='lat' dir='ltr'><strong>maxime,</strong></span> <span class='ocrx_word' id='word_1_26' title='bbox 1462 1039 1567 1134; x_wconf 91' lang='lat' dir='ltr'><strong>quod,</strong></span> <span class='ocrx_word' id='word_1_27' title='bbox 1588 1063 1668 1112; x_wconf 93' lang='lat' dir='ltr'><strong>cum</strong></span> <span class='ocrx_word' id='word_1_28' title='bbox 1694 1039 1761 1135; x_wconf 92' lang='lat' dir='ltr'><strong>ipsi</strong></span> <span class='ocrx_word' id='word_1_29' title='bbox 1779 1063 1798 1113; x_wconf 92' lang='lat' dir='ltr'><strong>e</strong></span> <span class='ocrx_word' id='word_1_30' title='bbox 1816 1040 1916 1113; x_wconf 89' lang='lat' dir='ltr'><strong>varia</strong></span> <span class='ocrx_word' id='word_1_31' title='bbox 1932 1039 2009 1113; x_wconf 90' lang='lat' dir='ltr'><strong>sitis</strong></span> <span class='ocrx_word' id='word_1_32' title='bbox 2024 1038 2278 1134; x_wconf 84' lang='lat' dir='ltr'><strong>multiplicique</strong></span> 
     </span>
     <span class='ocr_line' id='line_1_4' title="bbox 666 1163 2283 1260; baseline -0.001 -24"><span class='ocrx_word' id='word_1_33' title='bbox 666 1193 682 1225; x_wconf 69' lang='lat' dir='ltr'><em>u</em></span> <span class='ocrx_word' id='word_1_34' title='bbox 703 1171 798 1238; x_wconf 86' lang='lat' dir='ltr'><strong>secta</strong></span> <span class='ocrx_word' id='word_1_35' title='bbox 813 1165 986 1250; x_wconf 72' lang='lat' dir='ltr'><strong>homines</strong></span> <span class='ocrx_word' id='word_1_36' title='bbox 1007 1165 1210 1238; x_wconf 83' lang='lat' dir='ltr'><strong>Graecorum</strong></span> <span class='ocrx_word' id='word_1_37' title='bbox 1230 1189 1301 1238; x_wconf 92' lang='lat' dir='ltr'><strong>non</strong></span> <span class='ocrx_word' id='word_1_38' title='bbox 1319 1165 1510 1258; x_wconf 84' lang='lat' dir='ltr'><strong>religiones</strong></span> <span class='ocrx_word' id='word_1_39' title='bbox 1529 1164 1629 1236; x_wconf 93' lang='lat' dir='ltr'><strong>modo</strong></span> <span class='ocrx_word' id='word_1_40' title='bbox 1648 1188 1716 1236; x_wconf 92' lang='lat' dir='ltr'><strong>non</strong></span> <span class='ocrx_word' id='word_1_41' title='bbox 1735 1164 1904 1260; x_wconf 91' lang='lat' dir='ltr'><strong>probetis,</strong></span> <span class='ocrx_word' id='word_1_42' title='bbox 1926 1187 2051 1237; x_wconf 89' lang='lat' dir='ltr'><strong>verum</strong></span> <span class='ocrx_word' id='word_1_43' title='bbox 2068 1163 2283 1259; x_wconf 89' lang='lat' dir='ltr'><strong>oppugnctis</strong></span> 
     </span>
     <span class='ocr_line' id='line_1_5' title="bbox 666 1285 2283 1384; baseline 0.002 -24"><span class='ocrx_word' id='word_1_44' title='bbox 666 1315 682 1348; x_wconf 71' lang='lat' dir='ltr'><strong>e</strong></span> <span class='ocrx_word' id='word_1_45' title='bbox 703 1288 821 1372; x_wconf 88' lang='lat' dir='ltr'><strong>etiam,</strong></span> <span class='ocrx_word' id='word_1_46' title='bbox 844 1311 945 1360; x_wconf 88' lang='lat' dir='ltr'><strong>sacra</strong></span> <span class='ocrx_word' id='word_1_47' title='bbox 971 1313 1091 1362; x_wconf 92' lang='lat' dir='ltr'><strong>eorum</strong></span> <span class='ocrx_word' id='word_1_48' title='bbox 1117 1289 1303 1384; x_wconf 79' lang='lat' dir='ltr'><strong>diripietis,</strong></span> <span class='ocrx_word' id='word_1_49' title='bbox 1324 1288 1488 1362; x_wconf 88' lang='lat' dir='ltr'><strong>evertatis</strong></span> <span class='ocrx_word' id='word_1_50' title='bbox 1519 1285 1615 1374; x_wconf 86' lang='lat' dir='ltr'><strong>lana,</strong></span> <span class='ocrx_word' id='word_1_51' title='bbox 1632 1286 1698 1382; x_wconf 89' lang='lat' dir='ltr'><strong>ipsi</strong></span> <span class='ocrx_word' id='word_1_52' title='bbox 1729 1288 2032 1383; x_wconf 89' lang='lat' dir='ltr'><strong>anabaptistarum</strong></span> <span class='ocrx_word' id='word_1_53' title='bbox 2061 1287 2283 1382; x_wconf 88' lang='lat' dir='ltr'><strong>aliorumque</strong></span> 
     </span>
     <span class='ocr_line' id='line_1_6' title="bbox 667 1413 1863 1490; baseline 0.005 -7"><span class='ocrx_word' id='word_1_54' title='bbox 667 1443 683 1474; x_wconf 69' lang='lat' dir='ltr'><strong>a</strong></span> <span class='ocrx_word' id='word_1_55' title='bbox 704 1413 829 1483; x_wconf 91' lang='lat' dir='ltr'><strong>ducum</strong></span> <span class='ocrx_word' id='word_1_56' title='bbox 848 1413 1013 1485; x_wconf 90' lang='lat' dir='ltr'><strong>similium</strong></span> <span class='ocrx_word' id='word_1_57' title='bbox 1030 1421 1232 1490; x_wconf 83' lang='lat' dir='ltr'><strong>sectatores.</strong></span> <span class='ocrx_word' id='word_1_58' title='bbox 1857 1430 1863 1440; x_wconf 87' lang='lat'>&#39;</span> 
     </span>
    </p>

    <p class='ocr_par' dir='ltr' id='par_1_3' title="bbox 661 1536 2325 5106">
     <span class='ocr_line' id='line_1_7' title="bbox 715 1536 2283 1635; baseline 0.004 -27"><span class='ocrx_word' id='word_1_59' title='bbox 715 1569 731 1599; x_wconf 72' lang='grc' dir='ltr'>κ</span> <span class='ocrx_word' id='word_1_60' title='bbox 752 1537 853 1617; x_wconf 86' lang='lat' dir='ltr'><strong>Quod</strong></span> <span class='ocrx_word' id='word_1_61' title='bbox 870 1537 968 1610; x_wconf 90' lang='lat' dir='ltr'><strong>vobis</strong></span> <span class='ocrx_word' id='word_1_62' title='bbox 985 1544 1024 1608; x_wconf 89' lang='lat' dir='ltr'><strong>ut</strong></span> <span class='ocrx_word' id='word_1_63' title='bbox 1036 1537 1176 1632; x_wconf 90' lang='lat' dir='ltr'><strong>impune</strong></span> <span class='ocrx_word' id='word_1_64' title='bbox 1190 1538 1244 1622; x_wconf 90' lang='lat' dir='ltr'><strong>sit,</strong></span> <span class='ocrx_word' id='word_1_65' title='bbox 1263 1538 1294 1610; x_wconf 91' lang='lat' dir='ltr'><strong>si</strong></span> <span class='ocrx_word' id='word_1_66' title='bbox 1313 1538 1407 1611; x_wconf 92' lang='lat' dir='ltr'><strong>omni</strong></span> <span class='ocrx_word' id='word_1_67' title='bbox 1420 1538 1535 1609; x_wconf 87' lang='lat' dir='ltr'><strong>studio</strong></span> <span class='ocrx_word' id='word_1_68' title='bbox 1554 1544 1589 1610; x_wconf 92' lang='lat' dir='ltr'><strong>et</strong></span> <span class='ocrx_word' id='word_1_69' title='bbox 1602 1537 1749 1610; x_wconf 86' lang='lat' dir='ltr'><strong>artificio</strong></span> <span class='ocrx_word' id='word_1_70' title='bbox 1763 1536 1986 1620; x_wconf 89' lang='lat' dir='ltr'><strong>contenditis,</strong></span> <span class='ocrx_word' id='word_1_71' title='bbox 2007 1539 2184 1635; x_wconf 89' lang='lat' dir='ltr'><strong>armisque</strong></span> <span class='ocrx_word' id='word_1_72' title='bbox 2197 1565 2283 1614; x_wconf 93' lang='lat' dir='ltr'><strong>con-</strong></span> 
     </span>
     <span class='ocr_line' id='line_1_8' title="bbox 667 1661 2276 1762; baseline 0.003 -30"><span class='ocrx_word' id='word_1_73' title='bbox 667 1662 884 1756; x_wconf 76' lang='lat' dir='ltr'><strong>«jurationis</strong></span> <span class='ocrx_word' id='word_1_74' title='bbox 927 1667 1055 1734; x_wconf 88' lang='lat' dir='ltr'><strong>vestrae</strong></span> <span class='ocrx_word' id='word_1_75' title='bbox 1089 1664 1171 1757; x_wconf 88' lang='lat' dir='ltr'><strong>(per</strong></span> <span class='ocrx_word' id='word_1_76' title='bbox 1201 1685 1305 1757; x_wconf 91' lang='lat' dir='ltr'><strong>quarn</strong></span> <span class='ocrx_word' id='word_1_77' title='bbox 1345 1661 1561 1762; x_wconf 69' lang='lat' dir='ltr'><strong>decrevistis</strong></span> <span class='ocrx_word' id='word_1_78' title='bbox 1596 1662 1771 1734; x_wconf 90' lang='lat' dir='ltr'><strong>neminem</strong></span> <span class='ocrx_word' id='word_1_79' title='bbox 1800 1661 1982 1756; x_wconf 83' lang='lat' dir='ltr'><strong>religionis</strong></span> <span class='ocrx_word' id='word_1_80' title='bbox 2008 1685 2116 1736; x_wconf 90' lang='lat' dir='ltr'><strong>causa</strong></span> <span class='ocrx_word' id='word_1_81' title='bbox 2157 1667 2276 1760; x_wconf 93' lang='lat' dir='ltr'><strong>puniri</strong></span> 
     </span>
     <span class='ocr_line' id='line_1_9' title="bbox 668 1786 2283 1883; baseline 0.002 -25"><span class='ocrx_word' id='word_1_82' title='bbox 668 1816 685 1849; x_wconf 70' lang='lat' dir='ltr'><strong>e</strong></span> <span class='ocrx_word' id='word_1_83' title='bbox 705 1788 846 1882; x_wconf 87' lang='lat' dir='ltr'><strong>debere)</strong></span> <span class='ocrx_word' id='word_1_84' title='bbox 858 1794 977 1859; x_wconf 86' lang='lat' dir='ltr'><strong>vestra</strong></span> <span class='ocrx_word' id='word_1_85' title='bbox 995 1786 1187 1860; x_wconf 78' lang='lat' dir='ltr'><strong>defenditis</strong></span> <span class='ocrx_word' id='word_1_86' title='bbox 1205 1787 1354 1859; x_wconf 90' lang='lat' dir='ltr'><strong>crimina</strong></span> <span class='ocrx_word' id='word_1_87' title='bbox 1375 1812 1382 1858; x_wconf 77' lang='grc' dir='ltr'>ε</span> <span class='ocrx_word' id='word_1_88' title='bbox 1403 1811 1465 1859; x_wconf 85' lang='lat' dir='ltr'><strong>vos</strong></span> <span class='ocrx_word' id='word_1_89' title='bbox 1483 1795 1521 1858; x_wconf 93' lang='lat' dir='ltr'><strong>ut</strong></span> <span class='ocrx_word' id='word_1_90' title='bbox 1538 1787 1642 1860; x_wconf 88' lang='lat' dir='ltr'><strong>hodie</strong></span> <span class='ocrx_word' id='word_1_91' title='bbox 1661 1786 1842 1881; x_wconf 82' lang='lat' dir='ltr'><strong>religionis</strong></span> <span class='ocrx_word' id='word_1_92' title='bbox 1860 1787 2001 1861; x_wconf 90' lang='lat' dir='ltr'><strong>nomine</strong></span> <span class='ocrx_word' id='word_1_93' title='bbox 2015 1787 2224 1883; x_wconf 89' lang='lat' dir='ltr'><strong>supplicium</strong></span> <span class='ocrx_word' id='word_1_94' title='bbox 2238 1791 2283 1862; x_wconf 86' lang='lat' dir='ltr'><strong>ab</strong></span> 
     </span>
     <span class='ocr_line' id='line_1_10' title="bbox 667 1911 2281 2007; baseline 0.001 -23"><span class='ocrx_word' id='word_1_95' title='bbox 667 1911 821 2006; x_wconf 76' lang='lat' dir='ltr'><strong>«aliquo</strong></span> <span class='ocrx_word' id='word_1_96' title='bbox 847 1912 1042 2007; x_wconf 78' lang='lat' dir='ltr'><strong>expetatist</strong></span> <span class='ocrx_word' id='word_1_97' title='bbox 1061 1919 1099 1983; x_wconf 91' lang='lat' dir='ltr'><strong>ut</strong></span> <span class='ocrx_word' id='word_1_98' title='bbox 1126 1912 1350 2006; x_wconf 87' lang='lat' dir='ltr'><strong>exauguretis</strong></span> <span class='ocrx_word' id='word_1_99' title='bbox 1378 1911 1577 2007; x_wconf 89' lang='lat' dir='ltr'><strong>episcopos;</strong></span> <span class='ocrx_word' id='word_1_100' title='bbox 1599 1911 1657 2006; x_wconf 90' lang='lat' dir='ltr'><strong>qui</strong></span> <span class='ocrx_word' id='word_1_101' title='bbox 1675 1933 1746 1983; x_wconf 93' lang='lat' dir='ltr'><strong>non</strong></span> <span class='ocrx_word' id='word_1_102' title='bbox 1763 1911 1809 1982; x_wconf 91' lang='lat' dir='ltr'><strong>ad</strong></span> <span class='ocrx_word' id='word_1_103' title='bbox 1827 1912 2011 1984; x_wconf 89' lang='lat' dir='ltr'><strong>haereticas</strong></span> <span class='ocrx_word' id='word_1_104' title='bbox 2038 1911 2194 1999; x_wconf 82' lang='lat' dir='ltr'><strong>fraudes,</strong></span> <span class='ocrx_word' id='word_1_105' title='bbox 2217 1915 2281 1988; x_wconf 92' lang='lat' dir='ltr'><strong>sed</strong></span> 
     </span>
     <span class='ocr_line' id='line_1_11' title="bbox 667 2034 2286 2139; baseline 0.002 -32"><span class='ocrx_word' id='word_1_106' title='bbox 667 2064 684 2097; x_wconf 69' lang='lat' dir='ltr'><em>a</em></span> <span class='ocrx_word' id='word_1_107' title='bbox 707 2037 752 2107; x_wconf 89' lang='lat' dir='ltr'><strong>ad</strong></span> <span class='ocrx_word' id='word_1_108' title='bbox 778 2036 986 2129; x_wconf 88' lang='lat' dir='ltr'><strong>religionem</strong></span> <span class='ocrx_word' id='word_1_109' title='bbox 1015 2036 1199 2120; x_wconf 88' lang='lat' dir='ltr'><strong>sinceram,</strong></span> <span class='ocrx_word' id='word_1_110' title='bbox 1217 2036 1262 2108; x_wconf 93' lang='lat' dir='ltr'><strong>ad</strong></span> <span class='ocrx_word' id='word_1_111' title='bbox 1295 2036 1495 2108; x_wconf 88' lang='lat' dir='ltr'><strong>columnam</strong></span> <span class='ocrx_word' id='word_1_112' title='bbox 1521 2042 1556 2108; x_wconf 91' lang='lat' dir='ltr'><strong>et</strong></span> <span class='ocrx_word' id='word_1_113' title='bbox 1583 2035 1843 2108; x_wconf 88' lang='lat' dir='ltr'><strong>firmamentum</strong></span> <span class='ocrx_word' id='word_1_114' title='bbox 1872 2034 2043 2121; x_wconf 87' lang='lat' dir='ltr'><strong>veritatis,</strong></span> <span class='ocrx_word' id='word_1_115' title='bbox 2064 2034 2113 2107; x_wconf 90' lang='lat' dir='ltr'><strong>ad</strong></span> <span class='ocrx_word' id='word_1_116' title='bbox 2141 2036 2286 2139; x_wconf 90' lang='lat' dir='ltr'><strong>illimem</strong></span> 
     </span>
     <span class='ocr_line' id='line_1_12' title="bbox 669 2158 2282 2256; baseline 0 -24"><span class='ocrx_word' id='word_1_117' title='bbox 669 2188 685 2222; x_wconf 69' lang='lat' dir='ltr'><strong>a</strong></span> <span class='ocrx_word' id='word_1_118' title='bbox 706 2161 906 2234; x_wconf 83' lang='lat' dir='ltr'><strong>christianae</strong></span> <span class='ocrx_word' id='word_1_119' title='bbox 923 2160 1092 2232; x_wconf 90' lang='lat' dir='ltr'><strong>doctrinae</strong></span> <span class='ocrx_word' id='word_1_120' title='bbox 1118 2160 1248 2232; x_wconf 86' lang='lat' dir='ltr'><strong>sontem</strong></span> <span class='ocrx_word' id='word_1_121' title='bbox 1264 2184 1301 2233; x_wconf 91' lang='lat' dir='ltr'><strong>se</strong></span> <span class='ocrx_word' id='word_1_122' title='bbox 1319 2160 1572 2233; x_wconf 72' lang='lat' dir='ltr'><strong>contulissent</strong></span> <span class='ocrx_word' id='word_1_123' title='bbox 1594 2158 1832 2254; x_wconf 89' lang='lat' dir='ltr'><strong>nunquidnam</strong></span> <span class='ocrx_word' id='word_1_124' title='bbox 1855 2167 1907 2232; x_wconf 88' lang='lat' dir='ltr'><strong>est</strong></span> <span class='ocrx_word' id='word_1_125' title='bbox 1925 2160 2033 2246; x_wconf 90' lang='lat' dir='ltr'><strong>aliud,</strong></span> <span class='ocrx_word' id='word_1_126' title='bbox 2053 2161 2148 2256; x_wconf 93' lang='lat' dir='ltr'><strong>quod</strong></span> <span class='ocrx_word' id='word_1_127' title='bbox 2166 2161 2282 2256; x_wconf 89' lang='lat' dir='ltr'><strong>magis</strong></span> 
     </span>
     <span class='ocr_line' id='line_1_13' title="bbox 669 2283 2285 2379; baseline 0 -23"><span class='ocrx_word' id='word_1_128' title='bbox 669 2314 686 2346; x_wconf 74' lang='grc' dir='ltr'>κ</span> <span class='ocrx_word' id='word_1_129' title='bbox 706 2292 823 2358; x_wconf 89' lang='lat' dir='ltr'><strong>vestro</strong></span> <span class='ocrx_word' id='word_1_130' title='bbox 841 2284 893 2356; x_wconf 92' lang='lat' dir='ltr'><strong>illi</strong></span> <span class='ocrx_word' id='word_1_131' title='bbox 910 2285 1063 2370; x_wconf 88' lang='lat' dir='ltr'><strong>decreto,</strong></span> <span class='ocrx_word' id='word_1_132' title='bbox 1084 2307 1189 2379; x_wconf 88' lang='lat' dir='ltr'><strong>quam</strong></span> <span class='ocrx_word' id='word_1_133' title='bbox 1206 2284 1273 2356; x_wconf 94' lang='lat' dir='ltr'><strong>hoc</strong></span> <span class='ocrx_word' id='word_1_134' title='bbox 1289 2285 1405 2379; x_wconf 87' lang='lat' dir='ltr'><strong>ipsum</strong></span> <span class='ocrx_word' id='word_1_135' title='bbox 1421 2285 1556 2357; x_wconf 81' lang='lat' dir='ltr'><strong>lacinus</strong></span> <span class='ocrx_word' id='word_1_136' title='bbox 1574 2289 1729 2356; x_wconf 88' lang='lat' dir='ltr'><strong>vestrum</strong></span> <span class='ocrx_word' id='word_1_137' title='bbox 1755 2283 1985 2356; x_wconf 76' lang='lat' dir='ltr'><strong>adversaturi</strong></span> <span class='ocrx_word' id='word_1_138' title='bbox 2008 2285 2116 2358; x_wconf 88' lang='lat' dir='ltr'><strong>Vobis</strong></span> <span class='ocrx_word' id='word_1_139' title='bbox 2134 2294 2173 2358; x_wconf 92' lang='lat' dir='ltr'><strong>ut</strong></span> <span class='ocrx_word' id='word_1_140' title='bbox 2202 2284 2285 2358; x_wconf 89' lang='lat' dir='ltr'><strong>reli-</strong></span> 
     </span>
     <span class='ocr_line' id='line_1_14' title="bbox 670 2407 2287 2503; baseline 0.001 -24"><span class='ocrx_word' id='word_1_141' title='bbox 670 2439 686 2470; x_wconf 76' lang='lat'>«</span> <span class='ocrx_word' id='word_1_142' title='bbox 708 2408 831 2503; x_wconf 89' lang='lat' dir='ltr'><strong>giones</strong></span> <span class='ocrx_word' id='word_1_143' title='bbox 862 2409 1064 2481; x_wconf 83' lang='lat' dir='ltr'><strong>Graecorum</strong></span> <span class='ocrx_word' id='word_1_144' title='bbox 1099 2408 1284 2502; x_wconf 86' lang='lat' dir='ltr'><strong>respuatis,</strong></span> <span class='ocrx_word' id='word_1_145' title='bbox 1323 2407 1411 2479; x_wconf 91' lang='lat' dir='ltr'><strong>nibil</strong></span> <span class='ocrx_word' id='word_1_146' title='bbox 1440 2408 1568 2492; x_wconf 87' lang='lat' dir='ltr'><strong>officit;</strong></span> <span class='ocrx_word' id='word_1_147' title='bbox 1599 2407 1682 2493; x_wconf 93' lang='lat' dir='ltr'><strong>illis,</strong></span> <span class='ocrx_word' id='word_1_148' title='bbox 1712 2407 1742 2479; x_wconf 93' lang='lat' dir='ltr'><strong>si</strong></span> <span class='ocrx_word' id='word_1_149' title='bbox 1768 2407 1910 2480; x_wconf 90' lang='lat' dir='ltr'><strong>easdem</strong></span> <span class='ocrx_word' id='word_1_150' title='bbox 1941 2408 2169 2493; x_wconf 88' lang='lat' dir='ltr'><strong>confirment;</strong></span> <span class='ocrx_word' id='word_1_151' title='bbox 2198 2408 2287 2480; x_wconf 92' lang='lat' dir='ltr'><strong>nihil</strong></span> 
     </span>
     <span class='ocr_line' id='line_1_15' title="bbox 672 2513 2325 2631; baseline -0.001 -27"><span class='ocrx_word' id='word_1_152' title='bbox 672 2561 688 2594; x_wconf 66' lang='lat' dir='ltr'><em>a</em></span> <span class='ocrx_word' id='word_1_153' title='bbox 708 2532 933 2617; x_wconf 89' lang='lat' dir='ltr'><strong>novantibus,</strong></span> <span class='ocrx_word' id='word_1_154' title='bbox 944 2513 1059 2626; x_wconf 75' lang='lat' dir='ltr'><strong>neque¹</strong></span> <span class='ocrx_word' id='word_1_155' title='bbox 1077 2532 1113 2602; x_wconf 93' lang='lat' dir='ltr'><strong>in</strong></span> <span class='ocrx_word' id='word_1_156' title='bbox 1127 2531 1374 2604; x_wconf 88' lang='lat' dir='ltr'><strong>traditionibus</strong></span> <span class='ocrx_word' id='word_1_157' title='bbox 1388 2539 1546 2605; x_wconf 89' lang='lat' dir='ltr'><strong>veterum</strong></span> <span class='ocrx_word' id='word_1_158' title='bbox 1559 2532 1596 2602; x_wconf 94' lang='lat' dir='ltr'><strong>in</strong></span> <span class='ocrx_word' id='word_1_159' title='bbox 1611 2531 1750 2604; x_wconf 87' lang='lat' dir='ltr'><strong>Graecia</strong></span> <span class='ocrx_word' id='word_1_160' title='bbox 1769 2530 1938 2603; x_wconf 85' lang='lat' dir='ltr'><strong>Ecclesiae</strong></span> <span class='ocrx_word' id='word_1_161' title='bbox 1946 2539 2104 2625; x_wconf 87' lang='lat' dir='ltr'><strong>patrum,</strong></span> <span class='ocrx_word' id='word_1_162' title='bbox 2121 2555 2234 2626; x_wconf 90' lang='lat' dir='ltr'><strong>neque</strong></span> <span class='ocrx_word' id='word_1_163' title='bbox 2247 2534 2285 2603; x_wconf 93' lang='lat' dir='ltr'><strong>in</strong></span> <span class='ocrx_word' id='word_1_164' title='bbox 2319 2619 2325 2631; x_wconf 27' lang='grc' dir='ltr'>ι</span> 
     </span>
     <span class='ocr_line' id='line_1_16' title="bbox 672 2653 2284 2750; baseline -0.001 -24"><span class='ocrx_word' id='word_1_165' title='bbox 672 2687 688 2718; x_wconf 70' lang='grc' dir='ltr'><strong>α</strong></span> <span class='ocrx_word' id='word_1_166' title='bbox 709 2655 834 2727; x_wconf 89' lang='lat' dir='ltr'><strong>ritibus</strong></span> <span class='ocrx_word' id='word_1_167' title='bbox 848 2661 883 2728; x_wconf 92' lang='lat' dir='ltr'><strong>et</strong></span> <span class='ocrx_word' id='word_1_168' title='bbox 908 2654 1092 2741; x_wconf 83' lang='lat' dir='ltr'><strong>sacrificio,</strong></span> <span class='ocrx_word' id='word_1_169' title='bbox 1110 2679 1223 2749; x_wconf 89' lang='lat' dir='ltr'><strong>nequo</strong></span> <span class='ocrx_word' id='word_1_170' title='bbox 1240 2657 1277 2726; x_wconf 92' lang='lat' dir='ltr'><strong>in</strong></span> <span class='ocrx_word' id='word_1_171' title='bbox 1291 2654 1421 2726; x_wconf 86' lang='lat' dir='ltr'><strong>sanctis</strong></span> <span class='ocrx_word' id='word_1_172' title='bbox 1436 2653 1628 2726; x_wconf 90' lang='lat' dir='ltr'><strong>Orientalis</strong></span> <span class='ocrx_word' id='word_1_173' title='bbox 1650 2654 1820 2726; x_wconf 84' lang='lat' dir='ltr'><strong>Ecclesiae</strong></span> <span class='ocrx_word' id='word_1_174' title='bbox 1846 2654 2027 2726; x_wconf 84' lang='lat' dir='ltr'><strong>institutis</strong></span> <span class='ocrx_word' id='word_1_175' title='bbox 2047 2654 2154 2749; x_wconf 85' lang='lat' dir='ltr'><strong>Cujus</strong></span> <span class='ocrx_word' id='word_1_176' title='bbox 2173 2655 2284 2750; x_wconf 88' lang='lat' dir='ltr'><strong>igitur</strong></span> 
     </span>
     <span class='ocr_line' id='line_1_17' title="bbox 672 2777 2285 2876; baseline -0.002 -22"><span class='ocrx_word' id='word_1_177' title='bbox 672 2810 688 2840; x_wconf 65' lang='grc' dir='ltr'><strong><em>α</em></strong></span> <span class='ocrx_word' id='word_1_178' title='bbox 710 2781 843 2875; x_wconf 92' lang='lat' dir='ltr'><strong>peccati</strong></span> <span class='ocrx_word' id='word_1_179' title='bbox 861 2780 1002 2876; x_wconf 82' lang='lat' dir='ltr'><strong>exigitis</strong></span> <span class='ocrx_word' id='word_1_180' title='bbox 1019 2780 1179 2875; x_wconf 74' lang='lat' dir='ltr'><strong>piacula,</strong></span> <span class='ocrx_word' id='word_1_181' title='bbox 1200 2804 1279 2852; x_wconf 93' lang='lat' dir='ltr'><strong>cum</strong></span> <span class='ocrx_word' id='word_1_182' title='bbox 1299 2779 1367 2874; x_wconf 90' lang='lat' dir='ltr'><strong>ipsi</strong></span> <span class='ocrx_word' id='word_1_183' title='bbox 1388 2779 1540 2851; x_wconf 87' lang='lat' dir='ltr'><strong>maxime</strong></span> <span class='ocrx_word' id='word_1_184' title='bbox 1553 2779 1742 2873; x_wconf 87' lang='lat' dir='ltr'><strong>transfugii</strong></span> <span class='ocrx_word' id='word_1_185' title='bbox 1760 2777 1867 2850; x_wconf 88' lang='lat' dir='ltr'><strong>vestri</strong></span> <span class='ocrx_word' id='word_1_186' title='bbox 1884 2801 2024 2873; x_wconf 88' lang='lat' dir='ltr'><strong>poenam</strong></span> <span class='ocrx_word' id='word_1_187' title='bbox 2042 2778 2285 2852; x_wconf 89' lang='lat' dir='ltr'><strong>sustinendam</strong></span> 
     </span>
     <span class='ocr_line' id='line_1_18' title="bbox 661 2885 2284 2998; baseline -0.001 -22"><span class='ocrx_word' id='word_1_188' title='bbox 661 2885 689 2964; x_wconf 36' lang='lat' dir='ltr'><strong>&#39;a</strong></span> <span class='ocrx_word' id='word_1_189' title='bbox 710 2903 839 2998; x_wconf 90' lang='lat' dir='ltr'><strong>putetis</strong></span> <span class='ocrx_word' id='word_1_190' title='bbox 863 2904 1020 2975; x_wconf 79' lang='lat' dir='ltr'><strong>nullaml</strong></span> <span class='ocrx_word' id='word_1_191' title='bbox 1050 2903 1106 2975; x_wconf 91' lang='lat' dir='ltr'><strong>illi</strong></span> <span class='ocrx_word' id='word_1_192' title='bbox 1138 2911 1219 2976; x_wconf 89' lang='lat' dir='ltr'><strong>sunt</strong></span> <span class='ocrx_word' id='word_1_193' title='bbox 1240 2903 1409 2998; x_wconf 86' lang='lat' dir='ltr'><strong>praesides</strong></span> <span class='ocrx_word' id='word_1_194' title='bbox 1435 2902 1572 2975; x_wconf 90' lang='lat' dir='ltr'><strong>vestri:</strong></span> <span class='ocrx_word' id='word_1_195' title='bbox 1599 2926 1641 2974; x_wconf 84' lang='lat' dir='ltr'><strong>ex</strong></span> <span class='ocrx_word' id='word_1_196' title='bbox 1666 2902 1806 2973; x_wconf 89' lang='lat' dir='ltr'><strong>illorum</strong></span> <span class='ocrx_word' id='word_1_197' title='bbox 1824 2901 2036 2974; x_wconf 88' lang='lat' dir='ltr'><strong>auctoritate</strong></span> <span class='ocrx_word' id='word_1_198' title='bbox 2062 2909 2190 2975; x_wconf 89' lang='lat' dir='ltr'><strong>vestrae</strong></span> <span class='ocrx_word' id='word_1_199' title='bbox 2207 2892 2284 2974; x_wconf 91' lang='lat' dir='ltr'><strong>tum</strong></span> 
     </span>
     <span class='ocr_line' id='line_1_19' title="bbox 674 3023 2290 3121; baseline 0 -22"><span class='ocrx_word' id='word_1_200' title='bbox 674 3059 690 3090; x_wconf 68' lang='lat' dir='ltr'><strong>a</strong></span> <span class='ocrx_word' id='word_1_201' title='bbox 712 3027 881 3101; x_wconf 89' lang='lat' dir='ltr'><strong>doctrinae</strong></span> <span class='ocrx_word' id='word_1_202' title='bbox 902 3035 976 3099; x_wconf 89' lang='lat' dir='ltr'><strong>tum</strong></span> <span class='ocrx_word' id='word_1_203' title='bbox 1005 3028 1161 3101; x_wconf 90' lang='lat' dir='ltr'><strong>haereses</strong></span> <span class='ocrx_word' id='word_1_204' title='bbox 1187 3033 1306 3099; x_wconf 85' lang='lat' dir='ltr'><strong>essent</strong></span> <span class='ocrx_word' id='word_1_205' title='bbox 1331 3025 1550 3121; x_wconf 85' lang='lat' dir='ltr'><strong>castigandae</strong></span> <span class='ocrx_word' id='word_1_206' title='bbox 1574 3026 1704 3121; x_wconf 84' lang='lat' dir='ltr'><strong>:bujus</strong></span> <span class='ocrx_word' id='word_1_207' title='bbox 1724 3026 1815 3097; x_wconf 94' lang='lat' dir='ltr'><strong>enim</strong></span> <span class='ocrx_word' id='word_1_208' title='bbox 1841 3025 1893 3098; x_wconf 89' lang='lat' dir='ltr'><strong>rei</strong></span> <span class='ocrx_word' id='word_1_209' title='bbox 1924 3023 2043 3098; x_wconf 90' lang='lat' dir='ltr'><strong>datam</strong></span> <span class='ocrx_word' id='word_1_210' title='bbox 2070 3026 2136 3097; x_wconf 90' lang='lat' dir='ltr'><strong>sibi</strong></span> <span class='ocrx_word' id='word_1_211' title='bbox 2165 3049 2188 3097; x_wconf 92' lang='lat' dir='ltr'><strong>a</strong></span> <span class='ocrx_word' id='word_1_212' title='bbox 2212 3027 2290 3099; x_wconf 93' lang='lat' dir='ltr'><strong>Deo</strong></span> 
     </span>
     <span class='ocr_line' id='line_1_20' title="bbox 673 3149 2291 3249; baseline -0.001 -24"><span class='ocrx_word' id='word_1_213' title='bbox 673 3180 691 3214; x_wconf 72' lang='lat' dir='ltr'><strong>«c</strong></span> <span class='ocrx_word' id='word_1_214' title='bbox 710 3159 919 3249; x_wconf 87' lang='lat' dir='ltr'><strong>potestatem</strong></span> <span class='ocrx_word' id='word_1_215' title='bbox 944 3153 1097 3237; x_wconf 88' lang='lat' dir='ltr'><strong>habent;</strong></span> <span class='ocrx_word' id='word_1_216' title='bbox 1124 3151 1177 3223; x_wconf 94' lang='lat' dir='ltr'><strong>illi</strong></span> <span class='ocrx_word' id='word_1_217' title='bbox 1200 3160 1375 3247; x_wconf 89' lang='lat' dir='ltr'><strong>pastores,</strong></span> <span class='ocrx_word' id='word_1_218' title='bbox 1395 3174 1459 3223; x_wconf 92' lang='lat' dir='ltr'><strong>vos</strong></span> <span class='ocrx_word' id='word_1_219' title='bbox 1485 3174 1587 3236; x_wconf 87' lang='lat' dir='ltr'><strong>oves;</strong></span> <span class='ocrx_word' id='word_1_220' title='bbox 1618 3149 1667 3221; x_wconf 95' lang='lat' dir='ltr'><strong>illi</strong></span> <span class='ocrx_word' id='word_1_221' title='bbox 1685 3149 1881 3244; x_wconf 88' lang='lat' dir='ltr'><strong>praepositi,</strong></span> <span class='ocrx_word' id='word_1_222' title='bbox 1901 3173 1964 3222; x_wconf 88' lang='lat' dir='ltr'><strong>vos</strong></span> <span class='ocrx_word' id='word_1_223' title='bbox 1983 3151 2152 3246; x_wconf 82' lang='lat' dir='ltr'><strong>subjecti;</strong></span> <span class='ocrx_word' id='word_1_224' title='bbox 2169 3151 2216 3222; x_wconf 93' lang='lat' dir='ltr'><strong>ab</strong></span> <span class='ocrx_word' id='word_1_225' title='bbox 2233 3151 2291 3224; x_wconf 93' lang='lat' dir='ltr'><strong>his</strong></span> 
     </span>
     <span class='ocr_line' id='line_1_21' title="bbox 675 3273 2291 3372; baseline -0.001 -22"><span class='ocrx_word' id='word_1_226' title='bbox 675 3307 691 3339; x_wconf 73' lang='grc' dir='ltr'>κ</span> <span class='ocrx_word' id='word_1_227' title='bbox 712 3277 891 3372; x_wconf 85' lang='lat' dir='ltr'><strong>magistris</strong></span> <span class='ocrx_word' id='word_1_228' title='bbox 918 3277 1078 3350; x_wconf 91' lang='lat' dir='ltr'><strong>doctrina</strong></span> <span class='ocrx_word' id='word_1_229' title='bbox 1111 3275 1259 3348; x_wconf 86' lang='lat' dir='ltr'><strong>salutari</strong></span> <span class='ocrx_word' id='word_1_230' title='bbox 1289 3275 1438 3360; x_wconf 90' lang='lat' dir='ltr'><strong>institui,</strong></span> <span class='ocrx_word' id='word_1_231' title='bbox 1459 3275 1516 3346; x_wconf 88' lang='lat' dir='ltr'><strong>his</strong></span> <span class='ocrx_word' id='word_1_232' title='bbox 1546 3273 1802 3369; x_wconf 89' lang='lat' dir='ltr'><strong>obtemperare,</strong></span> <span class='ocrx_word' id='word_1_233' title='bbox 1822 3297 1886 3346; x_wconf 85' lang='lat' dir='ltr'><strong>vos</strong></span> <span class='ocrx_word' id='word_1_234' title='bbox 1910 3275 2006 3347; x_wconf 91' lang='lat' dir='ltr'><strong>Deus</strong></span> <span class='ocrx_word' id='word_1_235' title='bbox 2026 3275 2139 3370; x_wconf 89' lang='lat' dir='ltr'><strong>jubet.</strong></span> <span class='ocrx_word' id='word_1_236' title='bbox 2177 3275 2291 3348; x_wconf 88' lang='lat' dir='ltr'><strong>Obse-</strong></span> 
     </span>
     <span class='ocr_line' id='line_1_22' title="bbox 675 3385 2288 3496; baseline -0.001 -23"><span class='ocrx_word' id='word_1_237' title='bbox 675 3431 691 3462; x_wconf 72' lang='lat'>«</span> <span class='ocrx_word' id='word_1_238' title='bbox 712 3425 851 3474; x_wconf 89' lang='lat' dir='ltr'><strong>cramus</strong></span> <span class='ocrx_word' id='word_1_239' title='bbox 869 3402 987 3496; x_wconf 90' lang='lat' dir='ltr'><strong>itaque</strong></span> <span class='ocrx_word' id='word_1_240' title='bbox 1005 3423 1080 3484; x_wconf 90' lang='lat' dir='ltr'><strong>vos,</strong></span> <span class='ocrx_word' id='word_1_241' title='bbox 1109 3385 1282 3473; x_wconf 82' lang='lat' dir='ltr'><strong>advertite</strong></span> <span class='ocrx_word' id='word_1_242' title='bbox 1303 3400 1371 3473; x_wconf 91' lang='lat' dir='ltr'><strong>huc</strong></span> <span class='ocrx_word' id='word_1_243' title='bbox 1396 3405 1548 3472; x_wconf 89' lang='lat' dir='ltr'><strong>mentem</strong></span> <span class='ocrx_word' id='word_1_244' title='bbox 1566 3404 1671 3493; x_wconf 90' lang='lat' dir='ltr'><strong>atque</strong></span> <span class='ocrx_word' id='word_1_245' title='bbox 1696 3398 1743 3469; x_wconf 88' lang='lat' dir='ltr'><strong>ad</strong></span> <span class='ocrx_word' id='word_1_246' title='bbox 1760 3398 1899 3471; x_wconf 87' lang='lat' dir='ltr'><strong>saniora</strong></span> <span class='ocrx_word' id='word_1_247' title='bbox 1925 3399 2074 3472; x_wconf 88' lang='lat' dir='ltr'><strong>consilia</strong></span> <span class='ocrx_word' id='word_1_248' title='bbox 2091 3399 2259 3494; x_wconf 87' lang='lat' dir='ltr'><strong>appellite</strong></span> <span class='ocrx_word' id='word_1_249' title='bbox 2278 3426 2288 3484; x_wconf 89' lang='lat'>;</span> 
     </span>
     <span class='ocr_line' id='line_1_23' title="bbox 675 3497 2293 3627; baseline -0.002 -28"><span class='ocrx_word' id='word_1_250' title='bbox 675 3557 692 3589; x_wconf 68' lang='lat' dir='ltr'><strong>a</strong></span> <span class='ocrx_word' id='word_1_251' title='bbox 713 3527 825 3600; x_wconf 89' lang='lat' dir='ltr'><strong>redite</strong></span> <span class='ocrx_word' id='word_1_252' title='bbox 840 3497 1019 3598; x_wconf 91' lang='lat' dir='ltr'><strong>nobiscum</strong></span> <span class='ocrx_word' id='word_1_253' title='bbox 1037 3525 1073 3596; x_wconf 93' lang='lat' dir='ltr'><strong>in</strong></span> <span class='ocrx_word' id='word_1_254' title='bbox 1091 3525 1243 3619; x_wconf 88' lang='lat' dir='ltr'><strong>gratiam</strong></span> <span class='ocrx_word' id='word_1_255' title='bbox 1258 3551 1266 3609; x_wconf 94' lang='lat'>;</span> <span class='ocrx_word' id='word_1_256' title='bbox 1288 3524 1436 3610; x_wconf 87' lang='lat' dir='ltr'><strong>omittite</strong></span> <span class='ocrx_word' id='word_1_257' title='bbox 1450 3523 1648 3596; x_wconf 90' lang='lat' dir='ltr'><strong>obtrectare</strong></span> <span class='ocrx_word' id='word_1_258' title='bbox 1668 3523 1869 3595; x_wconf 90' lang='lat' dir='ltr'><strong>auctoritati</strong></span> <span class='ocrx_word' id='word_1_259' title='bbox 1886 3523 1991 3627; x_wconf 88' lang='lat' dir='ltr'><strong>hujus</strong></span> <span class='ocrx_word' id='word_1_260' title='bbox 2008 3523 2152 3620; x_wconf 83' lang='lat' dir='ltr'><strong>synodi3</strong></span> <span class='ocrx_word' id='word_1_261' title='bbox 2178 3523 2293 3596; x_wconf 92' lang='lat' dir='ltr'><strong>disso-</strong></span> 
     </span>
     <span class='ocr_line' id='line_1_24' title="bbox 675 3645 2290 3744; baseline -0.004 -20"><span class='ocrx_word' id='word_1_262' title='bbox 675 3680 692 3712; x_wconf 71' lang='grc' dir='ltr'>κ</span> <span class='ocrx_word' id='word_1_263' title='bbox 712 3652 796 3724; x_wconf 87' lang='lat' dir='ltr'><strong>lutis</strong></span> <span class='ocrx_word' id='word_1_264' title='bbox 809 3651 887 3723; x_wconf 88' lang='lat' dir='ltr'><strong>istis</strong></span> <span class='ocrx_word' id='word_1_265' title='bbox 901 3649 1079 3734; x_wconf 91' lang='lat' dir='ltr'><strong>nundinis,</strong></span> <span class='ocrx_word' id='word_1_266' title='bbox 1099 3647 1341 3721; x_wconf 90' lang='lat' dir='ltr'><strong>conciliabulis</strong></span> <span class='ocrx_word' id='word_1_267' title='bbox 1355 3647 1552 3731; x_wconf 91' lang='lat' dir='ltr'><strong>inconditis,</strong></span> <span class='ocrx_word' id='word_1_268' title='bbox 1571 3645 1619 3718; x_wconf 90' lang='lat' dir='ltr'><strong>ad</strong></span> <span class='ocrx_word' id='word_1_269' title='bbox 1629 3648 1798 3741; x_wconf 91' lang='lat' dir='ltr'><strong>templum</strong></span> <span class='ocrx_word' id='word_1_270' title='bbox 1812 3671 1875 3720; x_wconf 89' lang='lat' dir='ltr'><strong>uos</strong></span> <span class='ocrx_word' id='word_1_271' title='bbox 1889 3647 2109 3722; x_wconf 88' lang='lat' dir='ltr'><strong>conferamus</strong></span> <span class='ocrx_word' id='word_1_272' title='bbox 2127 3649 2265 3744; x_wconf 88' lang='lat' dir='ltr'><strong>pariter</strong></span> <span class='ocrx_word' id='word_1_273' title='bbox 2280 3676 2290 3736; x_wconf 91' lang='lat'>;</span> 
     </span>
     <span class='ocr_line' id='line_1_25' title="bbox 675 3771 2294 3869; baseline -0.002 -20"><span class='ocrx_word' id='word_1_274' title='bbox 675 3805 691 3838; x_wconf 73' lang='lat' dir='ltr'><strong>u</strong></span> <span class='ocrx_word' id='word_1_275' title='bbox 712 3775 942 3850; x_wconf 89' lang='lat' dir='ltr'><strong>auscultaturi</strong></span> <span class='ocrx_word' id='word_1_276' title='bbox 960 3773 1110 3869; x_wconf 89' lang='lat' dir='ltr'><strong>placate,</strong></span> <span class='ocrx_word' id='word_1_277' title='bbox 1131 3796 1234 3868; x_wconf 89' lang='lat' dir='ltr'><strong>quam</strong></span> <span class='ocrx_word' id='word_1_278' title='bbox 1252 3779 1411 3845; x_wconf 86' lang='lat' dir='ltr'><strong>amanter</strong></span> <span class='ocrx_word' id='word_1_279' title='bbox 1425 3771 1468 3843; x_wconf 92' lang='lat' dir='ltr'><strong>de</strong></span> <span class='ocrx_word' id='word_1_280' title='bbox 1482 3771 1597 3844; x_wconf 91' lang='lat' dir='ltr'><strong>salute</strong></span> <span class='ocrx_word' id='word_1_281' title='bbox 1615 3779 1736 3843; x_wconf 87' lang='lat' dir='ltr'><strong>nostra</strong></span> <span class='ocrx_word' id='word_1_282' title='bbox 1753 3771 1863 3843; x_wconf 88' lang='lat' dir='ltr'><strong>nostri</strong></span> <span class='ocrx_word' id='word_1_283' title='bbox 1878 3779 1988 3866; x_wconf 87' lang='lat' dir='ltr'><strong>agant</strong></span> <span class='ocrx_word' id='word_1_284' title='bbox 2001 3774 2190 3856; x_wconf 88' lang='lat' dir='ltr'><strong>antistites,</strong></span> <span class='ocrx_word' id='word_1_285' title='bbox 2208 3795 2294 3845; x_wconf 89' lang='lat' dir='ltr'><strong>con-</strong></span> 
     </span>
     <span class='ocr_line' id='line_1_26' title="bbox 676 3895 2290 3996; baseline -0.003 -24"><span class='ocrx_word' id='word_1_286' title='bbox 676 3901 931 3996; x_wconf 62' lang='lat' dir='ltr'><strong>“jungantque</strong></span> <span class='ocrx_word' id='word_1_287' title='bbox 957 3898 1054 3994; x_wconf 88' lang='lat' dir='ltr'><strong>pacis</strong></span> <span class='ocrx_word' id='word_1_288' title='bbox 1084 3897 1242 3970; x_wconf 89' lang='lat' dir='ltr'><strong>consilia.</strong></span> <span class='ocrx_word' id='word_1_289' title='bbox 1267 3896 1351 3991; x_wconf 90' lang='lat' dir='ltr'><strong>Ipsi,</strong></span> <span class='ocrx_word' id='word_1_290' title='bbox 1372 3902 1492 3967; x_wconf 88' lang='lat' dir='ltr'><strong>nostro</strong></span> <span class='ocrx_word' id='word_1_291' title='bbox 1519 3895 1624 3967; x_wconf 90' lang='lat' dir='ltr'><strong>etiam</strong></span> <span class='ocrx_word' id='word_1_292' title='bbox 1648 3895 1801 3981; x_wconf 89' lang='lat' dir='ltr'><strong>nomine,</strong></span> <span class='ocrx_word' id='word_1_293' title='bbox 1822 3895 1977 3969; x_wconf 91' lang='lat' dir='ltr'><strong>rationes</strong></span> <span class='ocrx_word' id='word_1_294' title='bbox 2008 3897 2083 3969; x_wconf 89' lang='lat' dir='ltr'><strong>Deo</strong></span> <span class='ocrx_word' id='word_1_295' title='bbox 2109 3896 2290 3983; x_wconf 87' lang='lat' dir='ltr'><strong>referent;</strong></span> 
     </span>
     <span class='ocr_line' id='line_1_27' title="bbox 676 4019 2293 4121; baseline -0.004 -23"><span class='ocrx_word' id='word_1_296' title='bbox 676 4054 692 4087; x_wconf 70' lang='lat' dir='ltr'><strong>e</strong></span> <span class='ocrx_word' id='word_1_297' title='bbox 714 4027 869 4121; x_wconf 91' lang='lat' dir='ltr'><strong>ipsorum</strong></span> <span class='ocrx_word' id='word_1_298' title='bbox 899 4023 1060 4096; x_wconf 91' lang='lat' dir='ltr'><strong>doctrina</strong></span> <span class='ocrx_word' id='word_1_299' title='bbox 1090 4021 1191 4093; x_wconf 91' lang='lat' dir='ltr'><strong>nobis</strong></span> <span class='ocrx_word' id='word_1_300' title='bbox 1212 4021 1354 4093; x_wconf 86' lang='lat' dir='ltr'><strong>minime</strong></span> <span class='ocrx_word' id='word_1_301' title='bbox 1383 4019 1500 4091; x_wconf 83' lang='lat' dir='ltr'><strong>fraudi</strong></span> <span class='ocrx_word' id='word_1_302' title='bbox 1519 4019 1643 4106; x_wconf 88' lang='lat' dir='ltr'><strong>fuerit;</strong></span> <span class='ocrx_word' id='word_1_303' title='bbox 1665 4043 1746 4091; x_wconf 90' lang='lat' dir='ltr'><strong>nam</strong></span> <span class='ocrx_word' id='word_1_304' title='bbox 1774 4020 1872 4114; x_wconf 85' lang='lat' dir='ltr'><strong>ipsis,</strong></span> <span class='ocrx_word' id='word_1_305' title='bbox 1894 4029 2045 4115; x_wconf 92' lang='lat' dir='ltr'><strong>oportet,</strong></span> <span class='ocrx_word' id='word_1_306' title='bbox 2078 4029 2209 4117; x_wconf 90' lang='lat' dir='ltr'><strong>praesto</strong></span> <span class='ocrx_word' id='word_1_307' title='bbox 2243 4021 2293 4096; x_wconf 90' lang='lat' dir='ltr'><strong>sit</strong></span> 
     </span>
     <span class='ocr_line' id='line_1_28' title="bbox 677 4143 2293 4246; baseline -0.002 -24"><span class='ocrx_word' id='word_1_308' title='bbox 677 4181 693 4212; x_wconf 69' lang='lat' dir='ltr'><strong><em>a</em></strong></span> <span class='ocrx_word' id='word_1_309' title='bbox 713 4151 905 4246; x_wconf 89' lang='lat' dir='ltr'><strong>promissus</strong></span> <span class='ocrx_word' id='word_1_310' title='bbox 934 4171 956 4221; x_wconf 86' lang='lat' dir='ltr'><strong>a</strong></span> <span class='ocrx_word' id='word_1_311' title='bbox 986 4148 1125 4222; x_wconf 83' lang='lat' dir='ltr'><strong>Christo</strong></span> <span class='ocrx_word' id='word_1_312' title='bbox 1155 4144 1305 4242; x_wconf 86' lang='lat' dir='ltr'><strong>Spiritus</strong></span> <span class='ocrx_word' id='word_1_313' title='bbox 1336 4145 1498 4229; x_wconf 87' lang='lat' dir='ltr'><strong>Sanctus,</strong></span> <span class='ocrx_word' id='word_1_314' title='bbox 1519 4144 1688 4238; x_wconf 88' lang='lat' dir='ltr'><strong>magister</strong></span> <span class='ocrx_word' id='word_1_315' title='bbox 1715 4143 1889 4218; x_wconf 87' lang='lat' dir='ltr'><strong>veritatis.</strong></span> <span class='ocrx_word' id='word_1_316' title='bbox 1910 4145 2050 4219; x_wconf 87' lang='lat' dir='ltr'><strong>Habent</strong></span> <span class='ocrx_word' id='word_1_317' title='bbox 2080 4145 2293 4220; x_wconf 86' lang='lat' dir='ltr'><strong>Pontificem</strong></span> 
     </span>
     <span class='ocr_line' id='line_1_29' title="bbox 676 4265 2288 4367; baseline -0.003 -20"><span class='ocrx_word' id='word_1_318' title='bbox 676 4305 692 4336; x_wconf 67' lang='lat' dir='ltr'><strong>a</strong></span> <span class='ocrx_word' id='word_1_319' title='bbox 714 4298 897 4358; x_wconf 90' lang='lat' dir='ltr'><strong>summum,</strong></span> <span class='ocrx_word' id='word_1_320' title='bbox 918 4279 1096 4367; x_wconf 89' lang='lat' dir='ltr'><strong>pastorem</strong></span> <span class='ocrx_word' id='word_1_321' title='bbox 1112 4270 1338 4366; x_wconf 66' lang='lat' dir='ltr'><strong>populorum</strong></span> <span class='ocrx_word' id='word_1_322' title='bbox 1360 4275 1480 4341; x_wconf 89' lang='lat' dir='ltr'><strong>sancte</strong></span> <span class='ocrx_word' id='word_1_323' title='bbox 1497 4267 1671 4363; x_wconf 88' lang='lat' dir='ltr'><strong>promissa</strong></span> <span class='ocrx_word' id='word_1_324' title='bbox 1688 4266 1768 4340; x_wconf 89' lang='lat' dir='ltr'><strong>divo</strong></span> <span class='ocrx_word' id='word_1_325' title='bbox 1788 4270 1893 4340; x_wconf 91' lang='lat' dir='ltr'><strong>Petro</strong></span> <span class='ocrx_word' id='word_1_326' title='bbox 1912 4265 2098 4365; x_wconf 89' lang='lat' dir='ltr'><strong>conjuncta</strong></span> <span class='ocrx_word' id='word_1_327' title='bbox 2111 4277 2193 4342; x_wconf 87' lang='lat' dir='ltr'><strong>sunt</strong></span> <span class='ocrx_word' id='word_1_328' title='bbox 2207 4293 2288 4342; x_wconf 89' lang='lat' dir='ltr'><strong>cum</strong></span> 
     </span>
     <span class='ocr_line' id='line_1_30' title="bbox 676 4393 2289 4492; baseline -0.002 -22"><span class='ocrx_word' id='word_1_329' title='bbox 676 4427 691 4458; x_wconf 69' lang='grc' dir='ltr'>κ</span> <span class='ocrx_word' id='word_1_330' title='bbox 713 4420 847 4470; x_wconf 89' lang='lat' dir='ltr'><strong>summa</strong></span> <span class='ocrx_word' id='word_1_331' title='bbox 868 4401 1062 4492; x_wconf 87' lang='lat' dir='ltr'><strong>potestate;</strong></span> <span class='ocrx_word' id='word_1_332' title='bbox 1098 4395 1230 4467; x_wconf 87' lang='lat' dir='ltr'><strong>habent</strong></span> <span class='ocrx_word' id='word_1_333' title='bbox 1256 4400 1396 4465; x_wconf 86' lang='lat' dir='ltr'><strong>sanctos</strong></span> <span class='ocrx_word' id='word_1_334' title='bbox 1430 4393 1677 4487; x_wconf 87' lang='lat' dir='ltr'><strong>sapientesque</strong></span> <span class='ocrx_word' id='word_1_335' title='bbox 1706 4393 1900 4488; x_wconf 89' lang='lat' dir='ltr'><strong>episcopos,</strong></span> <span class='ocrx_word' id='word_1_336' title='bbox 1921 4393 2166 4488; x_wconf 91' lang='lat' dir='ltr'><strong>antiquitatem</strong></span> <span class='ocrx_word' id='word_1_337' title='bbox 2195 4416 2289 4488; x_wconf 85' lang='lat' dir='ltr'><strong>grae-</strong></span> 
     </span>
     <span class='ocr_line' id='line_1_31' title="bbox 678 4515 2285 4613; baseline -0.002 -21"><span class='ocrx_word' id='word_1_338' title='bbox 678 4551 694 4582; x_wconf 71' lang='lat' dir='ltr'><strong>a</strong></span> <span class='ocrx_word' id='word_1_339' title='bbox 714 4543 833 4592; x_wconf 88' lang='lat' dir='ltr'><strong>corum</strong></span> <span class='ocrx_word' id='word_1_340' title='bbox 849 4525 988 4613; x_wconf 90' lang='lat' dir='ltr'><strong>patrum</strong></span> <span class='ocrx_word' id='word_1_341' title='bbox 1004 4517 1255 4599; x_wconf 88' lang='lat' dir='ltr'><strong>venerandam,</strong></span> <span class='ocrx_word' id='word_1_342' title='bbox 1273 4515 1457 4610; x_wconf 91' lang='lat' dir='ltr'><strong>omniaque</strong></span> <span class='ocrx_word' id='word_1_343' title='bbox 1481 4515 1636 4594; x_wconf 83' lang='lat' dir='ltr'><strong>veritatis</strong></span> <span class='ocrx_word' id='word_1_344' title='bbox 1664 4515 1885 4589; x_wconf 90' lang='lat' dir='ltr'><strong>documenta.</strong></span> <span class='ocrx_word' id='word_1_345' title='bbox 1906 4516 2039 4604; x_wconf 89' lang='lat' dir='ltr'><strong>Nolite,</strong></span> <span class='ocrx_word' id='word_1_346' title='bbox 2062 4540 2196 4612; x_wconf 88' lang='lat' dir='ltr'><strong>quaeso,</strong></span> <span class='ocrx_word' id='word_1_347' title='bbox 2212 4518 2285 4590; x_wconf 88' lang='lat' dir='ltr'><strong>exi·</strong></span> 
     </span>
     <span class='ocr_line' id='line_1_32' title="bbox 679 4638 2291 4736; baseline -0.002 -22"><span class='ocrx_word' id='word_1_348' title='bbox 679 4673 695 4706; x_wconf 72' lang='lat' dir='ltr'><strong>u</strong></span> <span class='ocrx_word' id='word_1_349' title='bbox 717 4643 874 4727; x_wconf 89' lang='lat' dir='ltr'><strong>stimare,</strong></span> <span class='ocrx_word' id='word_1_350' title='bbox 890 4664 954 4712; x_wconf 89' lang='lat' dir='ltr'><strong>nos</strong></span> <span class='ocrx_word' id='word_1_351' title='bbox 970 4641 1039 4713; x_wconf 93' lang='lat' dir='ltr'><strong>huc</strong></span> <span class='ocrx_word' id='word_1_352' title='bbox 1057 4665 1098 4713; x_wconf 95' lang='lat' dir='ltr'><strong>eo</strong></span> <span class='ocrx_word' id='word_1_353' title='bbox 1113 4639 1317 4713; x_wconf 86' lang='lat' dir='ltr'><strong>convenisse</strong></span> <span class='ocrx_word' id='word_1_354' title='bbox 1336 4639 1494 4724; x_wconf 89' lang='lat' dir='ltr'><strong>consilio,</strong></span> <span class='ocrx_word' id='word_1_355' title='bbox 1512 4645 1550 4711; x_wconf 89' lang='lat' dir='ltr'><strong>ut</strong></span> <span class='ocrx_word' id='word_1_356' title='bbox 1565 4638 1698 4734; x_wconf 90' lang='lat' dir='ltr'><strong>aliquid</strong></span> <span class='ocrx_word' id='word_1_357' title='bbox 1716 4640 1796 4713; x_wconf 89' lang='lat' dir='ltr'><strong>novi</strong></span> <span class='ocrx_word' id='word_1_358' title='bbox 1822 4640 1858 4711; x_wconf 92' lang='lat' dir='ltr'><strong>in</strong></span> <span class='ocrx_word' id='word_1_359' title='bbox 1892 4639 2009 4735; x_wconf 93' lang='lat' dir='ltr'><strong>aliquo</strong></span> <span class='ocrx_word' id='word_1_360' title='bbox 2037 4641 2152 4736; x_wconf 88' lang='lat' dir='ltr'><strong>capite</strong></span> <span class='ocrx_word' id='word_1_361' title='bbox 2170 4641 2291 4734; x_wconf 89' lang='lat' dir='ltr'><strong>legum</strong></span> 
     </span>
     <span class='ocr_line' id='line_1_33' title="bbox 679 4763 2290 4860; baseline -0.002 -20"><span class='ocrx_word' id='word_1_362' title='bbox 679 4795 696 4828; x_wconf 69' lang='lat' dir='ltr'><strong>e</strong></span> <span class='ocrx_word' id='word_1_363' title='bbox 717 4766 986 4840; x_wconf 83' lang='lat' dir='ltr'><strong>christianarum</strong></span> <span class='ocrx_word' id='word_1_364' title='bbox 1014 4772 1076 4838; x_wconf 89' lang='lat' dir='ltr'><strong>aut</strong></span> <span class='ocrx_word' id='word_1_365' title='bbox 1103 4763 1314 4860; x_wconf 91' lang='lat' dir='ltr'><strong>religionum</strong></span> <span class='ocrx_word' id='word_1_366' title='bbox 1338 4786 1402 4858; x_wconf 91' lang='lat' dir='ltr'><strong>per</strong></span> <span class='ocrx_word' id='word_1_367' title='bbox 1425 4763 1528 4836; x_wconf 86' lang='lat' dir='ltr'><strong>istam</strong></span> <span class='ocrx_word' id='word_1_368' title='bbox 1545 4788 1623 4836; x_wconf 90' lang='lat' dir='ltr'><strong>cum</strong></span> <span class='ocrx_word' id='word_1_369' title='bbox 1642 4765 1777 4837; x_wconf 86' lang='lat' dir='ltr'><strong>Graecis</strong></span> <span class='ocrx_word' id='word_1_370' title='bbox 1794 4764 2074 4860; x_wconf 87' lang='lat' dir='ltr'><strong>conjunctionem</strong></span> <span class='ocrx_word' id='word_1_371' title='bbox 2101 4788 2290 4848; x_wconf 87' lang='lat' dir='ltr'><strong>novemus;</strong></span> 
     </span>
     <span class='ocr_line' id='line_1_34' title="bbox 680 4887 2294 4984; baseline -0.002 -22"><span class='ocrx_word' id='word_1_372' title='bbox 680 4921 697 4954; x_wconf 75' lang='lat' dir='ltr'><strong>a</strong></span> <span class='ocrx_word' id='word_1_373' title='bbox 716 4889 806 4963; x_wconf 93' lang='lat' dir='ltr'><strong>nihil</strong></span> <span class='ocrx_word' id='word_1_374' title='bbox 833 4889 871 4961; x_wconf 91' lang='lat' dir='ltr'><strong>in</strong></span> <span class='ocrx_word' id='word_1_375' title='bbox 897 4911 1017 4983; x_wconf 89' lang='lat' dir='ltr'><strong>graeca</strong></span> <span class='ocrx_word' id='word_1_376' title='bbox 1045 4888 1199 4960; x_wconf 88' lang='lat' dir='ltr'><strong>latinave</strong></span> <span class='ocrx_word' id='word_1_377' title='bbox 1229 4887 1389 4974; x_wconf 77' lang='lat' dir='ltr'><strong>Ecclesia</strong></span> <span class='ocrx_word' id='word_1_378' title='bbox 1413 4887 1617 4959; x_wconf 88' lang='lat' dir='ltr'><strong>mutandum</strong></span> <span class='ocrx_word' id='word_1_379' title='bbox 1642 4909 1823 4973; x_wconf 87' lang='lat' dir='ltr'><strong>curamus;</strong></span> <span class='ocrx_word' id='word_1_380' title='bbox 1855 4889 1966 4984; x_wconf 91' lang='lat' dir='ltr'><strong>ipsius</strong></span> <span class='ocrx_word' id='word_1_381' title='bbox 1990 4888 2201 4973; x_wconf 85' lang='lat' dir='ltr'><strong>concordiae,</strong></span> <span class='ocrx_word' id='word_1_382' title='bbox 2224 4911 2294 4982; x_wconf 86' lang='lat' dir='ltr'><strong>qua</strong></span> 
     </span>
     <span class='ocr_line' id='line_1_35' title="bbox 681 5011 1642 5106; baseline -0.005 -19"><span class='ocrx_word' id='word_1_383' title='bbox 681 5044 697 5077; x_wconf 71' lang='lat' dir='ltr'><strong>e</strong></span> <span class='ocrx_word' id='word_1_384' title='bbox 718 5014 831 5087; x_wconf 91' lang='lat' dir='ltr'><strong>nostri</strong></span> <span class='ocrx_word' id='word_1_385' title='bbox 848 5011 1047 5085; x_wconf 88' lang='lat' dir='ltr'><strong>coalescant</strong></span> <span class='ocrx_word' id='word_1_386' title='bbox 1063 5012 1183 5098; x_wconf 89' lang='lat' dir='ltr'><strong>animi,</strong></span> <span class='ocrx_word' id='word_1_387' title='bbox 1203 5035 1431 5106; x_wconf 90' lang='lat' dir='ltr'><strong>procuramus</strong></span> <span class='ocrx_word' id='word_1_388' title='bbox 1449 5012 1642 5106; x_wconf 89' lang='lat' dir='ltr'><strong>negotium.</strong></span> 
     </span>
    </p>
   </div>
   <div class='ocr_carea' id='block_1_3' title="bbox 729 5134 2293 5230">
    <p class='ocr_par' dir='ltr' id='par_1_4' title="bbox 729 5134 2293 5230">
     <span class='ocr_line' id='line_1_36' title="bbox 729 5134 2293 5230; baseline -0.003 -19"><span class='ocrx_word' id='word_1_389' title='bbox 729 5167 746 5200; x_wconf 70' lang='grc' dir='ltr'>κ</span> <span class='ocrx_word' id='word_1_390' title='bbox 766 5139 788 5211; x_wconf 88' lang='lat' dir='ltr'>J</span> <span class='ocrx_word' id='word_1_391' title='bbox 791 5160 847 5210; x_wconf 92' lang='lat' dir='ltr'><strong>am</strong></span> <span class='ocrx_word' id='word_1_392' title='bbox 864 5159 927 5210; x_wconf 84' lang='lat' dir='ltr'><strong>vos</strong></span> <span class='ocrx_word' id='word_1_393' title='bbox 944 5135 1077 5218; x_wconf 88' lang='lat' dir='ltr'><strong>miseri,</strong></span> <span class='ocrx_word' id='word_1_394' title='bbox 1093 5135 1252 5208; x_wconf 86' lang='lat' dir='ltr'><strong>Vladicae</strong></span> <span class='ocrx_word' id='word_1_395' title='bbox 1266 5136 1348 5216; x_wconf 89' lang='lat' dir='ltr'><strong>duo,</strong></span> <span class='ocrx_word' id='word_1_396' title='bbox 1368 5157 1557 5230; x_wconf 92' lang='lat' dir='ltr'><strong>omnesque</strong></span> <span class='ocrx_word' id='word_1_397' title='bbox 1571 5157 1686 5230; x_wconf 90' lang='lat' dir='ltr'><strong>popae,</strong></span> <span class='ocrx_word' id='word_1_398' title='bbox 1714 5134 1839 5229; x_wconf 91' lang='lat' dir='ltr'><strong>ecquid</strong></span> <span class='ocrx_word' id='word_1_399' title='bbox 1859 5135 1990 5230; x_wconf 75' lang='lat' dir='ltr'><strong>agitist</strong></span> <span class='ocrx_word' id='word_1_400' title='bbox 2005 5134 2088 5230; x_wconf 92' lang='lat' dir='ltr'><strong>quid</strong></span> <span class='ocrx_word' id='word_1_401' title='bbox 2101 5134 2293 5230; x_wconf 87' lang='lat' dir='ltr'><strong>prudentes</strong></span> 
     </span>
    </p>
   </div>
   <div class='ocr_carea' id='block_1_4' title="bbox 0 0 2494 6644">
    <p class='ocr_par' dir='ltr' id='par_1_5' title="bbox 0 0 2494 6644">
     <span class='ocr_line' id='line_1_37' title="bbox 0 0 2494 6644; baseline 0 0"><span class='ocrx_word' id='word_1_402' title='bbox 0 0 2494 6644; x_wconf 95' lang='lat' dir='ltr'><strong> </strong></span> 
     </span>
    </p>
   </div>
  </div>
 </body>
</html>
