<?xml version="1.0" encoding="UTF-8"?>
<!DOCTYPE html PUBLIC "-//W3C//DTD XHTML 1.0 Transitional//EN"
    "http://www.w3.org/TR/xhtml1/DTD/xhtml1-transitional.dtd">
<html xmlns="http://www.w3.org/1999/xhtml" xml:lang="en" lang="en">
 <head>
  <title>
</title>
<meta http-equiv="Content-Type" content="text/html;charset=utf-8" />
  <meta name='ocr-system' content='tesseract 3.04.00' />
  <meta name='ocr-capabilities' content='ocr_page ocr_carea ocr_par ocr_line ocrx_word'/>
</head>
<body>
  <div class='ocr_page' id='page_1' title='image "./lituanicarumsoc00rostgoog_0064.png"; bbox 0 0 4906 6642; ppageno 0'>
   <div class='ocr_carea' id='block_1_1' title="bbox 678 791 1741 871">
    <p class='ocr_par' dir='ltr' id='par_1_1' title="bbox 678 791 1741 871">
     <span class='ocr_line' id='line_1_1' title="bbox 678 791 1741 871; baseline -0.013 -10"><span class='ocrx_word' id='word_1_1' title='bbox 678 797 787 860; x_wconf 79' lang='lat' dir='ltr'><strong>umus</strong></span> <span class='ocrx_word' id='word_1_2' title='bbox 810 793 946 856; x_wconf 73' lang='lat' dir='ltr'><strong>paruus</strong></span> <span class='ocrx_word' id='word_1_3' title='bbox 970 791 1184 871; x_wconf 68' lang='lat' dir='ltr'><strong>(laer-raro).</strong></span> <span class='ocrx_word' id='word_1_4' title='bbox 1207 847 1210 856; x_wconf 78' lang='grc'><strong>,</strong></span> <span class='ocrx_word' id='word_1_5' title='bbox 1702 791 1741 856; x_wconf 82' lang='lat'><strong>37</strong></span> 
     </span>
    </p>
   </div>
   <div class='ocr_carea' id='block_1_2' title="bbox 44 975 1836 1072">
    <p class='ocr_par' dir='ltr' id='par_1_2' title="bbox 44 975 1836 1072">
     <span class='ocr_line' id='line_1_2' title="bbox 44 975 1836 1072; baseline -0.004 -22"><span class='ocrx_word' id='word_1_6' title='bbox 44 1047 45 1050; x_wconf 74' lang='grc'>,</span> <span class='ocrx_word' id='word_1_7' title='bbox 140 979 308 1056; x_wconf 65' lang='lat' dir='ltr'><strong>:amando</strong></span> <span class='ocrx_word' id='word_1_8' title='bbox 320 987 358 1052; x_wconf 92' lang='lat' dir='ltr'><strong>et</strong></span> <span class='ocrx_word' id='word_1_9' title='bbox 370 978 517 1052; x_wconf 91' lang='lat' dir='ltr'><strong>colendo</strong></span> <span class='ocrx_word' id='word_1_10' title='bbox 534 986 724 1054; x_wconf 79' lang='lat' dir='ltr'><strong>certarent.</strong></span> <span class='ocrx_word' id='word_1_11' title='bbox 748 1013 765 1048; x_wconf 64' lang='lat' dir='ltr'><strong>a</strong></span> <span class='ocrx_word' id='word_1_12' title='bbox 786 976 841 1052; x_wconf 87' lang='lat' dir='ltr'><strong>Ad</strong></span> <span class='ocrx_word' id='word_1_13' title='bbox 853 996 1012 1049; x_wconf 89' lang='lat' dir='ltr'><strong>mensam</strong></span> <span class='ocrx_word' id='word_1_14' title='bbox 1029 979 1260 1066; x_wconf 87' lang='lat' dir='ltr'><strong>opportunum</strong></span> <span class='ocrx_word' id='word_1_15' title='bbox 1278 983 1417 1072; x_wconf 90' lang='lat' dir='ltr'><strong>tempus</strong></span> <span class='ocrx_word' id='word_1_16' title='bbox 1427 978 1603 1051; x_wconf 88' lang='lat' dir='ltr'><strong>sermonis·</strong></span> <span class='ocrx_word' id='word_1_17' title='bbox 1613 978 1657 1050; x_wconf 94' lang='lat' dir='ltr'><strong>de</strong></span> <span class='ocrx_word' id='word_1_18' title='bbox 1665 975 1745 1050; x_wconf 92' lang='lat' dir='ltr'><strong>reli-</strong></span> <span class='ocrx_word' id='word_1_19' title='bbox 1772 987 1836 1042; x_wconf 78' lang='lat'>1570</span> 
     </span>
    </p>
   </div>
   <div class='ocr_carea' id='block_1_3' title="bbox 44 1597 1867 1699">
    <p class='ocr_par' dir='ltr' id='par_1_3' title="bbox 44 1597 1867 1699">
     <span class='ocr_line' id='line_1_3' title="bbox 44 1597 1867 1699; baseline -0.002 -23"><span class='ocrx_word' id='word_1_20' title='bbox 44 1597 45 1600; x_wconf 56' lang='grc'>’</span> <span class='ocrx_word' id='word_1_21' title='bbox 139 1603 225 1698; x_wconf 89' lang='lat' dir='ltr'><strong>paulo</strong></span> <span class='ocrx_word' id='word_1_22' title='bbox 255 1603 450 1685; x_wconf 88' lang='lat' dir='ltr'><strong>catholicis,</strong></span> <span class='ocrx_word' id='word_1_23' title='bbox 470 1601 586 1676; x_wconf 85' lang='lat' dir='ltr'><strong>valere</strong></span> <span class='ocrx_word' id='word_1_24' title='bbox 597 1601 718 1699; x_wconf 88' lang='lat' dir='ltr'><strong>jussit.</strong></span> <span class='ocrx_word' id='word_1_25' title='bbox 746 1600 791 1670; x_wconf 91' lang='lat' dir='ltr'><strong>In</strong></span> <span class='ocrx_word' id='word_1_26' title='bbox 810 1598 894 1670; x_wconf 90' lang='lat' dir='ltr'><strong>urbe</strong></span> <span class='ocrx_word' id='word_1_27' title='bbox 923 1601 1063 1675; x_wconf 90' lang='lat' dir='ltr'><strong>iuterim</strong></span> <span class='ocrx_word' id='word_1_28' title='bbox 1095 1626 1275 1679; x_wconf 84' lang='lat' dir='ltr'><strong>sermones</strong></span> <span class='ocrx_word' id='word_1_29' title='bbox 1302 1603 1346 1676; x_wconf 91' lang='lat' dir='ltr'><strong>de</strong></span> <span class='ocrx_word' id='word_1_30' title='bbox 1362 1603 1384 1675; x_wconf 87' lang='lat' dir='ltr'>J</span> <span class='ocrx_word' id='word_1_31' title='bbox 1388 1603 1510 1676; x_wconf 89' lang='lat' dir='ltr'><strong>esuitis</strong></span> <span class='ocrx_word' id='word_1_32' title='bbox 1529 1603 1621 1674; x_wconf 91' lang='lat' dir='ltr'><strong>inter</strong></span> <span class='ocrx_word' id='word_1_33' title='bbox 1649 1600 1867 1674; x_wconf 68' lang='lat' dir='ltr'><strong>civesP08112·</strong></span> 
     </span>
    </p>
   </div>
   <div class='ocr_carea' id='block_1_4' title="bbox 139 1098 1746 1572">
    <p class='ocr_par' dir='ltr' id='par_1_4' title="bbox 139 1085 1746 1572">
     <span class='ocr_line' id='line_1_4' title="bbox 139 1098 1740 1201; baseline -0.001 -24"><span class='ocrx_word' id='word_1_34' title='bbox 139 1104 225 1201; x_wconf 89' lang='lat' dir='ltr'><strong>gione</strong></span> <span class='ocrx_word' id='word_1_35' title='bbox 240 1103 376 1176; x_wconf 88' lang='lat' dir='ltr'><strong>sincera</strong></span> <span class='ocrx_word' id='word_1_36' title='bbox 399 1102 574 1177; x_wconf 91' lang='lat' dir='ltr'><strong>inferendi</strong></span> <span class='ocrx_word' id='word_1_37' title='bbox 592 1112 730 1188; x_wconf 87' lang='lat' dir='ltr'><strong>nactus,</strong></span> <span class='ocrx_word' id='word_1_38' title='bbox 750 1125 821 1177; x_wconf 90' lang='lat' dir='ltr'><strong>non</strong></span> <span class='ocrx_word' id='word_1_39' title='bbox 838 1099 966 1184; x_wconf 88' lang='lat' dir='ltr'><strong>omisit,</strong></span> <span class='ocrx_word' id='word_1_40' title='bbox 987 1119 1067 1191; x_wconf 91' lang='lat' dir='ltr'><strong>quae</strong></span> <span class='ocrx_word' id='word_1_41' title='bbox 1088 1098 1303 1173; x_wconf 87' lang='lat' dir='ltr'><strong>convivatori</strong></span> <span class='ocrx_word' id='word_1_42' title='bbox 1317 1102 1488 1176; x_wconf 87' lang='lat' dir='ltr'><strong>salutaria</strong></span> <span class='ocrx_word' id='word_1_43' title='bbox 1503 1104 1632 1186; x_wconf 90' lang='lat' dir='ltr'><strong>forent,</strong></span> <span class='ocrx_word' id='word_1_44' title='bbox 1653 1101 1740 1176; x_wconf 91' lang='lat' dir='ltr'><strong>scite</strong></span> 
     </span>
     <span class='ocr_line' id='line_1_5' title="bbox 140 1219 1741 1326; baseline -0.002 -24"><span class='ocrx_word' id='word_1_45' title='bbox 140 1226 400 1324; x_wconf 85' lang='lat' dir='ltr'><strong>suggerere.Sed</strong></span> <span class='ocrx_word' id='word_1_46' title='bbox 418 1227 535 1323; x_wconf 91' lang='lat' dir='ltr'><strong>opinio</strong></span> <span class='ocrx_word' id='word_1_47' title='bbox 548 1229 778 1326; x_wconf 88' lang='lat' dir='ltr'><strong>praejudicata</strong></span> <span class='ocrx_word' id='word_1_48' title='bbox 790 1226 869 1322; x_wconf 92' lang='lat' dir='ltr'><strong>plus</strong></span> <span class='ocrx_word' id='word_1_49' title='bbox 887 1223 998 1296; x_wconf 89' lang='lat' dir='ltr'><strong>valuit</strong></span> <span class='ocrx_word' id='word_1_50' title='bbox 1013 1221 1051 1292; x_wconf 93' lang='lat' dir='ltr'><strong>in</strong></span> <span class='ocrx_word' id='word_1_51' title='bbox 1067 1219 1220 1310; x_wconf 90' lang='lat' dir='ltr'><strong>homine,</strong></span> <span class='ocrx_word' id='word_1_52' title='bbox 1241 1248 1343 1320; x_wconf 91' lang='lat' dir='ltr'><strong>quam</strong></span> <span class='ocrx_word' id='word_1_53' title='bbox 1355 1233 1395 1300; x_wconf 94' lang='lat' dir='ltr'><strong>ut</strong></span> <span class='ocrx_word' id='word_1_54' title='bbox 1406 1227 1481 1311; x_wconf 90' lang='lat' dir='ltr'><strong>illa,</strong></span> <span class='ocrx_word' id='word_1_55' title='bbox 1501 1227 1637 1300; x_wconf 90' lang='lat' dir='ltr'><strong>tantulo</strong></span> <span class='ocrx_word' id='word_1_56' title='bbox 1651 1248 1741 1321; x_wconf 84' lang='lat' dir='ltr'><strong>prae·</strong></span> 
     </span>
     <span class='ocr_line' id='line_1_6' title="bbox 141 1345 1742 1448; baseline -0.002 -23"><span class='ocrx_word' id='word_1_57' title='bbox 141 1352 241 1426; x_wconf 90' lang='lat' dir='ltr'><strong>sertim</strong></span> <span class='ocrx_word' id='word_1_58' title='bbox 257 1358 427 1448; x_wconf 90' lang='lat' dir='ltr'><strong>tempore,</strong></span> <span class='ocrx_word' id='word_1_59' title='bbox 460 1359 496 1426; x_wconf 90' lang='lat' dir='ltr'><strong>ct</strong></span> <span class='ocrx_word' id='word_1_60' title='bbox 523 1353 601 1427; x_wconf 93' lang='lat' dir='ltr'><strong>loco</strong></span> <span class='ocrx_word' id='word_1_61' title='bbox 619 1350 871 1427; x_wconf 87' lang='lat' dir='ltr'><strong>controversiis</strong></span> <span class='ocrx_word' id='word_1_62' title='bbox 887 1370 960 1420; x_wconf 90' lang='lat' dir='ltr'><strong>non</strong></span> <span class='ocrx_word' id='word_1_63' title='bbox 975 1367 1052 1431; x_wconf 87' lang='lat' dir='ltr'><strong>suc,</strong></span> <span class='ocrx_word' id='word_1_64' title='bbox 1082 1345 1186 1419; x_wconf 86' lang='lat' dir='ltr'><strong>evelli</strong></span> <span class='ocrx_word' id='word_1_65' title='bbox 1203 1358 1322 1443; x_wconf 89' lang='lat' dir='ltr'><strong>posset</strong></span> <span class='ocrx_word' id='word_1_66' title='bbox 1350 1373 1395 1424; x_wconf 87' lang='lat' dir='ltr'><strong>ex</strong></span> <span class='ocrx_word' id='word_1_67' title='bbox 1422 1352 1548 1424; x_wconf 90' lang='lat' dir='ltr'><strong>animo.</strong></span> <span class='ocrx_word' id='word_1_68' title='bbox 1569 1350 1742 1425; x_wconf 83' lang='lat' dir='ltr'><strong>Affectam</strong></span> 
     </span>
     <span class='ocr_line' id='line_1_7' title="bbox 140 1471 1746 1572; baseline -0.002 -23"><span class='ocrx_word' id='word_1_69' title='bbox 140 1483 304 1569; x_wconf 88' lang='lat' dir='ltr'><strong>utcumque</strong></span> <span class='ocrx_word' id='word_1_70' title='bbox 320 1497 396 1548; x_wconf 89' lang='lat' dir='ltr'><strong>rem</strong></span> <span class='ocrx_word' id='word_1_71' title='bbox 422 1498 514 1562; x_wconf 91' lang='lat' dir='ltr'><strong>esse,</strong></span> <span class='ocrx_word' id='word_1_72' title='bbox 533 1483 776 1572; x_wconf 88' lang='lat' dir='ltr'><strong>tentatumque</strong></span> <span class='ocrx_word' id='word_1_73' title='bbox 801 1471 957 1544; x_wconf 91' lang='lat' dir='ltr'><strong>animum</strong></span> <span class='ocrx_word' id='word_1_74' title='bbox 975 1475 1061 1548; x_wconf 90' lang='lat' dir='ltr'><strong>satis</strong></span> <span class='ocrx_word' id='word_1_75' title='bbox 1089 1476 1238 1559; x_wconf 89' lang='lat' dir='ltr'><strong>habeus,</strong></span> <span class='ocrx_word' id='word_1_76' title='bbox 1271 1475 1408 1558; x_wconf 86' lang='lat' dir='ltr'><strong>herum,</strong></span> <span class='ocrx_word' id='word_1_77' title='bbox 1440 1475 1641 1548; x_wconf 85' lang='lat' dir='ltr'><strong>amiciorem</strong></span> <span class='ocrx_word' id='word_1_78' title='bbox 1668 1475 1746 1570; x_wconf 89' lang='lat' dir='ltr'><strong>jam</strong></span> 
     </span>
    </p>
   </div>
   <div class='ocr_carea' id='block_1_5' title="bbox 1769 1680 1880 1735">
    <p class='ocr_par' dir='ltr' id='par_1_5' title="bbox 1769 1680 1880 1735">
     <span class='ocr_line' id='line_1_8' title="bbox 1769 1680 1880 1735; baseline 0.018 -1"><span class='ocrx_word' id='word_1_79' title='bbox 1769 1680 1880 1735; x_wconf 80' lang='lat' dir='ltr'><strong>uieuseo</strong></span> 
     </span>
    </p>
   </div>
   <div class='ocr_carea' id='block_1_6' title="bbox 44 1723 1910 1824">
    <p class='ocr_par' dir='ltr' id='par_1_6' title="bbox 44 1723 1910 1824">
     <span class='ocr_line' id='line_1_9' title="bbox 44 1723 1910 1824; baseline -0.002 -22"><span class='ocrx_word' id='word_1_80' title='bbox 44 1773 45 1776; x_wconf 17' lang='grc' dir='ltr'>π</span> <span class='ocrx_word' id='word_1_81' title='bbox 141 1737 168 1802; x_wconf 87' lang='lat' dir='ltr'><strong>et</strong></span> <span class='ocrx_word' id='word_1_82' title='bbox 181 1729 318 1802; x_wconf 87' lang='lat' dir='ltr'><strong>consilia</strong></span> <span class='ocrx_word' id='word_1_83' title='bbox 339 1755 347 1800; x_wconf 93' lang='lat'>:</span> <span class='ocrx_word' id='word_1_84' title='bbox 370 1730 510 1824; x_wconf 92' lang='lat' dir='ltr'><strong>quando</strong></span> <span class='ocrx_word' id='word_1_85' title='bbox 528 1729 662 1802; x_wconf 88' lang='lat' dir='ltr'><strong>civitati</strong></span> <span class='ocrx_word' id='word_1_86' title='bbox 679 1747 753 1798; x_wconf 88' lang='lat' dir='ltr'><strong>suae</strong></span> <span class='ocrx_word' id='word_1_87' title='bbox 779 1723 858 1818; x_wconf 86' lang='lat' dir='ltr'><strong>ipsa</strong></span> <span class='ocrx_word' id='word_1_88' title='bbox 882 1726 948 1798; x_wconf 93' lang='lat' dir='ltr'><strong>Dei</strong></span> <span class='ocrx_word' id='word_1_89' title='bbox 964 1729 1184 1822; x_wconf 89' lang='lat' dir='ltr'><strong>providentia</strong></span> <span class='ocrx_word' id='word_1_90' title='bbox 1205 1727 1365 1800; x_wconf 93' lang='lat' dir='ltr'><strong>homines</strong></span> <span class='ocrx_word' id='word_1_91' title='bbox 1383 1727 1592 1801; x_wconf 87' lang='lat' dir='ltr'><strong>eSocietate</strong></span> <span class='ocrx_word' id='word_1_92' title='bbox 1607 1725 1745 1800; x_wconf 82' lang='lat' dir='ltr'><strong>deside·</strong></span> <span class='ocrx_word' id='word_1_93' title='bbox 1771 1758 1910 1813; x_wconf 58' lang='lat' dir='ltr'><strong>soeiflaq,</strong></span> 
     </span>
    </p>
   </div>
   <div class='ocr_carea' id='block_1_7' title="bbox 44 2087 46 2208">
    <p class='ocr_par' dir='ltr' id='par_1_7' title="bbox 44 2087 46 2208">
     <span class='ocr_line' id='line_1_10' title="bbox 44 2087 46 2208; baseline 0 0"><span class='ocrx_word' id='word_1_94' title='bbox 44 2087 46 2208; x_wconf 79' lang='lat' dir='ltr'><strong>l</strong></span> 
     </span>
    </p>
   </div>
   <div class='ocr_carea' id='block_1_8' title="bbox 141 1837 1871 2197">
    <p class='ocr_par' dir='ltr' id='par_1_8' title="bbox 141 1837 1871 2197">
     <span class='ocr_line' id='line_1_11' title="bbox 141 1837 1871 1949; baseline -0.001 -25"><span class='ocrx_word' id='word_1_95' title='bbox 141 1853 249 1927; x_wconf 86' lang='lat' dir='ltr'><strong>rabiles</strong></span> <span class='ocrx_word' id='word_1_96' title='bbox 265 1855 473 1939; x_wconf 86' lang='lat' dir='ltr'><strong>obtulisset;</strong></span> <span class='ocrx_word' id='word_1_97' title='bbox 503 1855 628 1949; x_wconf 91' lang='lat' dir='ltr'><strong>quibus</strong></span> <span class='ocrx_word' id='word_1_98' title='bbox 652 1873 713 1925; x_wconf 88' lang='lat' dir='ltr'><strong>eos</strong></span> <span class='ocrx_word' id='word_1_99' title='bbox 742 1848 937 1922; x_wconf 89' lang='lat' dir='ltr'><strong>rationibus</strong></span> <span class='ocrx_word' id='word_1_100' title='bbox 955 1855 1047 1948; x_wconf 91' lang='lat' dir='ltr'><strong>apud</strong></span> <span class='ocrx_word' id='word_1_101' title='bbox 1075 1878 1112 1927; x_wconf 90' lang='lat' dir='ltr'><strong>se</strong></span> <span class='ocrx_word' id='word_1_102' title='bbox 1138 1853 1343 1936; x_wconf 82' lang='lat' dir='ltr'><strong>retinerent,</strong></span> <span class='ocrx_word' id='word_1_103' title='bbox 1378 1850 1564 1948; x_wconf 87' lang='lat' dir='ltr'><strong>pluresque</strong></span> <span class='ocrx_word' id='word_1_104' title='bbox 1592 1851 1676 1924; x_wconf 89' lang='lat' dir='ltr'><strong>inde</strong></span> <span class='ocrx_word' id='word_1_105' title='bbox 1702 1875 1746 1923; x_wconf 88' lang='lat' dir='ltr'><strong>ex</strong></span> <span class='ocrx_word' id='word_1_106' title='bbox 1771 1837 1871 1909; x_wconf 73' lang='lat' dir='ltr'><strong>suptar,</strong></span> 
     </span>
     <span class='ocr_line' id='line_1_12' title="bbox 142 1973 1743 2072; baseline -0.001 -22"><span class='ocrx_word' id='word_1_107' title='bbox 142 1978 245 2051; x_wconf 84' lang='lat' dir='ltr'><strong>eadem</strong></span> <span class='ocrx_word' id='word_1_108' title='bbox 271 1979 405 2052; x_wconf 89' lang='lat' dir='ltr'><strong>familia</strong></span> <span class='ocrx_word' id='word_1_109' title='bbox 436 1979 608 2052; x_wconf 86' lang='lat' dir='ltr'><strong>haberent</strong></span> <span class='ocrx_word' id='word_1_110' title='bbox 633 1973 871 2050; x_wconf 87' lang='lat' dir='ltr'><strong>domesticos:</strong></span> <span class='ocrx_word' id='word_1_111' title='bbox 906 1977 1127 2052; x_wconf 83' lang='lat' dir='ltr'><strong>excitandam</strong></span> <span class='ocrx_word' id='word_1_112' title='bbox 1156 1977 1341 2072; x_wconf 90' lang='lat' dir='ltr'><strong>inprimis</strong></span> <span class='ocrx_word' id='word_1_113' title='bbox 1370 1977 1510 2049; x_wconf 91' lang='lat' dir='ltr'><strong>domum</strong></span> <span class='ocrx_word' id='word_1_114' title='bbox 1540 1975 1743 2059; x_wconf 85' lang='lat' dir='ltr'><strong>invitandis,</strong></span> 
     </span>
     <span class='ocr_line' id='line_1_13' title="bbox 143 2098 1749 2197; baseline 0 -26"><span class='ocrx_word' id='word_1_115' title='bbox 143 2099 364 2172; x_wconf 79' lang='lat' dir='ltr'><strong>edificandum</strong></span> <span class='ocrx_word' id='word_1_116' title='bbox 378 2100 561 2195; x_wconf 91' lang='lat' dir='ltr'><strong>templum,</strong></span> <span class='ocrx_word' id='word_1_117' title='bbox 581 2122 743 2172; x_wconf 90' lang='lat' dir='ltr'><strong>nummos</strong></span> <span class='ocrx_word' id='word_1_118' title='bbox 769 2105 805 2175; x_wconf 93' lang='lat' dir='ltr'><strong>in</strong></span> <span class='ocrx_word' id='word_1_119' title='bbox 828 2123 902 2173; x_wconf 90' lang='lat' dir='ltr'><strong>rem</strong></span> <span class='ocrx_word' id='word_1_120' title='bbox 920 2101 1161 2175; x_wconf 90' lang='lat' dir='ltr'><strong>conferendos.</strong></span> <span class='ocrx_word' id='word_1_121' title='bbox 1192 2101 1366 2172; x_wconf 85' lang='lat' dir='ltr'><strong>Haesisset</strong></span> <span class='ocrx_word' id='word_1_122' title='bbox 1385 2101 1442 2172; x_wconf 93' lang='lat' dir='ltr'><strong>hic</strong></span> <span class='ocrx_word' id='word_1_123' title='bbox 1450 2102 1527 2197; x_wconf 88' lang='lat' dir='ltr'><strong>jam</strong></span> <span class='ocrx_word' id='word_1_124' title='bbox 1549 2123 1628 2173; x_wconf 91' lang='lat' dir='ltr'><strong>cum</strong></span> <span class='ocrx_word' id='word_1_125' title='bbox 1645 2098 1749 2171; x_wconf 86' lang='lat' dir='ltr'><strong>Socio</strong></span> 
     </span>
    </p>
   </div>
   <div class='ocr_carea' id='block_1_9' title="bbox 44 2217 1745 2317">
    <p class='ocr_par' dir='ltr' id='par_1_9' title="bbox 44 2217 1745 2317">
     <span class='ocr_line' id='line_1_14' title="bbox 44 2217 1745 2317; baseline 0.001 -23"><span class='ocrx_word' id='word_1_126' title='bbox 44 2217 45 2312; x_wconf 76' lang='lat' dir='ltr'>j</span> <span class='ocrx_word' id='word_1_127' title='bbox 143 2223 276 2316; x_wconf 84' lang='lat' dir='ltr'><strong>Magius,</strong></span> <span class='ocrx_word' id='word_1_128' title='bbox 303 2224 334 2295; x_wconf 91' lang='lat' dir='ltr'><strong>si</strong></span> <span class='ocrx_word' id='word_1_129' title='bbox 363 2224 588 2317; x_wconf 91' lang='lat' dir='ltr'><strong>profectionis</strong></span> <span class='ocrx_word' id='word_1_130' title='bbox 620 2225 658 2297; x_wconf 93' lang='lat' dir='ltr'><strong>in</strong></span> <span class='ocrx_word' id='word_1_131' title='bbox 688 2227 889 2302; x_wconf 89' lang='lat' dir='ltr'><strong>Lituaniam</strong></span> <span class='ocrx_word' id='word_1_132' title='bbox 914 2226 1132 2299; x_wconf 83' lang='lat' dir='ltr'><strong>maturandae</strong></span> <span class='ocrx_word' id='word_1_133' title='bbox 1161 2224 1313 2298; x_wconf 86' lang='lat' dir='ltr'><strong>leviores</strong></span> <span class='ocrx_word' id='word_1_134' title='bbox 1341 2225 1396 2296; x_wconf 91' lang='lat' dir='ltr'><strong>bis</strong></span> <span class='ocrx_word' id='word_1_135' title='bbox 1415 2248 1537 2298; x_wconf 89' lang='lat' dir='ltr'><strong>causas</strong></span> <span class='ocrx_word' id='word_1_136' title='bbox 1552 2225 1745 2298; x_wconf 87' lang='lat' dir='ltr'><strong>habuisset.</strong></span> 
     </span>
    </p>
   </div>
   <div class='ocr_carea' id='block_1_10' title="bbox 143 2349 1752 3072">
    <p class='ocr_par' dir='ltr' id='par_1_10' title="bbox 143 2349 1752 3072">
     <span class='ocr_line' id='line_1_15' title="bbox 144 2349 1750 2447; baseline 0.001 -27"><span class='ocrx_word' id='word_1_137' title='bbox 144 2349 271 2427; x_wconf 84' lang='lat' dir='ltr'><strong>Quando</strong></span> <span class='ocrx_word' id='word_1_138' title='bbox 289 2349 431 2444; x_wconf 91' lang='lat' dir='ltr'><strong>quidem</strong></span> <span class='ocrx_word' id='word_1_139' title='bbox 447 2351 560 2424; x_wconf 91' lang='lat' dir='ltr'><strong>teneri</strong></span> <span class='ocrx_word' id='word_1_140' title='bbox 582 2361 842 2447; x_wconf 88' lang='lat' dir='ltr'><strong>nonpoterant,</strong></span> <span class='ocrx_word' id='word_1_141' title='bbox 874 2351 1067 2422; x_wconf 85' lang='lat' dir='ltr'><strong>viatoribus</strong></span> <span class='ocrx_word' id='word_1_142' title='bbox 1096 2350 1188 2423; x_wconf 87' lang='lat' dir='ltr'><strong>caris</strong></span> <span class='ocrx_word' id='word_1_143' title='bbox 1216 2356 1358 2422; x_wconf 89' lang='lat' dir='ltr'><strong>senatus</strong></span> <span class='ocrx_word' id='word_1_144' title='bbox 1380 2349 1521 2421; x_wconf 88' lang='lat' dir='ltr'><strong>urbicus</strong></span> <span class='ocrx_word' id='word_1_145' title='bbox 1537 2349 1750 2444; x_wconf 83' lang='lat' dir='ltr'><strong>praetoriano</strong></span> 
     </span>
     <span class='ocr_line' id='line_1_16' title="bbox 144 2471 1752 2570; baseline 0.003 -28"><span class='ocrx_word' id='word_1_146' title='bbox 144 2494 195 2542; x_wconf 89' lang='lat' dir='ltr'><strong>suo</strong></span> <span class='ocrx_word' id='word_1_147' title='bbox 216 2473 359 2546; x_wconf 90' lang='lat' dir='ltr'><strong>consilio</strong></span> <span class='ocrx_word' id='word_1_148' title='bbox 376 2474 522 2548; x_wconf 88' lang='lat' dir='ltr'><strong>liberale</strong></span> <span class='ocrx_word' id='word_1_149' title='bbox 542 2475 700 2549; x_wconf 89' lang='lat' dir='ltr'><strong>decernit</strong></span> <span class='ocrx_word' id='word_1_150' title='bbox 725 2477 913 2559; x_wconf 83' lang='lat' dir='ltr'><strong>viaticum;</strong></span> <span class='ocrx_word' id='word_1_151' title='bbox 943 2475 1047 2569; x_wconf 90' lang='lat' dir='ltr'><strong>idque</strong></span> <span class='ocrx_word' id='word_1_152' title='bbox 1072 2499 1136 2570; x_wconf 90' lang='lat' dir='ltr'><strong>per</strong></span> <span class='ocrx_word' id='word_1_153' title='bbox 1153 2474 1314 2547; x_wconf 90' lang='lat' dir='ltr'><strong>consules</strong></span> <span class='ocrx_word' id='word_1_154' title='bbox 1332 2471 1434 2546; x_wconf 87' lang='lat' dir='ltr'><strong>offert</strong></span> <span class='ocrx_word' id='word_1_155' title='bbox 1451 2497 1529 2546; x_wconf 89' lang='lat' dir='ltr'><strong>oum</strong></span> <span class='ocrx_word' id='word_1_156' title='bbox 1546 2475 1752 2569; x_wconf 85' lang='lat' dir='ltr'><strong>praefatione</strong></span> 
     </span>
     <span class='ocr_line' id='line_1_17' title="bbox 143 2595 1749 2681; baseline 0.001 -14"><span class='ocrx_word' id='word_1_157' title='bbox 143 2595 329 2670; x_wconf 89' lang='lat' dir='ltr'><strong>honorifica.</strong></span> <span class='ocrx_word' id='word_1_158' title='bbox 364 2627 380 2658; x_wconf 62' lang='lat' dir='ltr'><strong>a</strong></span> <span class='ocrx_word' id='word_1_159' title='bbox 416 2600 564 2673; x_wconf 74' lang='lat' dir='ltr'><strong>(iratam</strong></span> <span class='ocrx_word' id='word_1_160' title='bbox 594 2601 661 2673; x_wconf 89' lang='lat' dir='ltr'><strong>sibi</strong></span> <span class='ocrx_word' id='word_1_161' title='bbox 677 2602 766 2675; x_wconf 89' lang='lat' dir='ltr'><strong>adeo</strong></span> <span class='ocrx_word' id='word_1_162' title='bbox 783 2625 860 2675; x_wconf 91' lang='lat' dir='ltr'><strong>eam</strong></span> <span class='ocrx_word' id='word_1_163' title='bbox 881 2599 1146 2672; x_wconf 88' lang='lat' dir='ltr'><strong>humanissimae</strong></span> <span class='ocrx_word' id='word_1_164' title='bbox 1176 2598 1328 2671; x_wconf 85' lang='lat' dir='ltr'><strong>civitatis</strong></span> <span class='ocrx_word' id='word_1_165' title='bbox 1355 2622 1434 2672; x_wconf 92' lang='lat' dir='ltr'><strong>esse</strong></span> <span class='ocrx_word' id='word_1_166' title='bbox 1451 2598 1678 2681; x_wconf 87' lang='lat' dir='ltr'><strong>voluntatem,</strong></span> <span class='ocrx_word' id='word_1_167' title='bbox 1698 2599 1749 2672; x_wconf 92' lang='lat' dir='ltr'><strong>ita</strong></span> 
     </span>
     <span class='ocr_line' id='line_1_18' title="bbox 145 2721 1747 2822; baseline 0 -30"><span class='ocrx_word' id='word_1_168' title='bbox 145 2721 360 2816; x_wconf 71' lang='lat' dir='ltr'><strong>«Magiusut</strong></span> <span class='ocrx_word' id='word_1_169' title='bbox 372 2747 451 2795; x_wconf 91' lang='lat' dir='ltr'><strong>cum</strong></span> <span class='ocrx_word' id='word_1_170' title='bbox 464 2724 542 2818; x_wconf 90' lang='lat' dir='ltr'><strong>ipsa</strong></span> <span class='ocrx_word' id='word_1_171' title='bbox 558 2725 904 2822; x_wconf 89' lang='lat' dir='ltr'><strong>nullum‚quamlibet</strong></span> <span class='ocrx_word' id='word_1_172' title='bbox 916 2724 1107 2819; x_wconf 88' lang='lat' dir='ltr'><strong>pretiosum</strong></span> <span class='ocrx_word' id='word_1_173' title='bbox 1119 2729 1155 2796; x_wconf 91' lang='lat' dir='ltr'><strong>et</strong></span> <span class='ocrx_word' id='word_1_174' title='bbox 1166 2722 1396 2808; x_wconf 88' lang='lat' dir='ltr'><strong>utile,munus</strong></span> <span class='ocrx_word' id='word_1_175' title='bbox 1414 2723 1460 2794; x_wconf 88' lang='lat' dir='ltr'><strong>sit</strong></span> <span class='ocrx_word' id='word_1_176' title='bbox 1473 2723 1722 2796; x_wconf 85' lang='lat' dir='ltr'><strong>conferendum</strong></span> <span class='ocrx_word' id='word_1_177' title='bbox 1739 2746 1747 2792; x_wconf 93' lang='lat'>:</span> 
     </span>
     <span class='ocr_line' id='line_1_19' title="bbox 146 2846 1751 2944; baseline 0.004 -28"><span class='ocrx_word' id='word_1_178' title='bbox 146 2871 157 2902; x_wconf 69' lang='grc' dir='ltr'>ι</span> <span class='ocrx_word' id='word_1_179' title='bbox 174 2846 343 2940; x_wconf 88' lang='lat' dir='ltr'><strong>superflua</strong></span> <span class='ocrx_word' id='word_1_180' title='bbox 359 2848 499 2920; x_wconf 92' lang='lat' dir='ltr'><strong>omnino</strong></span> <span class='ocrx_word' id='word_1_181' title='bbox 530 2871 610 2923; x_wconf 90' lang='lat' dir='ltr'><strong>esse</strong></span> <span class='ocrx_word' id='word_1_182' title='bbox 639 2857 786 2937; x_wconf 88' lang='lat' dir='ltr'><strong>caetera;</strong></span> <span class='ocrx_word' id='word_1_183' title='bbox 803 2853 959 2936; x_wconf 78' lang='lat' dir='ltr'><strong>modum,</strong></span> <span class='ocrx_word' id='word_1_184' title='bbox 974 2856 1090 2944; x_wconf 88' lang='lat' dir='ltr'><strong>rogat,</strong></span> <span class='ocrx_word' id='word_1_185' title='bbox 1107 2850 1233 2921; x_wconf 90' lang='lat' dir='ltr'><strong>animis</strong></span> <span class='ocrx_word' id='word_1_186' title='bbox 1245 2847 1432 2921; x_wconf 88' lang='lat' dir='ltr'><strong>definirent</strong></span> <span class='ocrx_word' id='word_1_187' title='bbox 1445 2848 1608 2943; x_wconf 87' lang='lat' dir='ltr'><strong>prolixis;</strong></span> <span class='ocrx_word' id='word_1_188' title='bbox 1638 2871 1751 2942; x_wconf 88' lang='lat' dir='ltr'><strong>neque</strong></span> 
     </span>
     <span class='ocr_line' id='line_1_20' title="bbox 146 2971 1752 3072; baseline 0.002 -28"><span class='ocrx_word' id='word_1_189' title='bbox 146 2971 286 3058; x_wconf 67' lang='lat' dir='ltr'><strong>«ctus,</strong></span> <span class='ocrx_word' id='word_1_190' title='bbox 312 2996 391 3068; x_wconf 88' lang='lat' dir='ltr'><strong>quae</strong></span> <span class='ocrx_word' id='word_1_191' title='bbox 416 2974 482 3048; x_wconf 90' lang='lat' dir='ltr'><strong>sibi</strong></span> <span class='ocrx_word' id='word_1_192' title='bbox 507 2975 690 3050; x_wconf 85' lang='lat' dir='ltr'><strong>festinanti</strong></span> <span class='ocrx_word' id='word_1_193' title='bbox 725 2977 972 3072; x_wconf 88' lang='lat' dir='ltr'><strong>impedimento</strong></span> <span class='ocrx_word' id='word_1_194' title='bbox 1003 2986 1135 3063; x_wconf 90' lang='lat' dir='ltr'><strong>essent,</strong></span> <span class='ocrx_word' id='word_1_195' title='bbox 1167 2977 1338 3049; x_wconf 83' lang='lat' dir='ltr'><strong>viatorem</strong></span> <span class='ocrx_word' id='word_1_196' title='bbox 1367 2983 1607 3049; x_wconf 72' lang='lat' dir='ltr'><strong>onerarent.»</strong></span> <span class='ocrx_word' id='word_1_197' title='bbox 1640 2977 1752 3050; x_wconf 92' lang='lat' dir='ltr'><strong>Pecu-</strong></span> 
     </span>
    </p>
   </div>
   <div class='ocr_carea' id='block_1_11' title="bbox 44 3093 1749 3196">
    <p class='ocr_par' dir='ltr' id='par_1_11' title="bbox 44 3093 1749 3196">
     <span class='ocr_line' id='line_1_21' title="bbox 44 3093 1749 3196; baseline 0.005 -32"><span class='ocrx_word' id='word_1_198' title='bbox 44 3125 45 3150; x_wconf 40' lang='grc' dir='ltr'><strong>κ</strong></span> <span class='ocrx_word' id='word_1_199' title='bbox 144 3093 219 3166; x_wconf 90' lang='lat' dir='ltr'><strong>uiam</strong></span> <span class='ocrx_word' id='word_1_200' title='bbox 245 3097 361 3191; x_wconf 90' lang='lat' dir='ltr'><strong>itaque</strong></span> <span class='ocrx_word' id='word_1_201' title='bbox 391 3098 530 3192; x_wconf 89' lang='lat' dir='ltr'><strong>aliaque</strong></span> <span class='ocrx_word' id='word_1_202' title='bbox 544 3123 691 3174; x_wconf 90' lang='lat' dir='ltr'><strong>munera</strong></span> <span class='ocrx_word' id='word_1_203' title='bbox 715 3125 794 3174; x_wconf 91' lang='lat' dir='ltr'><strong>cum</strong></span> <span class='ocrx_word' id='word_1_204' title='bbox 816 3103 933 3196; x_wconf 89' lang='lat' dir='ltr'><strong>gratia</strong></span> <span class='ocrx_word' id='word_1_205' title='bbox 951 3101 1112 3174; x_wconf 85' lang='lat' dir='ltr'><strong>remittit.</strong></span> <span class='ocrx_word' id='word_1_206' title='bbox 1130 3101 1200 3174; x_wconf 86' lang='lat' dir='ltr'><strong>Sed</strong></span> <span class='ocrx_word' id='word_1_207' title='bbox 1217 3107 1388 3181; x_wconf 79' lang='lat' dir='ltr'><strong>amantes,</strong></span> <span class='ocrx_word' id='word_1_208' title='bbox 1409 3099 1624 3173; x_wconf 86' lang='lat' dir='ltr'><strong>voluntatem</strong></span> <span class='ocrx_word' id='word_1_209' title='bbox 1651 3122 1749 3180; x_wconf 86' lang='lat' dir='ltr'><strong>suam</strong></span> 
     </span>
    </p>
   </div>
   <div class='ocr_carea' id='block_1_12' title="bbox 143 3219 1749 3418">
    <p class='ocr_par' dir='ltr' id='par_1_12' title="bbox 143 3219 1749 3418">
     <span class='ocr_line' id='line_1_22' title="bbox 144 3219 1749 3320; baseline 0.004 -31"><span class='ocrx_word' id='word_1_210' title='bbox 144 3219 305 3293; x_wconf 86' lang='lat' dir='ltr'><strong>modestiae</strong></span> <span class='ocrx_word' id='word_1_211' title='bbox 319 3223 466 3294; x_wconf 81' lang='lat' dir='ltr'><strong>Petrum</strong></span> <span class='ocrx_word' id='word_1_212' title='bbox 500 3227 704 3312; x_wconf 85' lang='lat' dir='ltr'><strong>concedere,</strong></span> <span class='ocrx_word' id='word_1_213' title='bbox 734 3249 805 3298; x_wconf 92' lang='lat' dir='ltr'><strong>non</strong></span> <span class='ocrx_word' id='word_1_214' title='bbox 822 3225 917 3320; x_wconf 79' lang='lat' dir='ltr'><strong>pa&#39;ssi</strong></span> <span class='ocrx_word' id='word_1_215' title='bbox 938 3251 945 3298; x_wconf 95' lang='lat'>:</span> <span class='ocrx_word' id='word_1_216' title='bbox 979 3227 1062 3296; x_wconf 93' lang='lat' dir='ltr'><strong>dum</strong></span> <span class='ocrx_word' id='word_1_217' title='bbox 1079 3225 1235 3320; x_wconf 86' lang='lat' dir='ltr'><strong>hospites</strong></span> <span class='ocrx_word' id='word_1_218' title='bbox 1264 3222 1424 3318; x_wconf 90' lang='lat' dir='ltr'><strong>occupati</strong></span> <span class='ocrx_word' id='word_1_219' title='bbox 1441 3229 1540 3307; x_wconf 88' lang='lat' dir='ltr'><strong>sunt,</strong></span> <span class='ocrx_word' id='word_1_220' title='bbox 1559 3222 1612 3293; x_wconf 92' lang='lat' dir='ltr'><strong>illi</strong></span> <span class='ocrx_word' id='word_1_221' title='bbox 1625 3246 1749 3296; x_wconf 89' lang='lat' dir='ltr'><strong>currus</strong></span> 
     </span>
     <span class='ocr_line' id='line_1_23' title="bbox 143 3322 695 3418; baseline 0.014 -6"><span class='ocrx_word' id='word_1_222' title='bbox 143 3341 218 3415; x_wconf 89' lang='lat' dir='ltr'><strong>clam</strong></span> <span class='ocrx_word' id='word_1_223' title='bbox 234 3352 381 3418; x_wconf 88' lang='lat' dir='ltr'><strong>onerant</strong></span> <span class='ocrx_word' id='word_1_224' title='bbox 397 3345 535 3418; x_wconf 88' lang='lat' dir='ltr'><strong>viatico.</strong></span> <span class='ocrx_word' id='word_1_225' title='bbox 693 3322 695 3335; x_wconf 37' lang='grc' dir='ltr'>Ι</span> 
     </span>
    </p>
   </div>
   <div class='ocr_carea' id='block_1_13' title="bbox 144 3466 1749 3690">
    <p class='ocr_par' dir='ltr' id='par_1_13' title="bbox 144 3466 1749 3690">
     <span class='ocr_line' id='line_1_24' title="bbox 182 3466 1748 3567; baseline -0.001 -22"><span class='ocrx_word' id='word_1_226' title='bbox 182 3466 252 3545; x_wconf 85' lang='lat' dir='ltr'><strong>Quo</strong></span> <span class='ocrx_word' id='word_1_227' title='bbox 268 3469 324 3540; x_wconf 90' lang='lat' dir='ltr'><strong>die</strong></span> <span class='ocrx_word' id='word_1_228' title='bbox 350 3476 497 3543; x_wconf 84' lang='lat' dir='ltr'><strong>venerat</strong></span> <span class='ocrx_word' id='word_1_229' title='bbox 515 3468 731 3556; x_wconf 87' lang='lat' dir='ltr'><strong>Pultoviam,</strong></span> <span class='ocrx_word' id='word_1_230' title='bbox 749 3471 871 3543; x_wconf 90' lang='lat' dir='ltr'><strong>eodem</strong></span> <span class='ocrx_word' id='word_1_231' title='bbox 889 3471 1045 3567; x_wconf 87' lang='lat' dir='ltr'><strong>perrexit</strong></span> <span class='ocrx_word' id='word_1_232' title='bbox 1069 3469 1292 3552; x_wconf 87' lang='lat' dir='ltr'><strong>Varsaviam,</strong></span> <span class='ocrx_word' id='word_1_233' title='bbox 1322 3493 1400 3542; x_wconf 91' lang='lat' dir='ltr'><strong>cum</strong></span> <span class='ocrx_word' id='word_1_234' title='bbox 1415 3470 1588 3543; x_wconf 86' lang='lat' dir='ltr'><strong>Sunnerio</strong></span> <span class='ocrx_word' id='word_1_235' title='bbox 1603 3477 1638 3544; x_wconf 89' lang='lat' dir='ltr'><strong>et</strong></span> <span class='ocrx_word' id='word_1_236' title='bbox 1653 3472 1748 3543; x_wconf 88' lang='lat' dir='ltr'><strong>Var-</strong></span> 
     </span>
     <span class='ocr_line' id='line_1_25' title="bbox 144 3591 1749 3690; baseline 0.006 -31"><span class='ocrx_word' id='word_1_237' title='bbox 144 3591 296 3665; x_wconf 80' lang='lat' dir='ltr'><strong>suericliio</strong></span> <span class='ocrx_word' id='word_1_238' title='bbox 310 3594 477 3688; x_wconf 89' lang='lat' dir='ltr'><strong>Magius;</strong></span> <span class='ocrx_word' id='word_1_239' title='bbox 497 3593 711 3689; x_wconf 87' lang='lat' dir='ltr'><strong>apontificio</strong></span> <span class='ocrx_word' id='word_1_240' title='bbox 725 3595 819 3690; x_wconf 92' lang='lat' dir='ltr'><strong>apud</strong></span> <span class='ocrx_word' id='word_1_241' title='bbox 841 3594 995 3668; x_wconf 91' lang='lat' dir='ltr'><strong>Polonos</strong></span> <span class='ocrx_word' id='word_1_242' title='bbox 1011 3595 1228 3668; x_wconf 89' lang='lat' dir='ltr'><strong>internuntio</strong></span> <span class='ocrx_word' id='word_1_243' title='bbox 1245 3595 1431 3668; x_wconf 90' lang='lat' dir='ltr'><strong>Vincentio</strong></span> <span class='ocrx_word' id='word_1_244' title='bbox 1445 3597 1587 3670; x_wconf 90' lang='lat' dir='ltr'><strong>Portico</strong></span> <span class='ocrx_word' id='word_1_245' title='bbox 1604 3604 1749 3669; x_wconf 86' lang='lat' dir='ltr'><strong>vocatus</strong></span> 
     </span>
    </p>
   </div>
   <div class='ocr_carea' id='block_1_14' title="bbox 44 3713 1749 3816">
    <p class='ocr_par' dir='ltr' id='par_1_14' title="bbox 44 3713 1749 3816">
     <span class='ocr_line' id='line_1_26' title="bbox 44 3713 1749 3816; baseline 0.006 -33"><span class='ocrx_word' id='word_1_246' title='bbox 44 3813 45 3816; x_wconf 4' lang='grc' dir='ltr'><strong>Ἴ</strong></span> <span class='ocrx_word' id='word_1_247' title='bbox 144 3713 180 3784; x_wconf 87' lang='lat' dir='ltr'><strong>ad</strong></span> <span class='ocrx_word' id='word_1_248' title='bbox 201 3716 337 3790; x_wconf 90' lang='lat' dir='ltr'><strong>comitia</strong></span> <span class='ocrx_word' id='word_1_249' title='bbox 363 3719 466 3812; x_wconf 90' lang='lat' dir='ltr'><strong>regni</strong></span> <span class='ocrx_word' id='word_1_250' title='bbox 483 3717 674 3812; x_wconf 88' lang='lat' dir='ltr'><strong>generalia.</strong></span> <span class='ocrx_word' id='word_1_251' title='bbox 700 3718 954 3792; x_wconf 89' lang='lat' dir='ltr'><strong>Benevolentia</strong></span> <span class='ocrx_word' id='word_1_252' title='bbox 981 3741 1167 3815; x_wconf 87' lang='lat' dir='ltr'><strong>procerum</strong></span> <span class='ocrx_word' id='word_1_253' title='bbox 1193 3719 1327 3813; x_wconf 87' lang='lat' dir='ltr'><strong>accepti</strong></span> <span class='ocrx_word' id='word_1_254' title='bbox 1354 3725 1436 3792; x_wconf 88' lang='lat' dir='ltr'><strong>sunt</strong></span> <span class='ocrx_word' id='word_1_255' title='bbox 1452 3719 1599 3816; x_wconf 84' lang='lat' dir='ltr'><strong>insigni,</strong></span> <span class='ocrx_word' id='word_1_256' title='bbox 1626 3743 1749 3815; x_wconf 89' lang='lat' dir='ltr'><strong>arege</strong></span> 
     </span>
    </p>
   </div>
   <div class='ocr_carea' id='block_1_15' title="bbox 145 3839 1748 3950">
    <p class='ocr_par' dir='ltr' id='par_1_15' title="bbox 145 3839 1748 3950">
     <span class='ocr_line' id='line_1_27' title="bbox 145 3839 1748 3950; baseline 0.009 -40"><span class='ocrx_word' id='word_1_257' title='bbox 145 3839 232 3910; x_wconf 90' lang='lat' dir='ltr'><strong>etiam</strong></span> <span class='ocrx_word' id='word_1_258' title='bbox 249 3839 423 3934; x_wconf 83' lang='lat' dir='ltr'><strong>Augusto,</strong></span> <span class='ocrx_word' id='word_1_259' title='bbox 443 3840 674 3936; x_wconf 88' lang='lat' dir='ltr'><strong>patrocinium</strong></span> <span class='ocrx_word' id='word_1_260' title='bbox 705 3863 805 3914; x_wconf 92' lang='lat' dir='ltr'><strong>suum</strong></span> <span class='ocrx_word' id='word_1_261' title='bbox 821 3844 977 3950; x_wconf 86' lang='lat' dir='ltr'><strong>prolixe,</strong></span> <span class='ocrx_word' id='word_1_262' title='bbox 990 3867 1206 3950; x_wconf 83' lang='lat' dir='ltr'><strong>quacumque</strong></span> <span class='ocrx_word' id='word_1_263' title='bbox 1222 3849 1259 3920; x_wconf 94' lang='lat' dir='ltr'><strong>in</strong></span> <span class='ocrx_word' id='word_1_264' title='bbox 1286 3869 1498 3944; x_wconf 86' lang='lat' dir='ltr'><strong>causaopus</strong></span> <span class='ocrx_word' id='word_1_265' title='bbox 1523 3850 1626 3948; x_wconf 87' lang='lat' dir='ltr'><strong>foret,</strong></span> <span class='ocrx_word' id='word_1_266' title='bbox 1647 3851 1748 3947; x_wconf 87' lang='lat' dir='ltr'><strong>polli-</strong></span> 
     </span>
    </p>
   </div>
   <div class='ocr_carea' id='block_1_16' title="bbox 44 3966 1924 4078">
    <p class='ocr_par' dir='ltr' id='par_1_16' title="bbox 44 3966 1924 4078">
     <span class='ocr_line' id='line_1_28' title="bbox 44 3966 1924 4078; baseline 0.008 -41"><span class='ocrx_word' id='word_1_267' title='bbox 44 4067 45 4078; x_wconf 64' lang='lat'><strong>.</strong></span> <span class='ocrx_word' id='word_1_268' title='bbox 145 3971 241 4037; x_wconf 76' lang='lat' dir='ltr'><strong>ceute</strong></span> <span class='ocrx_word' id='word_1_269' title='bbox 259 3967 340 4038; x_wconf 85' lang='lat' dir='ltr'><strong>Jam</strong></span> <span class='ocrx_word' id='word_1_270' title='bbox 350 3966 497 4062; x_wconf 92' lang='lat' dir='ltr'><strong>principi</strong></span> <span class='ocrx_word' id='word_1_271' title='bbox 512 3967 655 4062; x_wconf 89' lang='lat' dir='ltr'><strong>Magius</strong></span> <span class='ocrx_word' id='word_1_272' title='bbox 672 3974 777 4040; x_wconf 90' lang='lat' dir='ltr'><strong>notus</strong></span> <span class='ocrx_word' id='word_1_273' title='bbox 791 3975 883 4052; x_wconf 88' lang='lat' dir='ltr'><strong>crat;</strong></span> <span class='ocrx_word' id='word_1_274' title='bbox 905 3969 1297 4046; x_wconf 87' lang='lat' dir='ltr'><strong>Varszevichiuseidem</strong></span> <span class='ocrx_word' id='word_1_275' title='bbox 1315 3973 1446 4045; x_wconf 89' lang='lat' dir='ltr'><strong>dudum</strong></span> <span class='ocrx_word' id='word_1_276' title='bbox 1463 3973 1569 4046; x_wconf 88' lang='lat' dir='ltr'><strong>etiam</strong></span> <span class='ocrx_word' id='word_1_277' title='bbox 1583 3975 1749 4049; x_wconf 89' lang='lat' dir='ltr'><strong>domesti·</strong></span> <span class='ocrx_word' id='word_1_278' title='bbox 1775 3983 1872 4052; x_wconf 76' lang='lat' dir='ltr'><strong>Regem</strong></span> <span class='ocrx_word' id='word_1_279' title='bbox 1885 3985 1924 4038; x_wconf 82' lang='lat' dir='ltr'><strong>vi·</strong></span> 
     </span>
    </p>
   </div>
   <div class='ocr_carea' id='block_1_17' title="bbox 145 4063 1947 4210">
    <p class='ocr_par' dir='ltr' id='par_1_17' title="bbox 145 4063 1947 4210">
     <span class='ocr_line' id='line_1_29' title="bbox 145 4063 1947 4210; baseline 0.012 -54"><span class='ocrx_word' id='word_1_280' title='bbox 145 4107 217 4158; x_wconf 90' lang='lat' dir='ltr'><strong>cus:</strong></span> <span class='ocrx_word' id='word_1_281' title='bbox 236 4113 313 4160; x_wconf 93' lang='lat' dir='ltr'><strong>cum</strong></span> <span class='ocrx_word' id='word_1_282' title='bbox 330 4090 398 4161; x_wconf 91' lang='lat' dir='ltr'><strong>hoc</strong></span> <span class='ocrx_word' id='word_1_283' title='bbox 411 4112 450 4162; x_wconf 92' lang='lat' dir='ltr'><strong>se</strong></span> <span class='ocrx_word' id='word_1_284' title='bbox 463 4089 612 4163; x_wconf 87' lang='lat' dir='ltr'><strong>oblectat</strong></span> <span class='ocrx_word' id='word_1_285' title='bbox 629 4091 804 4185; x_wconf 89' lang='lat' dir='ltr'><strong>princeps,</strong></span> <span class='ocrx_word' id='word_1_286' title='bbox 831 4089 875 4162; x_wconf 91' lang='lat' dir='ltr'><strong>de</strong></span> <span class='ocrx_word' id='word_1_287' title='bbox 897 4114 934 4164; x_wconf 91' lang='lat' dir='ltr'><strong>se</strong></span> <span class='ocrx_word' id='word_1_288' title='bbox 952 4114 1086 4187; x_wconf 89' lang='lat' dir='ltr'><strong>suaque</strong></span> <span class='ocrx_word' id='word_1_289' title='bbox 1116 4094 1293 4171; x_wconf 86' lang='lat' dir='ltr'><strong>Societate</strong></span> <span class='ocrx_word' id='word_1_290' title='bbox 1311 4105 1468 4171; x_wconf 90' lang='lat' dir='ltr'><strong>amanter</strong></span> <span class='ocrx_word' id='word_1_291' title='bbox 1485 4107 1745 4193; x_wconf 88' lang='lat' dir='ltr'><strong>percunctatur.</strong></span> <span class='ocrx_word' id='word_1_292' title='bbox 1774 4067 1865 4210; x_wconf 44' lang='grc' dir='ltr'><strong>ἓξὲξ]</strong></span> <span class='ocrx_word' id='word_1_293' title='bbox 1876 4063 1924 4116; x_wconf 71' lang='lat' dir='ltr'><strong>Re-</strong></span> <span class='ocrx_word' id='word_1_294' title='bbox 1944 4134 1947 4142; x_wconf 94' lang='lat'>·</span> 
     </span>
    </p>
   </div>
   <div class='ocr_carea' id='block_1_18' title="bbox 146 4208 1919 4440">
    <p class='ocr_par' dir='ltr' id='par_1_18' title="bbox 146 4208 1919 4440">
     <span class='ocr_line' id='line_1_30' title="bbox 146 4208 1919 4308; baseline 0.007 -29"><span class='ocrx_word' id='word_1_295' title='bbox 146 4208 300 4306; x_wconf 90' lang='lat' dir='ltr'><strong>Denique,</strong></span> <span class='ocrx_word' id='word_1_296' title='bbox 321 4213 405 4308; x_wconf 95' lang='lat' dir='ltr'><strong>quid</strong></span> <span class='ocrx_word' id='word_1_297' title='bbox 428 4215 554 4286; x_wconf 89' lang='lat' dir='ltr'><strong>Romae</strong></span> <span class='ocrx_word' id='word_1_298' title='bbox 577 4212 614 4285; x_wconf 94' lang='lat' dir='ltr'><strong>in</strong></span> <span class='ocrx_word' id='word_1_299' title='bbox 646 4236 711 4286; x_wconf 88' lang='lat' dir='ltr'><strong>sua</strong></span> <span class='ocrx_word' id='word_1_300' title='bbox 731 4213 918 4287; x_wconf 89' lang='lat' dir='ltr'><strong>Societatis</strong></span> <span class='ocrx_word' id='word_1_301' title='bbox 945 4215 1066 4288; x_wconf 91' lang='lat' dir='ltr'><strong>schola</strong></span> <span class='ocrx_word' id='word_1_302' title='bbox 1082 4241 1194 4292; x_wconf 90' lang='lat' dir='ltr'><strong>novus</strong></span> <span class='ocrx_word' id='word_1_303' title='bbox 1213 4221 1351 4294; x_wconf 88' lang='lat' dir='ltr'><strong>Jesuita</strong></span> <span class='ocrx_word' id='word_1_304' title='bbox 1376 4221 1566 4308; x_wconf 86' lang='lat' dir='ltr'><strong>didicisset,</strong></span> <span class='ocrx_word' id='word_1_305' title='bbox 1590 4253 1605 4284; x_wconf 74' lang='lat' dir='ltr'><strong><em>a</em></strong></span> <span class='ocrx_word' id='word_1_306' title='bbox 1626 4223 1743 4308; x_wconf 84' lang='lat' dir='ltr'><strong>velim,</strong></span> <span class='ocrx_word' id='word_1_307' title='bbox 1776 4220 1919 4276; x_wconf 71' lang='lat' dir='ltr'><strong>Varenus.</strong></span> 
     </span>
     <span class='ocr_line' id='line_1_31' title="bbox 147 4333 1876 4440; baseline 0.007 -35"><span class='ocrx_word' id='word_1_308' title='bbox 147 4333 288 4430; x_wconf 74' lang='lat' dir='ltr'><strong>«inquit,</strong></span> <span class='ocrx_word' id='word_1_309' title='bbox 303 4336 421 4431; x_wconf 90' lang='lat' dir='ltr'><strong>aliquo</strong></span> <span class='ocrx_word' id='word_1_310' title='bbox 438 4337 495 4409; x_wconf 91' lang='lat' dir='ltr'><strong>die</strong></span> <span class='ocrx_word' id='word_1_311' title='bbox 505 4336 594 4410; x_wconf 91' lang='lat' dir='ltr'><strong>festo</strong></span> <span class='ocrx_word' id='word_1_312' title='bbox 606 4343 646 4408; x_wconf 90' lang='lat' dir='ltr'><strong>tu</strong></span> <span class='ocrx_word' id='word_1_313' title='bbox 663 4334 749 4408; x_wconf 91' lang='lat' dir='ltr'><strong>mihi</strong></span> <span class='ocrx_word' id='word_1_314' title='bbox 762 4337 988 4409; x_wconf 87' lang='lat' dir='ltr'><strong>concionator</strong></span> <span class='ocrx_word' id='word_1_315' title='bbox 1010 4339 1209 4435; x_wconf 92' lang='lat' dir='ltr'><strong>populoque</strong></span> <span class='ocrx_word' id='word_1_316' title='bbox 1233 4345 1373 4438; x_wconf 90' lang='lat' dir='ltr'><strong>probes.</strong></span> <span class='ocrx_word' id='word_1_317' title='bbox 1399 4380 1415 4412; x_wconf 73' lang='lat' dir='ltr'><strong>n</strong></span> <span class='ocrx_word' id='word_1_318' title='bbox 1436 4346 1672 4420; x_wconf 80' lang='lat' dir='ltr'><strong>(loncionatus</strong></span> <span class='ocrx_word' id='word_1_319' title='bbox 1695 4354 1750 4420; x_wconf 90' lang='lat' dir='ltr'><strong>est</strong></span> <span class='ocrx_word' id='word_1_320' title='bbox 1775 4383 1876 4440; x_wconf 75' lang='lat' dir='ltr'><strong>midam</strong></span> 
     </span>
    </p>
   </div>
   <div class='ocr_carea' id='block_1_19' title="bbox 145 4457 1911 5180">
    <p class='ocr_par' dir='ltr' id='par_1_19' title="bbox 145 4457 1911 4692">
     <span class='ocr_line' id='line_1_32' title="bbox 145 4457 1911 4596; baseline 0.011 -67"><span class='ocrx_word' id='word_1_321' title='bbox 145 4457 191 4533; x_wconf 89' lang='lat' dir='ltr'><strong>die</strong></span> <span class='ocrx_word' id='word_1_322' title='bbox 203 4462 370 4556; x_wconf 84' lang='lat' dir='ltr'><strong>proximo.</strong></span> <span class='ocrx_word' id='word_1_323' title='bbox 384 4462 491 4557; x_wconf 84' lang='lat' dir='ltr'><strong>Regi,</strong></span> <span class='ocrx_word' id='word_1_324' title='bbox 505 4462 654 4548; x_wconf 80' lang='lat' dir='ltr'><strong>senaim,</strong></span> <span class='ocrx_word' id='word_1_325' title='bbox 664 4463 986 4560; x_wconf 90' lang='lat' dir='ltr'><strong>episcopis,p0pulo</strong></span> <span class='ocrx_word' id='word_1_326' title='bbox 997 4467 1129 4561; x_wconf 88' lang='lat' dir='ltr'><strong>placuit</strong></span> <span class='ocrx_word' id='word_1_327' title='bbox 1141 4476 1259 4541; x_wconf 87' lang='lat' dir='ltr'><strong>orator</strong></span> <span class='ocrx_word' id='word_1_328' title='bbox 1270 4468 1434 4557; x_wconf 89' lang='lat' dir='ltr'><strong>mirifice;</strong></span> <span class='ocrx_word' id='word_1_329' title='bbox 1451 4471 1619 4566; x_wconf 87' lang='lat' dir='ltr'><strong>inprimis</strong></span> <span class='ocrx_word' id='word_1_330' title='bbox 1631 4473 1751 4547; x_wconf 85' lang='lat' dir='ltr'><strong>Annae</strong></span> <span class='ocrx_word' id='word_1_331' title='bbox 1774 4459 1911 4596; x_wconf 44' lang='lat' dir='ltr'><strong>mm·</strong></span> 
     </span>
     <span class='ocr_line' id='line_1_33' title="bbox 146 4582 1827 4692; baseline 0.008 -35"><span class='ocrx_word' id='word_1_332' title='bbox 146 4589 244 4660; x_wconf 87' lang='lat' dir='ltr'><strong>sorori</strong></span> <span class='ocrx_word' id='word_1_333' title='bbox 261 4589 381 4683; x_wconf 85' lang='lat' dir='ltr'><strong>regiae,</strong></span> <span class='ocrx_word' id='word_1_334' title='bbox 402 4589 533 4684; x_wconf 87' lang='lat' dir='ltr'><strong>virgini</strong></span> <span class='ocrx_word' id='word_1_335' title='bbox 554 4591 684 4683; x_wconf 89' lang='lat' dir='ltr'><strong>pietate</strong></span> <span class='ocrx_word' id='word_1_336' title='bbox 699 4589 885 4684; x_wconf 86' lang='lat' dir='ltr'><strong>singulari,</strong></span> <span class='ocrx_word' id='word_1_337' title='bbox 907 4589 1049 4662; x_wconf 90' lang='lat' dir='ltr'><strong>Ordinis</strong></span> <span class='ocrx_word' id='word_1_338' title='bbox 1068 4591 1179 4664; x_wconf 87' lang='lat' dir='ltr'><strong>nostri</strong></span> <span class='ocrx_word' id='word_1_339' title='bbox 1199 4593 1461 4668; x_wconf 89' lang='lat' dir='ltr'><strong>amantissimae.</strong></span> <span class='ocrx_word' id='word_1_340' title='bbox 1480 4595 1580 4669; x_wconf 92' lang='lat' dir='ltr'><strong>Hanc</strong></span> <span class='ocrx_word' id='word_1_341' title='bbox 1598 4595 1656 4670; x_wconf 91' lang='lat' dir='ltr'><strong>die</strong></span> <span class='ocrx_word' id='word_1_342' title='bbox 1671 4618 1751 4692; x_wconf 90' lang='lat' dir='ltr'><strong>pos·</strong></span> <span class='ocrx_word' id='word_1_343' title='bbox 1821 4582 1827 4595; x_wconf 56' lang='lat'>⁸</span> 
     </span>
    </p>

    <p class='ocr_par' dir='ltr' id='par_1_20' title="bbox 146 4712 1753 4940">
     <span class='ocr_line' id='line_1_34' title="bbox 146 4712 1751 4812; baseline 0.007 -31"><span class='ocrx_word' id='word_1_344' title='bbox 146 4717 209 4782; x_wconf 87' lang='lat' dir='ltr'><strong>tero</strong></span> <span class='ocrx_word' id='word_1_345' title='bbox 227 4712 345 4784; x_wconf 85' lang='lat' dir='ltr'><strong>invisit</strong></span> <span class='ocrx_word' id='word_1_346' title='bbox 372 4712 655 4796; x_wconf 82' lang='lat' dir='ltr'><strong>Varszevickius,</strong></span> <span class='ocrx_word' id='word_1_347' title='bbox 676 4713 871 4807; x_wconf 90' lang='lat' dir='ltr'><strong>obtulitque</strong></span> <span class='ocrx_word' id='word_1_348' title='bbox 886 4712 1016 4787; x_wconf 73' lang='lat' dir='ltr'><strong>&#39;Roma</strong></span> <span class='ocrx_word' id='word_1_349' title='bbox 1031 4714 1185 4803; x_wconf 89' lang='lat' dir='ltr'><strong>litteras;</strong></span> <span class='ocrx_word' id='word_1_350' title='bbox 1215 4739 1279 4812; x_wconf 92' lang='lat' dir='ltr'><strong>per</strong></span> <span class='ocrx_word' id='word_1_351' title='bbox 1300 4741 1387 4812; x_wconf 86' lang='lat' dir='ltr'><strong>quas</strong></span> <span class='ocrx_word' id='word_1_352' title='bbox 1406 4718 1494 4791; x_wconf 91' lang='lat' dir='ltr'><strong>Pius</strong></span> <span class='ocrx_word' id='word_1_353' title='bbox 1520 4720 1554 4791; x_wconf 90' lang='lat' dir='ltr'>V</span> <span class='ocrx_word' id='word_1_354' title='bbox 1588 4719 1751 4795; x_wconf 81' lang='lat' dir='ltr'><strong>Pontifex</strong></span> 
     </span>
     <span class='ocr_line' id='line_1_35' title="bbox 146 4832 1753 4940; baseline 0.009 -35"><span class='ocrx_word' id='word_1_355' title='bbox 146 4832 350 4921; x_wconf 82' lang='lat' dir='ltr'><strong>hortabatur,</strong></span> <span class='ocrx_word' id='word_1_356' title='bbox 372 4838 504 4911; x_wconf 91' lang='lat' dir='ltr'><strong>sororis</strong></span> <span class='ocrx_word' id='word_1_357' title='bbox 532 4860 608 4911; x_wconf 87' lang='lat' dir='ltr'><strong>suae</strong></span> <span class='ocrx_word' id='word_1_358' title='bbox 625 4838 799 4922; x_wconf 87' lang='lat' dir='ltr'><strong>maritum,</strong></span> <span class='ocrx_word' id='word_1_359' title='bbox 816 4859 937 4930; x_wconf 88' lang='lat' dir='ltr'><strong>regem</strong></span> <span class='ocrx_word' id='word_1_360' title='bbox 954 4837 1090 4913; x_wconf 89' lang='lat' dir='ltr'><strong>Sueciae</strong></span> <span class='ocrx_word' id='word_1_361' title='bbox 1109 4840 1131 4911; x_wconf 87' lang='lat' dir='ltr'>J</span> <span class='ocrx_word' id='word_1_362' title='bbox 1133 4863 1294 4928; x_wconf 91' lang='lat' dir='ltr'><strong>oannem,</strong></span> <span class='ocrx_word' id='word_1_363' title='bbox 1313 4843 1391 4938; x_wconf 89' lang='lat' dir='ltr'><strong>ipsa</strong></span> <span class='ocrx_word' id='word_1_364' title='bbox 1408 4867 1559 4940; x_wconf 89' lang='lat' dir='ltr'><strong>quoque,</strong></span> <span class='ocrx_word' id='word_1_365' title='bbox 1583 4869 1663 4940; x_wconf 90' lang='lat' dir='ltr'><strong>quae</strong></span> <span class='ocrx_word' id='word_1_366' title='bbox 1689 4870 1753 4919; x_wconf 89' lang='lat' dir='ltr'><strong>sua</strong></span> 
     </span>
    </p>

    <p class='ocr_par' dir='ltr' id='par_1_21' title="bbox 147 4962 1752 5065">
     <span class='ocr_line' id='line_1_36' title="bbox 147 4962 1752 5065; baseline 0.007 -33"><span class='ocrx_word' id='word_1_367' title='bbox 147 4967 227 5032; x_wconf 84' lang='lat' dir='ltr'><strong>esset</strong></span> <span class='ocrx_word' id='word_1_368' title='bbox 242 4962 367 5057; x_wconf 83' lang='lat' dir='ltr'><strong>pietas,</strong></span> <span class='ocrx_word' id='word_1_369' title='bbox 388 4963 431 5035; x_wconf 88' lang='lat' dir='ltr'><strong>ad</strong></span> <span class='ocrx_word' id='word_1_370' title='bbox 450 4963 649 5036; x_wconf 90' lang='lat' dir='ltr'><strong>Romanam</strong></span> <span class='ocrx_word' id='word_1_371' title='bbox 675 4962 868 5035; x_wconf 81' lang='lat' dir='ltr'><strong>Ecclesiam</strong></span> <span class='ocrx_word' id='word_1_372' title='bbox 881 4964 1117 5036; x_wconf 86' lang='lat' dir='ltr'><strong>revocandum</strong></span> <span class='ocrx_word' id='word_1_373' title='bbox 1142 4973 1295 5039; x_wconf 88' lang='lat' dir='ltr'><strong>curaret.</strong></span> <span class='ocrx_word' id='word_1_374' title='bbox 1317 4967 1489 5041; x_wconf 76' lang='lat' dir='ltr'><strong>societate</strong></span> <span class='ocrx_word' id='word_1_375' title='bbox 1519 4991 1583 5040; x_wconf 89' lang='lat' dir='ltr'><strong>sua</strong></span> <span class='ocrx_word' id='word_1_376' title='bbox 1609 4969 1752 5065; x_wconf 88' lang='lat' dir='ltr'><strong>Magius</strong></span> 
     </span>
    </p>

    <p class='ocr_par' dir='ltr' id='par_1_22' title="bbox 148 5082 1754 5180">
     <span class='ocr_line' id='line_1_37' title="bbox 148 5082 1754 5180; baseline 0.009 -25"><span class='ocrx_word' id='word_1_377' title='bbox 148 5082 213 5176; x_wconf 81' lang='lat' dir='ltr'><strong>regi</strong></span> <span class='ocrx_word' id='word_1_378' title='bbox 228 5091 264 5156; x_wconf 88' lang='lat' dir='ltr'><strong>et</strong></span> <span class='ocrx_word' id='word_1_379' title='bbox 291 5083 506 5179; x_wconf 91' lang='lat' dir='ltr'><strong>principibus</strong></span> <span class='ocrx_word' id='word_1_380' title='bbox 532 5084 786 5168; x_wconf 90' lang='lat' dir='ltr'><strong>commendata,</strong></span> <span class='ocrx_word' id='word_1_381' title='bbox 804 5084 1005 5158; x_wconf 87' lang='lat' dir='ltr'><strong>Pultoviam</strong></span> <span class='ocrx_word' id='word_1_382' title='bbox 1022 5109 1060 5160; x_wconf 89' lang='lat' dir='ltr'><strong>se</strong></span> <span class='ocrx_word' id='word_1_383' title='bbox 1087 5110 1166 5161; x_wconf 94' lang='lat' dir='ltr'><strong>cum</strong></span> <span class='ocrx_word' id='word_1_384' title='bbox 1196 5091 1268 5164; x_wconf 91' lang='lat' dir='ltr'><strong>suis</strong></span> <span class='ocrx_word' id='word_1_385' title='bbox 1299 5090 1418 5174; x_wconf 86' lang='lat' dir='ltr'><strong>retulit</strong></span> <span class='ocrx_word' id='word_1_386' title='bbox 1445 5094 1647 5180; x_wconf 88' lang='lat' dir='ltr'><strong>comitibus;</strong></span> <span class='ocrx_word' id='word_1_387' title='bbox 1673 5095 1754 5169; x_wconf 90' lang='lat' dir='ltr'><strong>inde</strong></span> 
     </span>
    </p>
   </div>
   <div class='ocr_carea' id='block_1_20' title="bbox 150 5202 1751 5313">
    <p class='ocr_par' dir='ltr' id='par_1_23' title="bbox 150 5202 1751 5313">
     <span class='ocr_line' id='line_1_38' title="bbox 150 5202 1751 5313; baseline 0.01 -39"><span class='ocrx_word' id='word_1_388' title='bbox 150 5202 185 5276; x_wconf 87' lang='lat' dir='ltr'><strong>P.</strong></span> <span class='ocrx_word' id='word_1_389' title='bbox 202 5206 339 5302; x_wconf 85' lang='lat' dir='ltr'><strong>Vujeko</strong></span> <span class='ocrx_word' id='word_1_390' title='bbox 352 5207 633 5302; x_wconf 82' lang='lat' dir='ltr'><strong>Wangrovickio</strong></span> <span class='ocrx_word' id='word_1_391' title='bbox 647 5210 683 5280; x_wconf 95' lang='lat' dir='ltr'><strong>in</strong></span> <span class='ocrx_word' id='word_1_392' title='bbox 702 5207 936 5282; x_wconf 85' lang='lat' dir='ltr'><strong>Roxolaniam</strong></span> <span class='ocrx_word' id='word_1_393' title='bbox 957 5211 1066 5285; x_wconf 89' lang='lat' dir='ltr'><strong>misso</strong></span> <span class='ocrx_word' id='word_1_394' title='bbox 1083 5213 1314 5308; x_wconf 87' lang='lat' dir='ltr'><strong>exploratum,</strong></span> <span class='ocrx_word' id='word_1_395' title='bbox 1336 5215 1532 5288; x_wconf 87' lang='lat' dir='ltr'><strong>Premisliae</strong></span> <span class='ocrx_word' id='word_1_396' title='bbox 1543 5239 1590 5290; x_wconf 90' lang='lat' dir='ltr'><strong>an</strong></span> <span class='ocrx_word' id='word_1_397' title='bbox 1607 5219 1751 5313; x_wconf 89' lang='lat' dir='ltr'><strong>Leopoli</strong></span> 
     </span>
    </p>
   </div>
   <div class='ocr_carea' id='block_1_21' title="bbox 0 0 2468 6642">
    <p class='ocr_par' dir='ltr' id='par_1_24' title="bbox 0 0 2468 6642">
     <span class='ocr_line' id='line_1_39' title="bbox 0 0 2468 6642; baseline 0 0"><span class='ocrx_word' id='word_1_398' title='bbox 0 0 2468 6642; x_wconf 95' lang='lat' dir='ltr'><strong> </strong></span> 
     </span>
    </p>
   </div>
  </div>
 </body>
</html>
