4948 6654
38 1409 39 1434 ³
160 1419 176 1450 «ι
197 1389 376 1472 Pontifici,
390 1397 440 1482 ,ut
454 1387 633 1460 sanctitati
648 1385 831 1480 religionis
850 1393 885 1458 et
898 1387 1072 1481 Superum
1085 1387 1164 1480 pius
1188 1396 1371 1483 parceret;
1396 1391 1426 1461 si
1449 1391 1532 1485 quid
1546 1373 1659 1485 culpae
1686 1390 1721 1460 iu
1741 1411 1780 1462 se

693 825 800 886 LIBER
823 823 984 896 QUINTUS
1007 823 1224 900 (totu-1610).
1719 822 1777 890 197

160 1019 329 1114 quomodo
351 1016 567 1112 loquamini,
589 1039 668 1110 quae
686 1014 813 1087 Carolo
836 1001 1045 1108 religione'm
1075 1013 1273 1110 injicerent,
1300 1038 1364 1087 nec
1381 1015 1501 1088 timide
1532 1036 1644 1108 neque
1660 1021 1777 1087 tamen
1806 1025 1876 1120 1601Ι

159 1151 318 1238 proterve
341 1146 529 1238 reponunt.
556 1140 697 1213 Primus
724 1138 1011 1233 christophorus,
1035 1139 1111 1234 jam
1130 1160 1192 1210 sua
1212 1137 1318 1209 etiam
1348 1139 1517 1232 patientia
1538 1139 1779 1235 modestiaque
1804 1107 1943 1246 lgm&

158 1269 254 1353 satis,
276 1273 314 1338 ut
330 1266 490 1361 putabat,
511 1261 837 1348 commonefactum,
866 1270 945 1336 orat
962 1263 1169 1358 principem,
1193 1293 1209 1324 κ
1239 1274 1278 1337 ut
1303 1266 1434 1340 vicario
1453 1268 1584 1341 Christi
1611 1269 1646 1338 in
1672 1267 1778 1342 terris
1804 1268 1945 1404 {pponam

160 1545 176 1574 a
197 1511 354 1587 Sociisve
385 1513 460 1585 suis
479 1520 592 1594 esset,
631 1534 670 1582 se
687 1510 817 1605 potius,
838 1533 902 1582 suo
932 1511 1128 1605 parasitum
1152 1511 1301 1606 judicio,
1322 1535 1360 1586 se
1390 1512 1602 1597 helluonem,
1631 1514 1780 1588 circula·

160 1666 175 1696 a
195 1642 322 1720 torem,
356 1632 650 1728 quemadmodum
684 1631 891 1728 occepisset,
923 1630 1089 1704 multaret
1118 1656 1223 1727 porro
1258 1635 1486 1730 ignominiis:
1515 1636 1668 1708 laturum
1686 1660 1725 1712 se
1743 1637 1780 1709 id

160 1789 175 1820 α
195 1758 306 1831 multo
329 1758 465 1852 aequius
484 1778 588 1851 quam
617 1778 695 1828 eam
722 1754 885 1828 Coelitum
903 1760 938 1826 et
963 1755 1169 1848 apostolicae
1198 1757 1292 1830 sedis
1310 1759 1488 1854 injuriam.
1508 1795 1525 1826 a
1547 1759 1633 1832 lnde
1654 1761 1779 1856 reliqui

158 1884 249 1957 Socii
264 1881 388 1956 eadem
401 1879 594 1976 postulare.
613 1878 827 1952 Retardavit
838 1879 976 1950 animos
992 1877 1090 1950 ducis
1105 1887 1140 1952 et
1154 1881 1304 1978 impetus
1318 1884 1472 1955 virorum
1486 1885 1601 1957 oratio
1616 1885 1777 1974 fortium;

158 2033 219 2081 nec
237 2006 412 2079 dubitavit
428 2006 606 2078 affirmare
624 2031 631 2076 :
658 2005 833 2077 neminem
847 2004 962 2077 adhuc
979 2004 1135 2077 oblatum
1148 2005 1229 2090 sibi,
1254 2007 1313 2100 qui
1338 2013 1410 2077 tam
1428 2005 1578 2079 fidenter
1603 2009 1777 2084 animose·

157 2156 222 2228 que
239 2155 359 2204 secum
374 2132 499 2226 egerit.
526 2129 675 2210 Quando
691 2129 830 2224 quidem
853 2128 898 2201 de
914 2128 1086 2223 religione
1099 2128 1219 2202 illatus
1234 2137 1287 2201 est
1302 2153 1430 2212 sermo,
1452 2132 1496 2202 de
1522 2132 1599 2227 ipsa
1613 2132 1775 2218 Carolus
1831 2151 1835 2156 '
1926 2183 1933 2196 ·

157 2281 234 2352 quae
246 2279 319 2328 una
333 2255 487 2328 omnium
501 2255 640 2326 sincera
653 2253 756 2338 foret,
772 2261 846 2325 tum
861 2253 905 2324 de
926 2253 1171 2336 sacramentis,
1186 2253 1324 2334 ritibus,
1341 2261 1376 2325 et
1389 2255 1596 2348 quibusdam
1610 2258 1779 2332 Ecclesiae

157 2380 332 2476 dogmatis
352 2378 571 2474 disceptare;
594 2401 707 2473 neque
737 2376 884 2472 indigne
901 2376 1025 2464 tulisse
1050 2378 1148 2449 visus
1174 2377 1269 2448 dicta
1298 2378 1451 2451 aSociis
1468 2378 1655 2474 intrepide,
1685 2383 1779 2478 obje-

35 2565 36 2590 ,
156 2511 315 2599 ctamque
345 2503 547 2576 lutheranae
569 2527 644 2576 suae
668 2501 818 2574 vanitati
836 2501 1019 2575 catholicae
1043 2500 1213 2575 doctrinae
1237 2503 1435 2576 veritatem.
1466 2505 1664 2600 Benignius
1696 2506 1777 2580 inda

157 2629 290 2713 Socios,
310 2651 416 2723 quam
434 2627 641 2721 accepisset,
657 2634 764 2722 atque
784 2627 872 2699 adeo
891 2650 955 2722 pro
974 2625 1239 2712 commendatis,
1262 2628 1345 2700 etin
1372 2629 1477 2701 fidem
1494 2653 1595 2702 suam
1612 2632 1776 2726 receptis,

157 2753 298 2826 dimisit.
314 2752 455 2824 Acerba
471 2753 538 2824 fuit
551 2774 594 2825 aa
608 2751 643 2822 in
660 2751 683 2823 J
685 2752 818 2824 esuitas
835 2750 964 2824 lenitas
981 2751 1098 2824 Caroli
1122 2751 1300 2824 haereticis
1318 2778 1325 2823 :
1358 2753 1579 2828 inflammare
1600 2754 1653 2826 illi
1675 2754 1778 2829 dictis

157 2878 320 2960 animum,
340 2877 505 2972 facesque
520 2875 664 2954 invidiae
682 2875 875 2972 subjicere:
906 2877 1057 2948 maxime
1079 2875 1203 2948 ductor
1221 2877 1401 2971 copiarum
1416 2877 1632 2964 Sommerus,
1650 2879 1777 2954 Carolo

157 2999 269 3072 multis
295 3000 422 3083 carior,
444 2999 614 3072 Societati
637 2998 761 3080 Suecis
787 3000 950 3072 omnibus
967 2999 1139 3073 infestior.
1169 3001 1215 3073 Ei
1245 3002 1420 3097 princeps,
1441 3009 1576 3074 mutata
1592 3026 1674 3076 mox
1691 3005 1774 3092 fide,

157 3147 226 3196 rem
242 3122 473 3220 Derpatensis
493 3122 656 3219 collegii,
677 3130 806 3218 praeter
831 3146 919 3196 vasa
935 3124 1058 3221 templi
1088 3132 1273 3220 argentea,
1302 3127 1370 3198 sibi
1392 3127 1579 3211 servanda,
1600 3129 1778 3202 condonat

33 3285 34 3348 p
157 3269 303 3321 omnem.
321 3246 571 3321 Vexandorum
595 3248 643 3319 ita
657 3247 876 3321 Jesuitarum
890 3248 1108 3321 occasionem
1127 3254 1265 3332 nactus,
1282 3248 1417 3323 nullum
1431 3249 1632 3326 Sommerus
1647 3255 1777 3327 omittit

157 3395 264 3466 genus
286 3371 440 3467 iujuriae.
459 3373 709 3444 Perscrutatur
722 3373 862 3445 arculas
876 3395 1010 3457 omnes
1028 3394 1219 3469 omnesque
1234 3373 1358 3446 domus
1371 3374 1537 3468 angulos,
1559 3375 1622 3447 sed
1636 3377 1775 3453 culcitas
1800 3409 1945 3468 aescula

159 3501 257 3571 etiam
271 3499 501 3596 stragulaque
519 3522 668 3572 excussa
691 3507 773 3571 sunt
787 3501 929 3572 frustra.
955 3500 1233 3571 Domesticorum
1248 3498 1389 3569 interim
1408 3497 1618 3570 famulorum
1645 3501 1773 3597 aliquis
1799 3491 1936 3624 aidum·

157 3622 335 3708 tumulum,
362 3625 395 3694 in
421 3647 523 3719 quem
550 3647 648 3696 sacra
680 3623 838 3719 supellex
856 3630 950 3695 esset
975 3623 1147 3718 conjecta,
1185 3619 1313 3716 prodit.
1349 3620 1516 3692 Ablatum
1549 3631 1770 3716 argentum:
1837 3610 1843 3623 ⁶

157 3745 284 3842 direpta
305 3747 390 3830 alia,
411 3756 538 3820 caetera
552 3747 791 3842 pessumdata.
810 3745 953 3840 Reliqui
962 3746 1038 3839 jam
1052 3744 1142 3816 nihil
1156 3751 1245 3825 erat,
1266 3743 1360 3837 quod
1377 3745 1625 3839 exprimerent,
1643 3756 1773 3841 praeter

157 3871 284 3944 animos
303 3874 555 3968 ecorporibus,
575 3881 611 3947 et
625 3872 681 3944 his
691 3874 767 3967 jam
781 3872 922 3944 laceris.
957 3871 1097 3965 Urgent
1119 3868 1347 3941 nihilominus
1372 3867 1571 3963 praedones,
1601 3869 1772 3967 pluraque

157 3994 220 4065 sibi
232 3997 327 4090 prodi
342 3996 449 4068 minis
462 4003 593 4091 cogunt
607 3996 785 4068 atrocibus
800 4002 836 4068 et
848 3995 976 4089 plagis.
995 3995 1065 4089 Spe
1080 3993 1229 4086 denique
1242 4015 1321 4063 cum
1336 3993 1470 4064 eversis
1485 3990 1651 4065 domicilii
1666 3995 1770 4068 rebus

155 4119 296 4213 abjecta.
318 4122 442 4195 Socios
460 4145 582 4194 omnes
601 4129 734 4215 septem
757 4122 794 4192 in
820 4143 927 4192 unam
953 4125 1206 4215 perangustam
1232 4117 1462 4213 compingunt
1490 4117 1639 4202 cellam;
1666 4121 1770 4194 rebus

156 4244 316 4336 spoliatos
329 4246 505 4344 omnibus,
521 4246 627 4329 fame,
647 4243 801 4339 paedore,
819 4243 951 4338 frigore
969 4241 1183 4315 enecandos.

202 4366 266 4439 Sed
291 4369 406 4442 bonus
424 4369 532 4450 Deus,
553 4391 617 4463 per
635 4391 739 4462 quem
769 4390 835 4438 nec
860 4367 935 4438 ales
959 4365 1082 4448 esurit,
1103 4365 1215 4461 ipsius
1234 4364 1405 4438 Sommeri
1423 4363 1605 4450 famulum,
1626 4367 1767 4440 Mosco·

155 4488 268 4574 vitam,
287 4491 334 4562 ad
364 4514 443 4563 eam
470 4492 606 4563 induxit
632 4490 922 4574 misericordiam,
941 4498 980 4562 ut
1009 4490 1125 4562 cibum
1150 4489 1287 4560 miseris
1313 4489 1403 4560 clam
1429 4488 1515 4561 hero
1540 4489 1765 4585 subjectaret,

153 4613 390 4710 crudelemque
407 4616 531 4687 herum
552 4614 742 4709 aliquando
761 4622 1015 4698 commoneret;
1037 4613 1185 4685 maxime
1203 4636 1282 4684 cum
1299 4612 1502 4685 Sommems
1532 4612 1608 4706 ipse
1631 4613 1765 4688 vinctos

153 4735 272 4810 misere
283 4739 435 4832 jactaret
453 4739 592 4821 Patres,
613 4740 810 4833 pugnisque
842 4737 1018 4811 crudelem
1044 4738 1081 4808 in
1107 4736 1248 4808 modum
1273 4734 1493 4819 concideret;
1510 4744 1597 4821 tum,
1617 4736 1766 4832 simplex
1791 4744 1869 4836 Carti
1893 4761 1945 4810 ον.

152 4857 261 4938 homo,
288 4860 477 4933 servulus:
503 4891 518 4922 a
553 4862 642 4947 Ohc,
672 4861 903 4944 exclamabat,
932 4862 1011 4946 ohe,
1038 4861 1086 4932 mi
1116 4858 1284 4932 Domine!
1319 4859 1467 4931 istorum
1495 4859 1572 4953 jam
1606 4859 1763 4950 affatim
1790 4838 1908 4958 etgaru-

153 5008 170 5038 κ
190 4982 376 5057 timendum
393 5009 511 5081 porro,
528 5009 574 5058 ne
587 4986 681 5057 ultor
699 4986 766 5058 huc
780 4985 876 5058 Deus
890 4985 992 5056 adsit.
1010 4985 1123 5057 Parce
1136 4984 1221 5056 viris
1235 4984 1512 5071 immerentibus,
1527 4985 1646 5080 eisque
1660 5009 1763 5060 vene·

152 5133 168 5164 α
190 5110 359 5182 uerendis.
390 5145 407 5176 „
425 5109 495 5183 Sed
521 5110 740 5182 ferocitatem
758 5109 910 5181 hominis
935 5107 1035 5181 nulla
1063 5114 1202 5202 poterat
1232 5109 1474 5202 comprimere,
1496 5109 1689 5205 quamlibet
1705 5111 1768 5185 illa

147 5229 288 5324 supplex
303 5234 491 5330 gravisque
510 5232 635 5305 oratic.
658 5234 708 5305 Ut
732 5233 804 5305 alia
829 5231 1045 5305 crudelitatis
1065 5232 1226 5326 exempla
1244 5232 1415 5316 omittam,
1440 5256 1548 5303 unum
1569 5232 1763 5326 illaquam
