4906 6642
636 768 676 834 50
1003 767 1280 829 LITUANICARUM
1303 767 1517 828 SOCIETATIS
1537 768 1623 828 JESIJ
1645 766 1899 828 flrsroumnun

464 957 530 1052 35⁷2
582 963 584 970 ’
636 977 680 1026 ex
703 953 800 1025 obitu
821 951 942 1024 fratris
960 953 1016 1025 sui
1041 952 1261 1048 Sigismundi
1286 953 1441 1048 Augusti
1464 954 1560 1048 regis
1576 953 1682 1027 Anna
1699 952 1919 1049 Sigismundi
1944 954 1960 1026 I
1986 953 2073 1041 filia,
2098 956 2268 1052 princeps

453 1036 571 1194 ἔρεξ’
636 1075 822 1150 Societatis
851 1083 984 1148 nostrae
1014 1077 1271 1164 amantissima,
1297 1078 1426 1174 hospes
1465 1077 1527 1151 illa
1557 1087 1631 1150 tum
1663 1077 1809 1152 Plociee.
1831 1077 2017 1151 Solaturus
2055 1085 2267 1154 moerentem

633 1201 788 1273 Nuntius
814 1200 967 1274 Romani
990 1201 1173 1274 Pontificis
1191 1203 1399 1276 Vincentius
1418 1203 1595 1284 Porticus,
1616 1201 1763 1276 adduxit
1786 1224 1827 1274 eo
1851 1203 1995 1274 Petrum
2013 1201 2167 1298 Skarga.
2189 1203 2268 1278 Ad-

633 1325 747 1396 hibita
770 1330 805 1395 et
836 1322 950 1397 dolori
967 1325 1135 1422 principis
1154 1325 1321 1412 remedia,
1348 1334 1383 1399 et
1421 1327 1514 1400 aulae
1539 1327 1651 1421 regiae
1678 1349 1785 1421 opera
1814 1327 1974 1422 impensa
1995 1325 2142 1400 utiliter.
2165 1327 2267 1400 Alibi

632 1471 696 1545 per
725 1446 762 1518 id
786 1455 924 1544 tempus
956 1450 1070 1524 Sociis
1098 1451 1305 1525 exercendae
1338 1451 1478 1523 virtutis
1514 1450 1734 1524 occasionem
1764 1448 1862 1522 dedit
1894 1449 2109 1545 pestilentia.
2136 1452 2265 1547 Longa

516 1587 556 1644 18.
631 1571 773 1668 lateque
790 1573 921 1646 malum
938 1575 1177 1671 populabatur
1208 1576 1390 1662 civitates3
1412 1576 1525 1671 major
1543 1597 1648 1669 quam
1665 1573 1750 1646 alibi
1775 1583 1915 1668 strages
1941 1573 2037 1646 edita
2056 1573 2258 1648 Pultoviee:

457 1667 586 1815 ξθῗζζζῑω
633 1696 739 1793 plena
768 1697 818 1769 ibi
847 1699 1080 1772 cadaveribus
1111 1701 1264 1796 compita
1291 1701 1430 1796 vicique
1459 1699 1577 1772 subita
1606 1707 1720 1772 morte
1749 1697 2005 1793 perculsorum.
2027 1697 2081 1772 De
2099 1699 2260 1796 Collegio

632 1845 724 1894 unus
753 1821 843 1918 ipse,
880 1821 1021 1918 adjutor
1055 1824 1326 1898 domesticorum
1352 1847 1511 1920 operum,
1549 1823 1660 1897 frater
1691 1824 1862 1907 amissus;
1899 1828 2046 1894 caeteros
2072 1823 2163 1894 mira
2191 1824 2262 1897 Dei

632 1945 837 2041 benignitas
858 1946 950 2020 inter
968 1948 1094 2021 funera
1112 1950 1266 2022 servarit
1283 1947 1490 2022 incolumes.
1514 1948 1749 2021 Contraxerat
1766 1947 1910 2034 malum,
1930 1946 2137 2020 ministrans
2160 1949 2260 2043 oppi-

459 2075 559 2130 Manna
580 2075 608 2130 S·
633 2071 745 2155 danis,
773 2072 816 2144 P.
838 2071 1008 2144 Nicolaus
1038 2073 1320 2160 Sendlrovslrius,
1343 2073 1406 2146 sed
1440 2073 1584 2146 morbus
1607 2071 1774 2168 depulsus
1790 2079 1842 2144 est
1865 2072 1983 2144 divino
2002 2071 2258 2158 medicamine;

458 2153 592 2290 ffiffi,
631 2203 716 2291 potu
729 2195 856 2282 leticia,
877 2220 981 2292 quem
998 2220 1126 2270 manna
1144 2205 1283 2282 vocant,
1306 2198 1483 2271 manantis
1506 2221 1525 2270 e
1542 2197 1678 2270 tumulo
1693 2197 1775 2269 Divi
1791 2193 1960 2267 Andreae.

461 2337 524 2392 1573
679 2319 865 2392 Varsaviae
890 2343 954 2415 per
979 2321 1121 2394 comitia
1142 2321 1327 2416 generalia
1355 2299 1448 2395 cives
1474 2321 1518 2394 de
1544 2345 1643 2417 rege,
1681 2344 1757 2393 suae
1782 2318 2008 2414 praeficiendo
2039 2318 2262 2414 Reipublicae

629 2440 924 2540 (quandoquidem
942 2445 1048 2539 stirps
1061 2445 1083 2518 J
1086 2445 1290 2541 agellorum
1308 2446 1502 2520 masculina
1515 2447 1551 2517 in
1565 2445 1728 2540 Augusto
1750 2442 1767 2514 I
1794 2443 1994 2536 defecerat),
2022 2444 2263 2538 praesentibus

629 2565 811 2662 pontificio
841 2567 1006 2662 Gregorii
1044 2569 1150 2656 XIII,
1180 2570 1344 2643 Caesareo
1375 2569 1624 2656 Maximiliani,
1662 2569 1812 2642 Turcico
1851 2568 2075 2663 imperatoris
2109 2567 2259 2664 Selymi,

632 2691 774 2764 Suetico
800 2697 836 2764 et
869 2691 1066 2764 Galliarum
1097 2692 1244 2785 duobusx
1269 2695 1379 2790 regiis
1412 2695 1554 2790 legatis,
1589 2694 1847 2789 disceptabant.
1885 2693 2068 2766 Consensu
2103 2691 2262 2765 omnium

515 2829 555 2886 19.
633 2813 809 2889 Henricus
826 2815 1005 2899 Valesius,
1024 2816 1337 2912 Andagavensium
1370 2819 1547 2914 princeps,
1576 2819 1672 2913 regis
1695 2817 1892 2890 Galliarum
1914 2817 2037 2902 frater,
2061 2815 2108 2888 ad
2130 2815 2262 2890 solium

456 2901 607 3039 {³¹¹⁰}ng
633 2938 848 3036 deposcitur.
865 2937 1165 3034 Suffragatasunt
1182 2943 1339 3015 Henrico
1357 2950 1429 3014 tam
1442 2941 1544 3015 facile
1557 2942 1732 3037 promissa
1749 2941 1895 3013 Polonis
1910 2938 2098 3035 optabilia:
2123 2967 2140 3000 e
2157 2962 2264 3013 omne

456 3061 525 3198 {⁰¹1ss
541 3063 606 3120 ⁰¹⁰⁰·
635 3097 652 3129 κ
673 3066 807 3140 scilicet
820 3066 975 3140 alienum
989 3093 1052 3155 ees,
1069 3069 1210 3144 nomine
1228 3072 1444 3145 Polonorum
1470 3095 1492 3144 a
1523 3071 1750 3166 Sigismundo
1774 3070 1938 3164 Augusto
1964 3076 2194 3155 contractum,
2214 3093 2262 3143 ex

470 3157 509 3196 ω’
634 3221 651 3252 α
672 3190 926 3286 Andagavensi
959 3193 1085 3266 aerario
1117 3193 1403 3269 dissolvendum:
1433 3195 1676 3292 apparandum
1710 3195 1882 3267 adversus
1911 3194 2080 3267 Moschos
2110 3193 2258 3278 bellum,

633 3345 649 3377 κ
672 3317 815 3413 suisque
841 3315 1026 3389 Gallorum
1050 3319 1238 3414 impendiis
1267 3320 1571 3394 sustentandum:
1600 3320 1844 3416 recuperanda
1877 3320 1996 3391 omnia
2027 3341 2106 3412 quae
2139 3320 2261 3394 hostes

633 3470 649 3502 a
667 3440 814 3515 Polonis
831 3441 1071 3515 ademissent:
1092 3445 1243 3538 juvenes
1265 3470 1284 3518 e
1311 3453 1418 3541 gente
1438 3445 1603 3540 polonica
1629 3447 1766 3519 nobiles
1792 3451 1932 3518 centum
1959 3443 2195 3517 instituendos
2219 3444 2258 3514 in

633 3593 649 3625 a
667 3564 804 3659 gallicis
826 3563 1038 3638 seminariis.
1062 3601 1078 3631 n
1100 3567 1122 3640 J
1125 3570 1233 3640 oanni
1259 3569 1386 3643 Carolo
1407 3569 1653 3656 Chodlrievicz,
1683 3570 1726 3642 de
1747 3571 1847 3665 cujus
1864 3569 1900 3639 in
1923 3567 2119 3642 Ecclesiam
2137 3568 2259 3640 catho-

630 3689 735 3762 licam
759 3697 904 3784 reccptu
921 3689 1079 3784 proxime
1093 3693 1329 3778 narravimus,
1349 3718 1458 3766 unum
1475 3694 1657 3788 promissis
1684 3696 1846 3767 omnibus
1869 3699 1945 3765 erat
1966 3693 2084 3788 petius
2106 3717 2114 3764 :
2134 3714 2258 3787 regem

627 3812 761 3887 scilicet
773 3811 900 3908 patriae
918 3834 993 3885 suae
1011 3835 1055 3884 ex
1068 3836 1111 3885 ea
1125 3815 1246 3888 offerri
1258 3816 1404 3903 familia,
1421 3841 1501 3912 quae
1514 3817 1697 3912 religionis
1710 3817 1894 3890 catholicae
1909 3823 2002 3888 esset
2015 3815 2255 3887 tenacissima.

627 3935 771 4010 Electus
802 3936 922 4029 itaque
952 3937 1174 4011 concorditer
1197 3940 1374 4026 Valesius,
1404 3964 1603 4036 magnoque
1633 3943 1761 4015 civium
1789 3938 1905 4014 studio
1935 3961 2000 4032 per
2035 3938 2189 4032 Legatos
2210 3939 2258 4010 ad

629 4083 797 4134 coronam
813 4058 997 4131 inritatus.

480 4281 486 4292 ὓ
512 4199 553 4254 ao.
678 4185 797 4258 Vilnae
815 4207 901 4258 cura
919 4182 1018 4256 Petri
1035 4181 1177 4276 Skarga
1194 4180 1376 4265 sodalitas,
1399 4203 1478 4275 quae
1497 4181 1629 4276 pietate
1642 4183 1820 4278 praecipua
1837 4187 2097 4260 sanctissimum
2115 4188 2255 4262 Eucha-

454 4279 553 4419 Q
562 4281 601 4336 in-
628 4309 740 4382 ristiee
759 4308 852 4381 colat
870 4313 1143 4390 sacramentum,
1164 4305 1343 4390 instituta;
1364 4310 1460 4376 certa
1473 4306 1555 4377 huic
1569 4306 1662 4378 idem
1673 4308 1868 4404 privilegia
1891 4331 1914 4382 a
1944 4310 2037 4384 Sede
2050 4309 2256 4406 Apostolica

456 4442 587 4538 eudaliae
628 4456 691 4529 per
715 4430 928 4506 cardinalem
946 4428 1246 4504 Commendonum
1268 4429 1480 4524 impetravit.
1508 4430 1655 4502 Coivere
1678 4430 1714 4500 in
1738 4433 1867 4504 coatum
1898 4457 1977 4506 cnm
2008 4440 2159 4528 praetore
2188 4457 2253 4506 suo

454 4525 605 4660 {ffi‘g
627 4558 756 4630 civium
789 4557 981 4640 lectissimi,
1017 4579 1080 4651 per
1104 4553 1417 4628 commentationes
1449 4555 1561 4649 patris
1596 4555 1708 4626 nostri
1744 4557 1872 4650 Ignatii
1906 4557 1950 4628 ad
1982 4559 2130 4630 istorum
2159 4557 2253 4631 diem

452 4699 566 4756 Pietatis
626 4682 808 4754 initiorum
834 4681 998 4753 instituti.
1028 4679 1219 4754 Consulum
1236 4678 1395 4773 exemplo
1418 4679 1569 4752 excitata
1589 4679 1724 4775 plebes,
1752 4689 1788 4753 et
1808 4683 1885 4777 ipsa
1915 4681 2113 4756 sodalitatis
2139 4685 2252 4758 sacel-

453 4777 600 4907 gffiggn
625 4806 698 4879 lum
720 4805 967 4900 frequentare;
993 4803 1109 4877 colere
1126 4803 1319 4898 impensius
1342 4801 1563 4875 Salvaterem
1581 4803 1617 4874 in
1637 4826 1700 4876 suo
1728 4801 1918 4900 pendentis'
1938 4830 1957 4880 e
1978 4830 2082 4879 cruce
2110 4807 2252 4881 simula·

452 4931 579 4990 venons.
624 4954 697 5016 cro,
721 4938 756 5004 et
777 4929 897 5002 divina
914 4927 1047 5002 referre
1064 4927 1253 5012 beneficia;
1279 4926 1495 5000 deferentem
1522 4926 1568 5000 ad
1586 4927 1723 5001 sodales
1750 4939 1904 5025 aegrotos
1928 4955 2067 5004 sacrum
2084 4932 2251 5004 viaticum

622 5063 724 5129 tanta
741 5053 958 5128 sacerdotem
981 5053 1152 5126 assectari
1170 5052 1381 5147 frequentia,
1408 5058 1447 5123 ut
1468 5051 1623 5124 virorum
1641 5060 1675 5126 et
1693 5053 1878 5126 mulierum
1900 5053 2103 5128 celebritate
2119 5055 2250 5150 plateae

623 5179 895 5273 complerentur.
925 5177 1040 5271 AEgre
1069 5178 1115 5248 ab
1150 5177 1267 5248 animo
1298 5183 1375 5249 erat
1404 5177 1629 5250 obtuentibus
1661 5177 1767 5250 istam
1796 5177 2051 5252 catholicorum
2077 5179 2249 5273 pietatem
