4930 6634
683 757 745 823 278
1073 767 1345 833 LITUANICARUM
1368 773 1579 836 sotlnrnrls
1599 777 1685 839 JESU
1703 779 1960 844 dissoluenda!

511 951 576 1008 leae
680 943 797 1016 sextili
813 947 1001 1038 advenere,
1034 977 1165 1050 magna
1179 958 1318 1030 civium
1335 959 1571 1054 gratulatione
1600 963 1748 1058 accepti.
1768 964 1911 1039 Mitiore
1931 967 2136 1042 Vendenses
2151 971 2297 1067 ingenio
2387 1060 2390 1069 Ι
2452 1059 2453 1070 ¹

510 1042 630 1177 venddn.
678 1067 905 1160 popularibus
919 1074 1006 1161 suis,
1023 1084 1058 1149 et
1073 1080 1190 1153 animo
1205 1082 1243 1154 in
1260 1082 1466 1178 religionem
1484 1085 1694 1158 catholicam
1708 1086 1934 1184 salubriaque
1947 1091 2095 1165 consilia
2107 1095 2294 1188 proniore;

509 1198 577 1288 pun
590 1199 652 1257 sacr·
680 1190 769 1264 adeo
785 1193 984 1291 frequentes
1014 1202 1066 1274 illi
1083 1205 1128 1276 ad
1158 1231 1232 1279 rem
1264 1207 1418 1280 divinam
1443 1209 1676 1297 ventitabant,
1711 1219 1760 1300 ut,
1789 1215 1894 1310 hujus
1911 1215 2022 1311 ipsius
2053 1219 2138 1290 anni
2169 1221 2293 1314 spatio,

507 1275 630 1418 Qui?
682 1317 918 1415 unusquisque
937 1325 1084 1398 Patrum
1097 1328 1143 1402 ad
1160 1331 1279 1404 decem
1292 1333 1396 1407 facile
1414 1335 1524 1408 millia
1541 1340 1787 1433 poenitentium
1805 1364 1869 1437 pro
1884 1365 1986 1424 sacro
2004 1344 2173 1418 tribunali
2195 1370 2297 1420 exce·

507 1437 653 1528 borninga.
679 1440 783 1532 perit.
805 1444 937 1520 Diebus
951 1451 1049 1526 festis
1063 1455 1108 1526 ab
1125 1463 1204 1528 ortu
1217 1457 1302 1531 solis
1319 1458 1365 1531 ad
1379 1481 1540 1532 occasum
1556 1460 1628 1534 fere
1653 1463 1691 1535 in
1704 1462 1827 1536 officiis
1849 1463 1993 1559 pietatis
2018 1465 2154 1541 alacres
2171 1468 2296 1564 perdu-

506 1531 589 1576 nrum.
679 1565 818 1640 rabant.
840 1571 998 1647 Fuerunt
1020 1577 1056 1650 in
1073 1577 1141 1650 illis
1156 1604 1226 1652 non
1239 1582 1342 1676 pauci
1358 1584 1409 1654 ita
1434 1584 1589 1668 animati,
1610 1593 1649 1657 ut
1665 1609 1738 1659 rem
1766 1587 1986 1675 familiarem,
2017 1613 2138 1686 agros,
2159 1593 2296 1666 domos-

677 1711 746 1784 que
760 1713 845 1766 suas
870 1697 1059 1776 maluerint
1084 1705 1259 1792 deserere,
1280 1730 1384 1803 quam
1410 1709 1599 1791 haereticis,
1618 1709 1665 1781 ad
1698 1709 1824 1806 impios
1848 1713 1938 1785 ritus
1957 1736 2042 1787 suos
2072 1717 2295 1810 cogentibus,

675 1813 851 1910 obsequi:
889 1831 1076 1918 propterea
1105 1827 1261 1924 plerique
1291 1855 1310 1903 a
1341 1833 1491 1905 dominis
1530 1832 1720 1907 crudeliter
1750 1837 1883 1921 vexati,
1914 1840 2104 1912 excruciati
2132 1839 2296 1926 fidiculis

502 1911 650 2046 ffflffi
671 1940 781 2035 virgis
799 1946 953 2032 concisi;
984 1951 1154 2043 praeclare
1184 1954 1234 2026 illi
1264 1955 1355 2030 inter
1386 1957 1464 2031 haec
1494 1967 1653 2032 veterum
1670 1959 1946 2033 christianorum
1970 1964 2206 2036 constantiam
2222 1965 2299 2040 suis

502 2070 566 2162 tndp
577 2093 583 2136 ;
595 2071 646 2127 hae·
672 2063 889 2140 documentis
906 2074 1163 2166 approbabant.
1184 2078 1363 2173 Capienda
1381 2082 1510 2178 populo
1528 2083 1709 2177 praebebat
1727 2084 1891 2180 exempla
1918 2084 2091 2158 sodalitas
2115 2087 2297 2160 scholasti·

502 2151 645 2283 ppppprium
673 2212 792 2262 corum
809 2193 984 2281 Mariana,
1005 2199 1148 2273 induas
1168 2202 1281 2276 divisa
1293 2205 1448 2279 classes:
1479 2215 1624 2302 utraque
1645 2207 1823 2303 frequens,
1847 2217 1883 2282 et
1899 2210 1945 2282 ad
1963 2211 2130 2305 pietatem
2148 2211 2295 2306 pulchre

499 2309 552 2441 dd:
567 2307 646 2446 ⁵3¹⁸·
672 2318 885 2410 composita;
906 2321 942 2392 in
963 2329 1110 2420 utraque
1126 2327 1250 2400 beatus
1271 2328 1461 2403 Societatis
1475 2337 1610 2404 nostrae
1631 2354 1760 2427 parens
1777 2334 1966 2428 praecipuis
1991 2335 2182 2408 honoribus
2200 2336 2293 2410 cole·

499 2404 580 2521 riade
613 2407 645 2446 θ’
670 2436 786 2512 batur.
808 2441 881 2536 Ipsi
904 2453 1030 2540 sponte
1060 2471 1124 2521 sua
1149 2449 1391 2526 adolescentes
1414 2453 1563 2527 interae
1589 2463 1704 2528 certas
1729 2454 1932 2550 percolendi
1957 2457 2062 2553 hujus
2088 2458 2168 2530 Divi
2192 2457 2292 2554 leges

670 2564 911 2653 condiderant,
944 2571 1103 2646 conditas
1129 2583 1250 2649 sancte
1281 2577 1527 2650 observabant.
1554 2577 1644 2650 Divo
1674 2577 1864 2650 Francisco
1882 2579 2039 2652 Xaverio
2057 2580 2180 2654 sibilas
2205 2605 2289 2654 con-

668 2687 797 2759 struxit
817 2691 1007 2766 sacellum:
1044 2718 1118 2770 suae
1149 2697 1281 2771 scilicet
1312 2700 1406 2771 urbis
1437 2707 1599 2795 patrono,
1632 2699 1692 2794 qui
1724 2700 1945 2786 Vendenses,
1977 2702 2069 2776 inter
2095 2705 2287 2780 exhaustos

495 2808 612 2898 Pprroei-
667 2808 795 2882 circum
819 2815 1019 2908 pestilentia
1045 2843 1169 2914 pagos,
1189 2824 1384 2896 servaverit
1409 2823 1613 2896 incolumes.
1646 2825 1730 2897 Jam
1753 2832 1788 2897 et
1818 2827 1962 2921 pagani,
1984 2849 2008 2898 a
2033 2829 2163 2901 nostris
2187 2853 2286 2902 man-

496 2887 639 3022 }ffiqdr‘
663 2933 821 3020 suefacti,
837 2938 986 3014 salutem
999 2966 1100 3016 suam
1120 2945 1350 3019 adcurabant.
1369 2946 1512 3020 Illorum
1524 2948 1651 3042 aliquis
1669 2949 1705 3020 in
1719 2949 1854 3032 morbo,
1871 2973 1941 3022 non
1955 2953 2073 3024 omnia
2086 2951 2152 3026 rite
2169 2976 2284 3028 sacer-

492 3063 593 3181 conpr·
663 3057 736 3129 doti
766 3062 958 3153 confessus,
991 3070 1142 3162 rogabat
1171 3070 1393 3154 domesticos,
1425 3072 1645 3144 sacerdotem
1670 3071 1869 3167 eCollegio
1900 3071 2086 3148 Societatis
2104 3076 2285 3150 Vendensi

489 3141 540 3182 m
555 3145 593 3185 ur.
662 3185 708 3256 ad
725 3207 765 3258 se
786 3187 1025 3266 deducendum
1060 3204 1244 3269 curarent:
1278 3221 1357 3271 esse
1390 3197 1482 3293 quod
1517 3197 1745 3270 moribundus
1781 3197 1849 3268 sibi
1875 3205 2060 3272 metueret.
2094 3200 2282 3294 Tergiver-

487 3343 590 3402 gpup,
661 3309 821 3383 sentibus
849 3312 932 3400 illis,
954 3339 1055 3412 opem
1085 3319 1240 3393 divinam
1270 3321 1443 3417 implorat.
1470 3322 1614 3416 Colligit
1640 3327 1800 3416 repente·
1815 3321 1930 3394 vires:
1950 3323 2070 3416 pergit
2103 3322 2277 3396 Vendam:

485 3421 606 3553 fflffl
659 3434 798 3528 aspirat.
835 3438 924 3511 Erat
948 3463 1032 3514 vero
1065 3467 1143 3514 cum
1169 3453 1306 3541 tempus
1340 3446 1674 3541 perincommodum,
1717 3443 1855 3526 nivibus
1886 3445 1981 3529 altis,
2019 3446 2136 3519 calore
2170 3469 2280 3521 verno

486 3582 570 3649 plum.
603 3597 613 3612 ·
661 3556 933 3646 tabescentibus,
964 3573 1038 3636 tum
1068 3567 1135 3638 iter
1168 3567 1352 3652 lubricum,
1386 3569 1491 3664 idque
1524 3568 1570 3640 ad
1595 3568 1715 3640 leucas
1741 3567 1830 3640 duas
1863 3567 2030 3662 longum;
2071 3592 2142 3642 non
2171 3571 2282 3664 aegris

660 3689 764 3764 facile
781 3692 1013 3766 emetiendum
1031 3694 1191 3788 pedibus.
1212 3696 1398 3788 ingressus
1416 3692 1595 3788 templum,
1623 3690 1788 3774 anhelus,
1805 3690 1917 3764 macie
1939 3691 2107 3773 torridus,
2122 3697 2157 3766 et
2174 3693 2280 3766 oada-

576 3849 590 3872 ·
658 3813 908 3886 verisimilior
937 3839 1040 3910 quam
1079 3818 1171 3900 vivo,
1205 3819 1395 3891 confitendi
1421 3817 1570 3912 copiam,
1599 3823 1732 3911 quanta
1766 3822 1882 3910 potest
1911 3816 2007 3888 vocis
2038 3817 2276 3902 contentione,

658 3936 827 4029 postulat.
853 3937 1041 4013 Confessus
1060 3939 1200 4013 domum
1218 3941 1309 4014 redit
1325 3940 1564 4037 triumphans:
1585 3963 1659 4013 rem
1677 3938 1886 4013 familiarem
1907 3938 1943 4010 in
1969 3961 2051 4011 suos
2070 3939 2250 4012 distribuit
2269 3967 2277 4012 :

660 4060 749 4134 bene
762 4068 923 4156 precatus
941 4063 1071 4148 domui,
1095 4065 1162 4138 hoc
1182 4067 1258 4160 ipso
1284 4065 1341 4137 die
1360 4065 1517 4137 moritur.
1541 4066 1596 4136 lta
1617 4071 1778 4158 agrestes
1800 4062 1948 4149 homuli‚
1970 4063 2030 4157 qui
2052 4062 2135 4136 olim
2161 4063 2280 4137 aditus

660 4207 781 4261 omnes
809 4187 856 4259 ad
888 4211 926 4262 se
953 4191 1195 4262 sacerdotibus
1224 4190 1493 4285 praecluderent,
1529 4189 1657 4260 deinde
1687 4185 1906 4282 benignitate
1940 4186 2123 4260 Sociorum
2147 4195 2182 4260 et
2210 4211 2279 4262 usu

630 4301 636 4312 '
659 4312 794 4388 deliniti
806 4313 875 4409 ipsi
887 4314 980 4388 ultro
994 4315 1147 4387 medicos
1165 4315 1362 4387 animorum
1376 4336 1518 4385 suorum
1537 4321 1676 4384 nostros
1694 4310 1931 4405 requirebant.

545 4431 595 4522 ¹⁸,
707 4437 893 4511 Masonitis
908 4461 1024 4512 annus
1037 4438 1094 4511 hic
1111 4439 1289 4533 pestilenti
1311 4439 1412 4512 clade
1437 4438 1587 4546 infamis.
1614 4437 1892 4510 Varsaviensum
1910 4459 1949 4510 re
1966 4437 2081 4510 adhuc
2094 4437 2276 4527 incolumi,

483 4506 632 4644 dddasvss.
657 4561 828 4636 volitabat
848 4586 912 4658 per
933 4587 1057 4636 manus
1085 4565 1225 4647 civium,
1253 4564 1378 4659 plenus
1396 4563 1663 4648 calumniarum,
1692 4563 1857 4636 dimissus
1875 4586 1897 4636 a
1921 4563 2143 4638 criminatore
2157 4565 2278 4641 Socie-

484 4667 632 4802 ffitufft
657 4686 753 4770 tatis,
792 4687 1016 4760 tlracoviensi
1045 4688 1268 4772 Academico
1297 4686 1451 4760 libellus.
1482 4687 1645 4759 Minister
1679 4686 1873 4780 scriptoris,
1910 4686 1970 4780 qui
2002 4697 2140 4780 parturn
2172 4711 2279 4764 suum

601 4791 607 4804 ⁰
658 4810 856 4895 differebat,
894 4812 1167 4906 comprehensus
1198 4815 1302 4906 jussu
1339 4810 1534 4896 consulum,
1574 4813 1820 4907 conjectusque
1846 4811 1882 4881 in
1906 4811 2060 4883 vincula.
2089 4813 2279 4888 Trimestri

657 4936 772 5029 spatio
790 4936 965 5021 detentus,
988 4942 1067 5030 post
1094 4936 1227 5030 virgas,
1249 4935 1373 5028 jussus
1399 4934 1435 5006 in
1452 4933 1528 5005 loro
1547 4933 1699 5005 carmina
1726 4931 1780 5004 sui
1809 4933 1963 5004 auctoris
1987 4933 2127 5005 nomine
2150 4958 2276 5010 recan-

655 5063 745 5144 tare,
766 5064 802 5133 et
817 5059 855 5130 in
871 5067 1058 5154 conspectu
1083 5066 1225 5130 senatus
1255 5058 1356 5130 civici
1389 5057 1515 5130 Patres
1534 5056 1719 5129 Societatis
1733 5055 1926 5152 deprecari.
1949 5054 2012 5130 Ille
2038 5056 2190 5149 quidem,
2211 5057 2276 5136 de·

556 5165 566 5190 ⁸
657 5190 791 5258 cretum
808 5189 986 5266 executus,
1010 5181 1221 5254 dimittitur:
1241 5183 1381 5257 libellus
1398 5191 1515 5258 autem
1533 5204 1596 5279 per
1611 5188 1780 5254 tortorem
1797 5180 1935 5278 publice
1947 5181 2115 5256 exuritur.
2136 5184 2274 5262 Urente
