4948 6654
643 796 704 861 212
1004 793 1278 855 LITUleCARUM
1301 793 1513 854 SOCIETATIS
1533 792 1618 854 JESU
1642 789 1897 852 fflsvoulnuuru

645 965 768 1052 contra
784 979 1005 1075 majestatem
1033 979 1170 1074 regiam
1189 1002 1232 1052 ac
1260 979 1387 1053 turbae.
1420 978 1617 1051 Plurimum
1645 990 1728 1050 vero
1759 999 1862 1050 noxae
1890 977 2054 1072 opinione
2080 999 2128 1051 an
2150 981 2268 1076 potius

643 1103 892 1178 malevolentia
908 1104 1155 1177 haereticorum
1173 1126 1282 1199 penes
1307 1111 1448 1176 nostros
1461 1103 1532 1198 (qui
1550 1104 1587 1174 in
1605 1103 1688 1176 aula
1705 1103 1784 1197 regi
1801 1126 1822 1175 a
1840 1104 1951 1176 sacris
1973 1105 2098 1196 erant),
2118 1105 2268 1182 invidia·

641 1251 709 1322 que
726 1249 815 1321 pene
834 1234 934 1299 tota:
956 1251 1103 1322 quorum
1117 1226 1252 1300 scilicet
1270 1227 1426 1300 consiliis
1444 1228 1617 1322 princeps,
1634 1228 1671 1299 in
1688 1227 1733 1300 iis
1743 1228 1876 1321 utique,
1898 1250 1977 1322 quea
1997 1230 2039 1300 ad
2056 1229 2270 1325 religionem

644 1353 846 1434 attinerent,
878 1351 1085 1424 auferretur.
1109 1351 1149 1423 ld
1175 1352 1268 1444 quod
1295 1352 1366 1424 fato
1393 1350 1580 1425 Societatis
1597 1352 1773 1423 communi
1789 1350 1850 1436 fit;
1872 1352 1927 1424 cui
1952 1353 2028 1447 jam
2046 1350 2168 1447 vulgo,
2186 1375 2269 1447 quae

641 1499 789 1572 usquam
808 1475 985 1558 eveniunt,
1006 1497 1124 1548 causae
1141 1476 1446 1571 perturbationum
1476 1473 1714 1569 assignantur.
1740 1504 1756 1534 α
1777 1477 1799 1548 J
1802 1476 1926 1548 esuitae
1945 1477 2063 1571 itaque
2079 1476 2166 1571 ipsis
2194 1476 2269 1550 sive

644 1629 661 1660 a
682 1607 843 1674 auctores
863 1601 937 1673 sive
968 1600 1147 1696 adjutores
1178 1601 1254 1695 ejus
1287 1600 1516 1697 Sigismundo
1545 1600 1705 1672 consilii:
1740 1601 1762 1672 J
1765 1600 1888 1672 esuitee
1918 1601 2086 1697 principis
2116 1601 2270 1696 aprima

645 1753 661 1785 u
683 1723 835 1820 pueritia
858 1723 1091 1804 institutores,
1114 1723 1318 1809 consiliarii,
1339 1722 1487 1796 asseclae
1512 1749 1519 1795 :
1542 1725 1564 1796 J
1567 1723 1703 1807 esuitae,
1728 1723 1849 1798 hostes
1874 1747 2046 1797 novorum
2065 1723 2269 1820 dogmatum
2370 1805 2380 1822 ,

644 1879 660 1909 α
682 1847 863 1932 acerrimi;
884 1848 950 1942 ipsi
969 1847 1026 1920 vel
1040 1870 1103 1942 per
1120 1847 1337 1941 sigismundi
1356 1848 1464 1930 latus,
1486 1847 1554 1918 nisi
1567 1847 1671 1920 aliter
1689 1856 1846 1944 pateant,
1869 1857 2048 1944 petantur.
2072 1885 2088 1918 n
2114 1848 2273 1922 Restion-

642 1973 729 2043 bant
746 1971 802 2044 hic
830 1969 979 2044 necdum
1005 1970 1094 2041 bene
1128 1970 1277 2042 obducta
1306 1970 1467 2054 vulnera,
1489 1993 1568 2065 quae
1591 1971 1627 2042 in
1658 1970 1929 2068 Transylvania,
1958 1970 2102 2067 Anglia,
2122 1979 2158 2044 et
2184 1969 2269 2043 abbi

644 2097 864 2190 excepimus:
886 2118 954 2188 quo
976 2095 1147 2189 majorem
1166 2094 1203 2167 in
1221 2093 1350 2190 populo
1369 2094 1564 2168 excitarent
1581 2094 1759 2167 invidiam.

693 2218 760 2290 His
788 2218 1008 2300 inflammati,
1038 2219 1238 2290 secessione
1267 2219 1373 2303 facta,
1416 2218 1511 2291 misti
1542 2218 1724 2291 catholicis
1754 2219 1913 2292 baeretici
1946 2217 2058 2291 millia
2089 2219 2275 2292 hominum

644 2341 795 2438 amplius
809 2341 969 2436 triginta,
991 2341 1261 2426 tumultuantur,
1279 2349 1543 2436 conventusque
1556 2341 1792 2438 provinciales
1807 2343 2001 2438 Stenzycae,
2019 2340 2272 2428 Sandomiriae,

645 2465 798 2549 Lublini,
818 2465 1084 2560 Pokrzyvniciae
1105 2463 1305 2550 celebrant;
1327 2467 1491 2561 quodque
1518 2473 1633 2561 pacto,
1655 2466 1807 2538 maxime
1838 2466 2086 2552 Sandomiriae,
2115 2467 2209 2539 inter
2235 2487 2276 2539 se

646 2595 869 2672 convenerat,
885 2587 922 2659 id
934 2587 1091 2660 Visliciee
1104 2589 1181 2684 regi
1196 2595 1231 2662 et
1243 2589 1384 2684 utrique
1398 2588 1523 2661 Ordini
1536 2591 1573 2661 in
1587 2591 1727 2663 comitio
1741 2589 1778 2686 (ι)
1791 2613 1855 2686 per
1868 2613 1952 2663 suos
1965 2591 2105 2685 legatos
2120 2591 2276 2670 omnium

645 2735 820 2786 consensu
838 2712 1011 2786 Ordinum
1032 2713 1311 2786 confirmandum
1345 2724 1559 2810 proponunt,
1596 2721 1702 2809 atque
1729 2714 1819 2786 adeo
1850 2737 1914 2787 suo
1942 2715 2062 2788 nescio
2094 2736 2163 2810 quo
2190 2716 2275 2811 jure

645 2837 834 2934 postulant,
867 2859 909 2908 ac
947 2837 1099 2932 primum
1117 2837 1257 2933 quidem
1275 2837 1312 2934 (2)
1335 2863 1343 2910 ε
1365 2845 1403 2909 ut
1425 2838 1575 2912 Jesuitae
1610 2838 1655 2910 ab
1682 2839 1765 2910 aula
1794 2837 1896 2933 regia
1926 2839 2138 2933 negotioque
2164 2839 2201 2910 in
2230 2862 2274 2912 ea

647 2961 742 3034 omni
771 2960 1003 3034 excludantur
1034 2986 1041 3033 :
1070 2970 1110 3034 ut
1139 2960 1297 3057 ejusdem
1328 2961 1472 3033 Ordinis
1486 2963 1661 3046 homines
1679 2962 1772 3034 unde
1785 2961 1838 3032 illi
1855 2983 1991 3056 cunque
2010 2962 2092 3046 sint,
2110 2960 2275 3046 advenae,

649 3086 746 3181 prius
776 3108 882 3181 quam
899 3108 938 3160 se
959 3085 1137 3160 trimestre
1150 3092 1289 3181 tempus
1312 3085 1541 3171 convolverit,
1563 3110 1607 3159 ex
1620 3086 1786 3158 universo
1807 3084 2034 3158 Poloniarum
2054 3108 2165 3180 regno
2196 3108 2278 3161 sese

481 3232 628 3294 Dareum
651 3210 794 3306 ejiciant
815 3235 823 3282 :
844 3218 919 3283 tum
935 3233 1057 3283 omnes
1075 3210 1227 3294 omnino,
1242 3210 1335 3282 cives
1358 3212 1466 3282 etiarn
1482 3210 1588 3303 hujus
1611 3211 1747 3305 patriae,
1774 3210 1957 3294 cracovia,
1975 3210 2163 3296 Vareavia,
2186 3210 2276 3283 San-

481 3315 596 3454 essuri&
655 3337 814 3422 domiria,
841 3335 1000 3431 Leopoli,
1022 3335 1191 3420 Torunio,
1211 3335 1372 3420 Gedano,
1394 3335 1553 3420 Polocia,
1574 3336 1683 3431 Riga,
1709 3337 1880 3431 Derpato,
1901 3337 2065 3431 integris,
2086 3335 2116 3408 si
2136 3334 2279 3432 quidem

654 3462 820 3560 placebit,
845 3463 951 3535 rebus
973 3461 1047 3534 suis
1068 3460 1200 3548 Vilnae,
1226 3460 1378 3545 Calissii,
1399 3459 1651 3552 Brunsbergae,
1670 3459 1872 3544 Posnaniae,
1891 3460 2059 3546 Nesvisii‚
2086 3459 2279 3542 Pultoviae,

654 3587 808 3672 Lublini,
825 3584 1051 3671 laroslaviae,
1069 3585 1299 3659 exturbentur
1320 3612 1328 3658 ε
1349 3585 1541 3679 ejectorum
1563 3585 1656 3655 bona
1674 3583 1898 3678 publicentur
1919 3609 1927 3655 :
1951 3607 2034 3678 pars
2053 3607 2177 3657 eorum
2195 3584 2281 3657 (lra-

655 3711 813 3785 coviensi
831 3709 1022 3783 academiae
1040 3709 1265 3796 attribuatur,
1282 3732 1365 3804 pars
1383 3709 1420 3780 in
1439 3715 1660 3804 prytaneum,
1681 3707 1799 3803 inquo
1817 3709 1959 3781 alantur
1975 3709 2132 3784 emeritis
2150 3707 2283 3782 milites

654 3834 853 3931 stipendiis
886 3841 1147 3907 convertantur.
1180 3833 1246 3905 His
1277 3832 1429 3927 denique
1467 3833 1541 3903 suis
1572 3834 1805 3906 sacrosanctis
1836 3833 2034 3927 quicunque
2064 3833 2169 3906 reniti
2208 3855 2283 3904 nou

656 3959 861 4044 dubitarint,
881 3965 921 4030 ut
946 3956 1050 4030 exilio
1076 3957 1279 4029 multentur.
1307 3957 1354 4028 Et
1373 3958 1449 4052 J'am
1480 3956 1557 4029 istis
1580 3954 1844 4028 accusatoribus
1863 3975 2119 4048 causarumque
2137 3954 2283 4027 arbitris

656 4083 812 4156 omnium
842 4079 955 4153 omnis
984 4101 1043 4152 res
1066 4087 1189 4152 nostra
1218 4078 1430 4175 profligata;
1455 4104 1535 4152 cum
1564 4080 1701 4152 interea
1731 4075 1880 4150 comitiis
1911 4078 2101 4172 legumque
2131 4079 2282 4150 istarum

657 4208 896 4284 conditoribus
915 4207 1138 4289 obnuntiant,
1166 4212 1296 4300 praeter
1323 4205 1424 4291 alios,
1447 4206 1687 4302 Hieronymus
1718 4204 1964 4277 Gostomslrius
1984 4206 2283 4278 posnaniensium

487 4373 589 4429 Dm.
657 4332 848 4429 palatinus,
877 4338 912 4403 et
936 4329 1039 4402 Felix
1063 4329 1241 4426 Kryskius
1263 4328 1522 4402 referendarius
1549 4329 1663 4425 regni,
1693 4328 1896 4400 nuntiorum
1918 4330 2141 4402 terrestrium
2166 4353 2281 4403 mare·

488 4444 615 4578 miss·
661 4455 849 4530 schalcus:
874 4453 939 4525 viri
956 4461 995 4525 ut
1013 4452 1105 4524 alias
1123 4474 1263 4547 semper
1279 4452 1457 4547 aequitatis
1476 4451 1527 4524 sic
1549 4460 1681 4525 nostrae
1695 4452 1730 4522 in
1744 4451 1938 4546 praesentia
1955 4473 2070 4524 causae
2083 4452 2288 4526 defensores

660 4577 949 4652 constantissimi.
971 4575 1096 4650 Multis
1127 4585 1201 4648 tum
1232 4575 1284 4647 illi
1315 4575 1497 4648 Sociorum
1528 4574 1764 4648 innocontiam
1782 4598 1853 4648 non
1874 4575 1978 4647 modo
1999 4577 2104 4662 tueri,
2125 4576 2189 4649 sed
2209 4577 2285 4650 lau-

660 4702 761 4774 dibus
780 4702 886 4774 etiam
899 4723 1040 4786 ornare,
1058 4700 1315 4774 commendare.
1334 4727 1349 4759 u
1367 4697 1570 4782 Prodirent,
1588 4700 1756 4773 evocabat
1769 4708 1928 4795 uterque,
1942 4723 2115 4772 noxarum
2126 4699 2282 4774 indices:

662 4855 679 4886 a
700 4825 868 4899 afferrent
887 4825 924 4896 in
942 4825 1095 4897 medium
1126 4833 1338 4920 argumenta
1359 4823 1545 4896 criminum
1571 4832 1688 4910 certa;
1720 4847 1848 4918 neque,
1873 4823 2006 4896 indicta
2031 4847 2152 4909 causa,
2174 4825 2284 4912 civeS,

663 4979 680 5012 κ
701 4948 862 5035 tribules,
883 4949 1006 5022 affines
1031 4971 1127 5034 suoS,
1148 4951 1185 5022 in
1212 4972 1324 5044 regno
1354 4948 1467 5020 libero
1485 4948 1618 5042 pariter
1640 4957 1756 5034 natoS,
1777 4949 1809 5020 si
1828 4971 1892 5021 sua
1911 4948 2036 5042 cuique
2063 4946 2163 5020 cordi
2192 4956 2289 5022 esset

702 5121 751 5207 (l)
772 5124 853 5184 Anno
881 5125 972 5194 loos,
998 5124 1034 5182 13
1056 5125 1238 5200 septembris.

704 5235 745 5306 (t)
769 5233 869 5292 Petrus
890 5231 1007 5310 storga,
1029 5226 1127 5291 Oratio
1148 5233 1184 5290 de
1205 5230 1363 5291 consecter.
1384 5231 1412 5288 in
1434 5231 1581 5289 articulum
1599 5229 1787 5310 de„lesuuis.
