4948 6654
644 777 705 839 244
1009 773 1284 837 LlTUANlCARUll
1307 774 1518 834 SOClETATlS
1539 776 1626 836 111811
1652 771 1907 835 1115101111111111

479 978 544 1032 rote
580 1057 587 1071 1
647 967 685 1033 ut
702 962 785 1034 aula
802 985 878 1044 sua,
900 985 964 1034 suo
990 960 1157 1057 principis
1182 958 1355 1054 exemplo,
1376 958 1497 1031 schola
1511 956 1674 1053 quaedam
1689 967 1784 1032 esset
1800 959 1884 1031 vitae
1902 959 2120 1033 christianae.
2142 962 2279 1036 Mensa
2341 989 2346 1000 ’

477 1057 601 1194 ξῗ1“ιι’
647 1089 699 1162 illi
716 1090 886 1186 frugalior
907 1116 914 1160 :
933 1089 1102 1174 convivae,
1128 1089 1287 1161 homines
1317 1087 1428 1161 feree
1450 1088 1621 1160 coenobiis
1641 1094 1703 1158 aut
1721 1085 1936 1158 nosocomiis
1956 1111 1964 1158 :
1988 1109 2103 1160 sermo
2123 1111 2195 1160 non
2212 1088 2281 1160 nisi

650 1215 692 1287 de
711 1215 815 1286 rebus
832 1213 973 1294 divinis
995 1213 1031 1283 in
1050 1213 1171 1306 primis
1189 1235 1269 1305 quae
1290 1212 1383 1285 lecta
1396 1219 1517 1284 essent
1535 1235 1597 1306 per
1610 1217 1848 1304 anagnostae.

478 1340 605 1437 Mauorte
699 1337 812 1432 Caput
825 1337 938 1408 omnis
964 1335 1103 1430 prandii
1122 1327 1301 1428 coenaeque
1320 1336 1455 1409 cineres
1472 1338 1510 1408 in
1528 1337 1689 1432 quadra:
1711 1335 1780 1422 his,
1806 1358 1869 1431 per
1899 1335 2086 1430 ephebum,
2109 1337 2168 1408 ubi
2198 1360 2280 1409 oon·

480 1425 571 1559 ἓξὲξ
592 1499 628 1555 ,d
653 1483 802 1545 sessum,
838 1458 946 1530 illatis
964 1459 1096 1553 primos
1122 1459 1188 1530 sibi
1219 1459 1390 1532 Nicolaus
1408 1461 1665 1556 perspergebat
1695 1459 1808 1543 boloS,
1840 1481 1908 1554 quo
1926 1460 1998 1532 ritu
2034 1483 2282 1555 supremorum

480 1597 609 1716 pffiffi·
652 1586 821 1667 cinerum,
842 1583 928 1655 lethi
956 1583 1089 1655 scilicet
1120 1583 1334 1654 imminentis
1365 1583 1520 1656 animum
1541 1608 1643 1656 suum
1673 1585 1828 1680 prudens
1845 1583 2071 1657 admonebat.
2105 1587 2194 1664 Quae
2225 1607 2282 1657 res

481 1737 630 1795 habitantis
651 1709 850 1782 amantibus
863 1707 1068 1802 principem,
1086 1707 1244 1800 beneque
1272 1705 1365 1779 bono
1400 1709 1633 1803 cupientibus
1659 1708 1837 1804 lacrymas
1855 1708 2041 1782 electabat.
2060 1709 2154 1780 lllud
2167 1715 2284 1781 autem

482 1821 608 1957 ffijglll
654 1833 813 1906 acerbius
836 1832 941 1902 etiarn
955 1840 1044 1912 erat,
1073 1831 1416 1926 carum-principem
1427 1834 1503 1926 jam
1526 1856 1590 1906 sua
1609 1833 1790 1906 voluntate
1811 1857 1901 1928 pene
1929 1833 2105 1928 sepultum
2119 1855 2211 1917 esse;
2233 1833 2285 1904 ita

652 1957 713 2030 ille
732 1957 768 2027 in
791 1957 930 2028 condito
953 1979 975 2026 a
1001 1978 1038 2028 se
1056 1955 1124 2027 sibi
1147 1954 1332 2048 sepulchro
1348 1957 1469 2028 subter
1486 1957 1654 2052 templum
1670 1957 1910 2038 Nesvisiensis
1928 1956 2070 2050 collegii
2083 1957 2280 2042 habitabat,

654 2079 809 2174 quotidie
822 2079 929 2151 certis
947 2077 1044 2149 horis
1059 2079 1214 2149 animum
1233 2100 1335 2150 suum
1348 2102 1552 2175 praeparans
1570 2081 1617 2153 ad
1639 2088 1778 2175 tempus
1791 2081 1874 2154 vitae
1891 2081 2051 2156 mortalis
2065 2103 2282 2176 supremum.

656 2204 697 2274 ln
727 2226 768 2274 eo
805 2225 869 2274 suo
890 2203 1004 2297 bonae
1032 2201 1154 2273 mortis
1175 2203 1374 2297 gymnasie,
1405 2204 1456 2274 uti
1492 2204 1597 2276 certis
1617 2205 1741 2278 diebus
1769 2207 1948 2278 coelestem
1962 2204 2137 2276 immolari
2164 2203 2290 2277 liceret

655 2327 820 2409 hostiam,
841 2349 863 2396 a
877 2325 1049 2397 Pontifice
1064 2324 1227 2396 Romano
1242 2326 1455 2420 impetravit.
1474 2329 1576 2400 Omni
1589 2329 1679 2400 feria
1694 2336 1794 2402 sexta
1812 2329 1859 2401 ibi
1873 2330 1951 2401 fieri
1965 2329 2174 2401 sacrificium
2188 2350 2289 2401 cura-

656 2454 740 2537 bat;
762 2453 817 2527 cui
836 2453 912 2546 ipse
941 2452 1120 2535 intererat,
1143 2452 1371 2544 operantique
1403 2449 1576 2522 sacerdoti
1595 2451 1832 2522 ministrabat.
1870 2451 1973 2545 Saepe
2000 2449 2110 2536 solus,
2137 2449 2288 2545 pomeri-

657 2577 772 2649 dianis
802 2576 953 2647 maxime
982 2575 1092 2659 horis,
1126 2574 1256 2646 ibidem
1284 2596 1378 2645 nunc
1415 2573 1649 2660 inambulans
1687 2596 1900 2667 versansque
1934 2581 2082 2646 mortem
2107 2573 2225 2660 animo
2253 2581 2290 2646 et

658 2699 882 2786 immortalia,
900 2723 992 2771 nunc
1009 2699 1108 2772 flexis
1128 2698 1298 2770 connixus
1316 2697 1479 2791 genibus,
1501 2698 1699 2792 complures
1722 2698 1827 2770 horas
1846 2698 2070 2793 perdurabat.
2093 2696 2149 2769 Ad
2174 2698 2290 2792 sepul·

658 2827 733 2900 chri
750 2825 933 2899 introitum
946 2824 1025 2896 haec
1043 2822 1122 2907 sibi,
1139 2845 1219 2917 quae
1236 2822 1311 2916 ipse
1328 2819 1514 2904 lectitaret,
1531 2821 1637 2892 incidi
1664 2821 1700 2891 iu
1728 2844 1881 2893 marmor
1890 2822 1998 2916 jussit
2016 2821 2150 2894 monita
2172 2846 2179 2892 :
2198 2827 2289 2892 Pec-

656 2961 793 3023 cantem
810 2974 866 3020 me
879 2951 1031 3039 quotidie
1049 2957 1080 3017 et
1097 2970 1166 3017 non
1181 2950 1420 3037 penitentem,
1437 2949 1546 3015 timor
1560 2949 1685 3016 mortis
1699 2949 1881 3016 conturbat
1905 2969 1970 3016 me.
1981 3001 2004 3016 ..
2034 2951 2183 3016 Etiortsi
2200 2949 2287 3016 occi-

659 3080 751 3148 derit
764 3099 832 3160 me,
851 3077 889 3144 ia
905 3077 981 3162 ipso
993 3074 1153 3162 sperabo.
1177 3074 1321 3140 Aduena
1338 3092 1401 3159 epo
1432 3078 1465 3138 et
1487 3077 1704 3158 peregrinus
1729 3075 1825 3159 apud
1838 3080 1882 3153 te,
1911 3075 1999 3142 sicat
2031 3094 2150 3141 omnes
2167 3080 2292 3158 patres

656 3203 771 3271 mei...
791 3201 900 3272 Credo
916 3200 1035 3267 carnis
1057 3198 1352 3266 resurrectionem
1365 3203 1397 3263 et
1411 3196 1519 3263 citam
1533 3202 1750 3266 aternam...
1766 3199 1871 3279 Jesu,
1882 3205 2016 3266 aelerna
2035 3198 2107 3266 cita
2136 3197 2289 3264 inorien-

659 3329 758 3394 tiam.
774 3319 943 3393 Nicolaus
961 3317 1234 3413 christophorus
1249 3315 1453 3400 Radziwill,
1466 3315 1606 3389 Nicolai
1620 3325 1656 3388 et
1669 3317 1885 3390 Elisabethae
1899 3319 1943 3390 de
1958 3317 2163 3415 Szydloviec
2179 3317 2287 3400 filius,

658 3447 680 3520 J
684 3446 808 3520 oannis
826 3466 948 3539 nepos,
969 3439 1109 3514 Nicolai
1127 3442 1230 3536 primi
1249 3463 1434 3536 pronepos,
1449 3439 1549 3511 Sacri
1565 3439 1749 3534 Sepulchri
1768 3463 1890 3534 eques,
1913 3441 2138 3514 etc...sciens
2157 3464 2196 3513 se
2209 3463 2288 3514 esse

660 3593 776 3645 escam
792 3567 975 3650 vermium,
1000 3566 1035 3635 in
1053 3549 1121 3636 liae
1145 3564 1382 3659 lacrymarum
1398 3564 1505 3648 valle,
1526 3587 1670 3647 vovens,
1692 3566 1759 3637 sibi
1791 3567 1908 3661 posuit
1925 3574 2189 3639 monumentum
2210 3566 2290 3662 (hoc

665 3719 834 3792 corpus...
854 3693 985 3766 coelum
1012 3693 1208 3764 animam...
1238 3694 1428 3787 posteritas
1456 3695 1660 3767 memoriam
1687 3693 1723 3762 in
1755 3689 1999 3764 benedictione
2025 3687 2153 3784 servet)
2187 3688 2284 3760 obiit.

706 3819 827 3912 ltaque
840 3815 926 3888 lethi
944 3838 1212 3900 memor,rerum
1231 3823 1406 3908 pertaesus
1426 3814 1857 3904 mortalium,aeternitatis
1874 3814 1988 3885 beatae
2006 3813 2167 3909 cupidus,
2179 3811 2290 3884 numi·

663 3942 719 4013 nis
733 3939 843 4040 divini
857 3962 979 4011 amans
1000 3940 1101 4011 unice
1127 3962 1169 4010 ac
1194 3959 1375 4024 reverens,
1391 3941 1426 4011 in
1452 3942 1520 4014 hoc
1547 3941 1691 4022 mundo,
1714 3938 1814 4033 quasi
1831 3937 2004 4032 hospitem
2022 3937 2060 4008 in
2079 3936 2287 4022 diversorio,

664 4061 867 4158 propediem
884 4083 922 4134 se
940 4061 1186 4156 migraturum,
1208 4061 1408 4155 cogitabat;
1431 4066 1536 4160 idque
1553 4065 1733 4162 praeclaris
1753 4064 1836 4136 vitae
1853 4061 2056 4136 christianae
2074 4063 2291 4136 documentis

666 4187 904 4260 confirmabat.
925 4186 1004 4259 Non
1032 4188 1170 4260 curiose
1186 4188 1276 4272 haec,
1308 4197 1460 4283 oportet,
1485 4190 1692 4262 observasse
1722 4188 1836 4269 illum,
1863 4187 1922 4280 qui
1953 4185 2095 4259 Nicolai
2114 4186 2287 4268 animum,

666 4338 784 4388 rerum
802 4321 1076 4408 contemptorem
1090 4312 1315 4397 caducarum,
1331 4310 1434 4385 aliter
1464 4335 1503 4384 ac
1538 4313 1655 4386 vereri
1675 4312 1845 4385 debuerat
1863 4289 1921 4381 aut
1944 4309 2108 4405 experiri,
2125 4319 2290 4405 expertus

668 4447 773 4513 esset.
795 4439 913 4512 Hicin
937 4438 1051 4511 officio
1071 4445 1232 4511 versatus
1249 4437 1376 4522 aulico,
1398 4461 1442 4509 ex
1467 4437 1594 4509 aerario
1617 4436 1782 4533 principis
1802 4434 1915 4507 multa
1929 4457 2152 4506 nummorum
2165 4457 2292 4507 aureo-

669 4587 745 4636 rum
759 4562 869 4634 millia
891 4563 1105 4658 sublegerat,
1127 4563 1286 4657 subjecta
1307 4560 1551 4656 abligurierat.
1577 4561 1643 4640 Qui
1669 4555 1827 4628 ablatum
1845 4554 2059 4638 restitueret,
2076 4553 2177 4647 inops
2212 4575 2295 4624 con-

617 4709 619 4715 ‘
669 4687 751 4771 silii,
767 4693 947 4781 peccatum
962 4709 1064 4758 suum
1078 4691 1113 4758 et
1125 4685 1281 4780 inopiam
1295 4685 1331 4756 in
1346 4708 1447 4757 sacro
1467 4685 1687 4781 poenitentiae
1697 4683 1774 4755 foro
1790 4681 1988 4756 confitetur.
2008 4680 2109 4761 Quod
2123 4680 2295 4774 reliquum

578 4853 581 4862 -
669 4815 735 4893 est,
757 4809 879 4881 eodem
891 4808 1010 4904 judice
1029 4833 1092 4881 suo
1123 4809 1308 4882 sacerdote
1337 4811 1431 4907 apud
1449 4810 1641 4905 principem
1668 4811 1897 4905 deprecatore
1915 4808 2038 4880 utitur.
2059 4807 2138 4887 Qua
2155 4807 2294 4879 ratione

670 4935 781 5020 licuit,
803 4958 860 5008 res
875 4937 1023 5008 Nicolao
1038 4936 1229 5032 proposita.

498 5032 611 5088 mm*
720 5059 784 5132 Ille
801 5060 846 5132 ad
864 5059 943 5132 haec
956 5060 1073 5132 animo
1092 5059 1243 5145 excelso,
1264 5057 1355 5131 nihil
1367 5065 1552 5131 cunctatus
1569 5082 1576 5129 :
1594 5057 1719 5152 ecquid
1734 5065 1815 5128 sunt
1833 5058 1914 5140 ista,
1937 5057 2062 5150 inquit,
2081 5055 2128 5126 ad
2146 5077 2199 5137 ea,
2218 5079 2298 5149 quse

499 5131 513 5169 0
532 5128 578 5168 lim
586 5125 645 5168 0011·

499 5131 625 5262 adeptor,
671 5183 747 5278 ipse
764 5185 915 5256 Domino
943 5207 1032 5268 meo,
1053 5183 1226 5256 bonorum
1252 5183 1416 5278 largitori
1445 5182 1612 5269 omnium,
1633 5182 1803 5255 debeaml
1823 5181 2031 5266 Meministi,
2048 5202 2151 5276 quam
2168 5186 2295 5273 argute
