4936 6658
789 836 1081 948 transmeamus
1109 833 1327 920 (66666666).
1634 819 1643 846 ’
1750 840 1811 907 666

189 1044 282 1094 6666
298 1021 404 1110 domi,
420 1046 513 1098 nunc
526 1025 563 1098 in
576 1024 723 1099 hostico.
749 1027 897 1121 Quoquo
926 1032 961 1100 66
974 1033 1104 1112 vertas,
1137 1025 1262 1099 tumuli
1278 1026 1423 1122 passim,
1445 1025 1558 1112 famis,
1579 1027 1806 1124 pestilentiae,
1837 1040 1903 1098 6664

189 1149 336 1222 caedium
363 1160 601 1226 monumenta.
635 1153 732 1226 Inter
760 1153 838 1224 haec
866 1151 974 1224 finem
1002 1150 1086 1224 vitae
1121 1159 1156 1224 66
1182 1174 1420 1225 aerumnarum
1441 1153 1587 1248 reperit,
1619 1153 1811 1228 academici
1837 1207 1867 1263 1³.
1875 1207 1987 1264 cinxia-

188 1272 307 1348 Vilnae
320 1275 463 1374 collegii
471 1283 600 1363 666666,
615 1278 670 1351 vir
683 1278 815 1374 pietate
826 1275 962 1371 insigni
976 1283 1011 1348 66
1026 1276 1359 1362 doctrina,Michael
1373 1277 1599 1364 Ginhiawicz,
1616 1277 1809 1374 Samogita.
1839 1286 1903 1344 6666
1920 1285 1976 1342 oui-

188 1397 303 1471 Nutus
330 1423 442 1473 annos
467 1403 535 1489 21,
557 1401 604 1475 ad
621 1425 807 1491 numerum
837 1400 1021 1475 Sociorum
1043 1399 1241 1497 adscriptus
1262 1401 1367 1494 1615.
1385 1402 1468 1476 666
1485 1401 1678 1497 theologiae
1701 1424 1814 1475 annos
1839 1370 1894 1423 m·

188 1521 323 1618 aliquot
340 1525 510 1620 magister
542 1526 767 1622 doctorisque
799 1534 946 1600 ornatus
975 1526 1188 1622 insignibus,
1217 1529 1367 1602 Romam
1397 1529 1539 1614 missus,
1572 1530 1610 1603 in
1641 1505 1812 1626 collegio

191 1649 284 1744 quod
307 1648 656 1725 Poenitentiariorum
690 1659 831 1738 vocant,
859 1653 1069 1725 iudustriam
1095 1674 1195 1724 suam
1221 1677 1357 1726 morum
1387 1655 1562 1750 probitate
1593 1661 1628 1728 66
1658 1656 1819 1728 doctrina

192 1777 460 1852 commendavit.
479 1779 622 1874 Septem
636 1779 673 1851 in
686 1778 784 1853 Urbe
801 1800 915 1850 annos
928 1787 1176 1864 commoratus,
1194 1802 1269 1852 suaa
1285 1781 1489 1853 restituitur
1501 1780 1702 1876 provinciae.
1721 1782 1820 1854 Prae·

191 1905 258 1978 fuit
285 1911 402 1977 rector
421 1903 578 1999 eollegio
612 1904 782 1990 Nesvisii,
804 1903 931 1980 deinde
955 1908 1072 1981 domui
1102 1906 1343 2003 professorum
1373 1906 1504 1994 Vilnae,
1526 1915 1600 1980 tum
1618 1907 1816 1992 Varsaviae,

194 2012 345 2125 denique
366 2028 584 2114 Academiae,
616 2029 751 2125 insigni
773 2029 959 2116 charitate,
980 2031 1182 2128 prudentia,
1204 2037 1239 2103 66
1266 2029 1509 2103 sanctimoniae
1530 2031 1699 2127 exemplis
1730 2054 1821 2126 6666-

194 2175 265 2226 666.
285 2153 401 2227 Multa
418 2153 591 2249 praeclare
616 2152 705 2226 dixit
721 2152 756 2250 (6)
774 2160 811 2226 66
839 2156 992 2251 scripsit.
1011 2156 1125 2232 Desiit
1154 2152 1268 2250 pridie
1299 2176 1413 2226 nonas
1441 2154 1574 2250 apriles
1596 2177 1689 2227 anno
1707 2154 1823 2228 aetatis

195 2277 334 2351 LXIX.
354 2279 478 2352 Funus
501 2276 647 2352 deduxit
675 2300 754 2350 cum
784 2300 884 2352 66666
920 2304 984 2354 suo
1010 2278 1257 2355 canonicorum
1292 2278 1440 2374 collegio
1472 2279 1654 2352 Vilnensis
1679 2277 1824 2351 antistes

195 2405 370 2501 Georgius
383 2404 574 2493 Biallozor,
589 2406 668 2503 ipsa
682 2405 728 2478 ad
746 2405 783 2477 id
800 2405 1046 2481 benevolentia
1059 2427 1125 2477 sua
1149 2404 1318 2477 invitatus
1340 2431 1349 2491 ;
1380 2405 1669 2480 concurrentibus
1697 2405 1743 2478 ad
1768 2428 1823 2478 66-

194 2531 347 2629 pulturae
379 2531 551 2606 honorem
584 2531 761 2627 religiosis
786 2530 942 2616 familiis,
972 2531 1091 2605 civicis
1119 2527 1374 2616 consularibus
1396 2538 1432 2604 et
1460 2529 1589 2626 populo
1616 2531 1826 2626 frequentis·

195 2653 298 2726 simo.
313 2652 456 2726 Amavit
473 2654 588 2726 virum
603 2653 698 2748 pium
724 2653 803 2749 pius
820 2654 991 2750 pontifex,
1009 2660 1217 2747 tantumque
1247 2652 1291 2726 de
1308 2653 1444 2726 meritis
1456 2653 1532 2748 ejus
1545 2660 1581 2726 et
1594 2652 1825 2728 sanctimonia

196 2778 421 2863 existimavit,
439 2785 490 2864 ut,
521 2777 718 2852 secundum
740 2776 845 2852 funus
862 2779 899 2850 in
924 2777 1122 2850 cubiculum
1150 2774 1235 2851 elati
1249 2799 1286 2851 se
1305 2776 1494 2865 abdiderit,
1511 2785 1719 2874 noctemque
1732 2777 1825 2850 inse·

198 2909 364 2998 quentem
380 2900 510 2975 ibidem
527 2900 623 2975 solus
641 2901 677 2973 in
695 2901 923 2976 meditatione
941 2923 1074 2988 eorum,
1103 2923 1183 2996 quae
1195 2903 1234 2975 in
1250 2902 1428 2978 Michaele
1452 2905 1667 2991 adamasset,
1694 2911 1730 2978 et
1742 2926 1822 3000 pre·

199 3029 338 3104 catione
356 3028 508 3125 pervigil
524 3029 750 3125 transegerit.

249 3139 475 3234 Revertimur
485 3155 531 3230 ad
549 3181 623 3232 666
635 3157 824 3253 publicam.
846 3155 1054 3246 Numerata,
1083 3165 1253 3253 quantum
1278 3177 1323 3229 ax
1345 3155 1519 3250 angustiis
1533 3155 1651 3229 aerarii
1668 3155 1822 3229 conferri
1915 3145 1932 3200 9
1956 3236 1964 3250 ,

200 3282 326 3385 potuit,
341 3281 510 3354 militibus
528 3279 716 3375 stipendio,
733 3279 966 3355 reconciliatis
984 3303 1027 3354 aa
1043 3281 1121 3376 ipsa
1133 3303 1172 3354 66
1189 3279 1330 3366 animis,
1355 3277 1540 3352 collectum
1561 3279 1626 3352 sub
1640 3301 1706 3352 sua
1718 3279 1823 3374 signa
1847 3234 1984 3374 {Qu

200 3409 393 3486 exercitum
407 3405 508 3480 duxit
525 3429 590 3479 rex
614 3404 661 3478 ad
679 3405 956 3502 recuperandam
970 3403 1187 3488 Ucrainam;
1208 3403 1309 3499 cujus
1321 3424 1405 3498 6666
1427 3401 1568 3498 quidem
1582 3403 1734 3489 citerior,
1754 3402 1823 3475 hoc
1848 3413 1953 3532 66166·

200 3560 297 3612 anno
314 3535 560 3609 commendata
577 3532 742 3629 praefecto
760 3532 874 3606 Paulo
888 3531 1032 3613 Tetera,
1052 3526 1201 3623 parebat
1230 3527 1391 3614 Polonis,
1416 3535 1553 3623 partem
1574 3551 1673 3616 vero,
1693 3525 1824 3601 fraudi·
1849 3493 1880 3533 ¹⁸
1894 3491 1920 3532 δ’

200 3663 270 3736 bus
303 3659 449 3756 Georgii
481 3657 726 3733 Chmielnickii
742 3657 932 3752 proditam,
970 3653 1211 3728 Moscoviticae
1242 3653 1353 3748 copiae
1392 3653 1609 3728 insederant.
1646 3653 1826 3728 Processit

197 3787 419 3864 nostratibus
449 3783 638 3880 expeditio.
675 3782 836 3856 Ineuntis
855 3781 940 3854 anni
962 3781 1056 3856 1064
1074 3803 1195 3854 mense
1217 3778 1387 3874 januario
1404 3786 1622 3876 expugnata,
1641 3781 1679 3853 iu
1704 3780 1828 3877 primis

198 3914 373 3990 Drzevica
389 3917 426 3987 66
442 3910 602 3994 Sosnica,
624 3909 835 3983 Cosacorum
849 3907 1002 4003 oppida:
1024 3913 1166 4002 recepta
1193 3902 1321 3977 deinde
1338 3910 1480 3989 caetera,
1500 3918 1682 4000 armaque
1701 3903 1738 3975 in
1766 3905 1827 3978 Se·

198 4035 351 4124 veriam,
383 4033 587 4107 Moscorum
611 4032 826 4127 provinciam
844 4032 1012 4116 citimam,
1031 4036 1193 4126 promota
1211 4051 1275 4122 per
1288 4027 1405 4101 caedes
1423 4027 1578 4099 hostium
1595 4027 1822 4122 obJectorum.

200 4160 279 4235 Sed
294 4182 395 4254 pace,
414 4158 573 4232 victoriae
594 4156 722 4252 ¹fructu,
743 4156 811 4228 srui
824 4177 895 4227 non
911 4154 1011 4228 licuit
1026 4179 1033 4227 :
1050 4177 1134 4226 mox
1146 4150 1272 4238 turbis,
1296 4157 1370 4224 tum
1383 4151 1421 4223 in
1439 4152 1597 4226 Ucraiua
1622 4153 1825 4250 aVyhovio

194 4285 358 4382 Kijoviae
373 4283 760 4381 palatino,(losacorum
773 4303 886 4377 nuper
899 4281 1057 4363 ductore,
1072 4285 1148 4352 tum
1164 4276 1201 4349 in
1211 4275 1363 4350 Polouia
1375 4275 1543 4376 interiore
1559 4299 1582 4349 a
1596 4278 1828 4354 mareschallo

193 4411 319 4507 regni,
340 4409 587 4508 campestrium
606 4408 703 4482 duce·
724 4406 917 4503 copiarum,
938 4403 1120 4481 commotis
1143 4403 1190 4501 (1).
1210 4401 1345 4475 Verum
1369 4402 1447 4476 haec
1461 4408 1496 4474 66
1513 4403 1596 4490 alia,
1625 4427 1670 4478 ne
1687 4404 1830 4502 longius

192 4535 346 4616 arabus
364 4536 570 4610 aberremus
596 4533 742 4620 nostris,
762 4532 1005 4629 praeterimus‚·
1026 4527 1132 4623 idque
1153 4548 1194 4599 eo
1218 4530 1356 4597 tanturn
1373 4523 1521 4598 consilio
1547 4525 1741 4622 attigimus,
1774 4535 1826 4612 ut,

192 4661 299 4763 quod
312 4661 412 4735 initio
431 4659 594 4746 diximus,
611 4657 898 4746 confirmaremus
916 4678 924 4726 :
944 4673 1023 4747 quae
1037 4647 1170 4723 seilicet
1183 4657 1256 4723 toto
1269 4671 1334 4722 suo
1364 4649 1386 4722 J
1390 4651 1515 4724 oannis
1533 4651 1629 4748 regis
1653 4658 1825 4749 tempore,

190 4811 312 4891 quam
330 4786 391 4861 din
412 4785 589 4883 pertinax,
606 4783 652 4857 ad
671 4789 866 4856 extremum
883 4797 989 4872 quam
1004 4773 1105 4846 varia
1121 4772 1227 4847 fuerit
1240 4772 1380 4846 fortuna
1395 4773 1609 4871 reipublicae.

245 4966 292 5051 (6)
308 4965 342 5028 V.
357 4964 492 5027 biblioth.
507 4963 609 5038 script.
625 4969 653 5021 ot
664 4961 710 5020 hic
724 4958 889 5018 Elcnchum.
909 4986 944 4997 -
963 4952 1003 5030 (⁶2)
1021 4950 1054 5012 V.
1072 4951 1245 5023 lluchovsli,
1258 4967 1324 5028 pag.
1342 4952 1413 5027 tlt,
1430 4932 1499 5032 663,
1512 4953 1580 5032 658,
1596 4953 1666 5028 666,
1685 4953 1753 5014 tlt.

421 5244 565 5346 66666
578 5259 626 5342 ru
643 5238 733 5353 6666
747 5238 777 5338 ir
796 5235 948 5348 666666
963 5229 1116 5334 luricatis
1129 5233 1202 5334 666
1218 5231 1368 5335 titiana
1384 5229 1491 5330 66666
1511 5231 1615 5341 666.
