4930 6634
695 772 757 837 294
1065 771 1339 834 LITUANlCARUM
1361 773 1572 834 sociareris
1591 774 1677 835 Jusu
1701 769 1952 832 fltsl'ouranunr

526 972 588 1029 1631
698 954 786 1028 situs
803 955 1056 1030 amoenissimo.
1076 955 1133 1030 Ad
1155 957 1269 1029 rivum
1286 980 1488 1054 perennem,
1510 981 1578 1052 quo
1605 957 1704 1029 lacus
1723 955 1782 1028 isti
1798 955 2074 1052 conjunguntur,
2093 952 2170 1025 loco
2189 951 2322 1026 circum

699 1102 898 1167 nemoroso,
914 1079 1063 1154 herbido
1092 1080 1280 1177 planoque,
1301 1082 1394 1155 inter
1423 1081 1511 1154 duos
1533 1081 1658 1164 colles,
1677 1080 1829 1153 alterum
1846 1080 1892 1150 ab
1912 1079 2061 1164 oriente,
2082 1078 2128 1150 ab
2142 1076 2323 1150 occidente

697 1201 859 1291 alterum,
875 1206 1005 1279 virides
1022 1205 1102 1278 illos
1119 1205 1333 1302 nitidosque,
1353 1207 1450 1279 aedes
1467 1204 1684 1279 hodiedivae
1702 1203 1874 1298 Virginis,
1896 1203 1962 1276 Dei
1980 1201 2158 1286 Parentis,
2174 1199 2322 1274 basilica

465 1426 469 1436 Ι
525 1313 636 1372 Nomen.
696 1327 835 1401 visitur.
855 1328 996 1401 Nomen
1020 1328 1098 1402 loco
1128 1352 1150 1402 a
1175 1329 1266 1416 tilia,
1288 1329 1474 1402 Gennanis
1499 1333 1625 1414 Linde,
1647 1328 1792 1402 Polonis
1823 1331 1975 1400 Mento
2009 1330 2137 1417 Lipka,
2157 1347 2180 1397 a
2204 1325 2322 1422 prodi·

696 1451 799 1546 giosa
815 1451 939 1526 Beatae
955 1453 1116 1547 Virginis
1145 1453 1273 1526 Mariae
1303 1454 1472 1548 imagine,
1499 1454 1592 1526 inter
1620 1453 1708 1524 tiliae
1741 1473 1873 1536 ramos,
1892 1450 1996 1523 annis
2012 1448 2058 1521 ab
2076 1448 2160 1522 hinc
2182 1455 2321 1522 centum

695 1575 846 1669 amplius
864 1575 1052 1648 ducenisve
1069 1578 1158 1673 (cum
1178 1577 1273 1650 Ordo
1291 1578 1506 1652 Teutonicus
1523 1577 1560 1648 in
1586 1576 1732 1648 Prussia
1756 1575 1830 1648 suis
1856 1581 1891 1648 et
1914 1572 2098 1668 religionis
2115 1571 2263 1646 sincerae
2287 1580 2322 1646 et

696 1707 1012 1794 rerumgestarum
1037 1700 1179 1773 floreret
1209 1699 1389 1795 laudibus)
1419 1701 1464 1772 ab
1489 1699 1632 1773 homine
1657 1699 1874 1782 calamitoso,
1898 1698 1998 1794 cujus
2024 1704 2192 1792 ageretur
2208 1695 2318 1781 salus,

526 1050 600 1107 Situs
611 1050 670 1108 loci.

698 1847 765 1919 ope
781 1824 873 1898 divae
894 1824 1054 1920 Virginis
1067 1826 1275 1898 admiranda
1292 1825 1458 1913 liberato,
1478 1827 1621 1901 fortuito
1639 1833 1794 1922 reperta.
1816 1824 1965 1919 Effigies
1981 1823 2106 1897 Beatae
2125 1845 2233 1918 opere
2251 1829 2322 1896 sta-

696 1948 826 2030 tuario,
846 1946 967 2020 dolata
984 1970 1028 2020 ex
1045 1948 1135 2034 tilia,
1157 1950 1271 2044 capite
1297 1973 1475 2036 coronam,
1501 1951 1626 2024 dextra
1653 1957 1843 2046 sceptrum,
1862 1948 1956 2020 laeva
1984 1945 2170 2043 puerulum
2198 1947 2325 2020 Jesum

523 2071 651 2205 33111ῦί-
696 2073 882 2168 gestantis.
901 2053 954 2145 De
971 2071 1037 2145 hoc
1054 2073 1240 2146 simulacro
1259 2074 1354 2169 apud
1369 2083 1529 2147 nostrum
1547 2076 1589 2147 P.
1611 2074 1784 2147 Thomam
1802 2072 1965 2168 Clagium
1982 2071 2136 2144 Michael
2158 2071 2324 2144 Claritius

569 2190 575 2205 '
696 2194 740 2270 de
758 2197 998 2292 Vartenburg,
1015 2198 1200 2294 presbyter
1212 2198 1388 2284 Varmius,
1405 2200 1539 2295 primus
1551 2199 1711 2271 historiae
1725 2197 1899 2271 Liud'anae
1928 2194 2079 2290 scriptor
2100 2221 2109 2268 :
2133 2223 2149 2256 κ
2169 2218 2193 2268 a
2210 2193 2323 2291 primo

700 2318 825 2406 «fere,
849 2321 975 2416 inquit,
993 2309 1025 2395 st
1051 2331 1086 2395 tu
1105 2323 1309 2396 christianae
1325 2322 1409 2398 fidei
1433 2324 1470 2396 in
1488 2324 1637 2398 Prussia
1658 2321 1845 2397 videndam
1870 2344 1910 2394 se
1935 2320 2087 2416 praebuit
2115 2319 2326 2394 admiranda

700 2473 717 2506 u
739 2445 875 2541 effigies
891 2447 1013 2521 Beatae
1031 2447 1191 2543 Virginis
1207 2447 1349 2531 Mariae,
1370 2449 1486 2521 divina
1498 2455 1576 2522 arte
1594 2455 1630 2522 et
1647 2470 1753 2520 manu
1771 2445 1887 2532 facta;
1904 2469 1984 2540 quae
2010 2445 2166 2541 puellum
2183 2446 2206 2519 J
2209 2468 2321 2528 esum,

700 2597 716 2630 κ
740 2570 853 2643 Deum
867 2578 1037 2658 nostrum,
1058 2572 1226 2644 maternis
1249 2571 1342 2644 ulnis
1361 2579 1530 2668 gestaret.
1549 2607 1565 2640 a
1579 2573 1713 2646 Locum
1727 2572 1822 2645 hunc
1835 2570 2033 2644 celebrasse
2043 2560 2234 2665 'aliquando
2248 2569 2325 2642 suis

522 2676 671 2811 ἓξὲξ.
696 2692 830 2767 coelites
847 2695 1074 2782 carminibus,
1100 2703 1292 2768 auctorest
1310 2695 1606 2783 idemCiaritius;
1626 2697 1731 2791 idque
1744 2696 1794 2769 sic
1813 2701 1935 2768 narrat
1951 2719 1959 2765 ε
1983 2724 1999 2754 a
2021 2695 2174 2768 Fecerat
2190 2694 2324 2768 mem

522 2831 608 2888 antu
625 2833 669 2890 de·
698 2845 715 2879 κ
737 2818 889 2892 hominis
905 2819 942 2890 in
961 2819 1191 2893 tumultuaria
1215 2842 1338 2916 pugna
1354 2841 1460 2914 eques
1478 2819 1669 2906 Prutenus,
1689 2827 1725 2893 et
1747 2819 1843 2914 fugae
1869 2817 2076 2924 praesidium
2091 2817 2140 2892 ad
2155 2817 2325 2892 tuendam

447 2933 452 2950 '
521 2911 629 2994 Μ*
698 2969 715 3003 κ
736 2941 883 3016 salutem
907 2942 1105 3039 arripuerat
1114 2943 1240 3016 timore
1248 2943 1482 3039 impendentis
1494 2943 1678 3040 supplicii;
1698 2945 1795 3016 varia
1807 2965 1887 3016 eum
1900 2941 1978 3015 loca
1994 2941 2107 3027 adire,
2124 2947 2159 3016 et
2175 2940 2326 3014 latibula

697 3093 715 3126 «ι
735 3088 894 3159 quaerere
923 3066 1167 3162 compellebat.
1197 3066 1326 3140 Evenit
1350 3067 1457 3152 forte,
1486 3074 1526 3139 ut
1551 3075 1689 3140 noctem
1719 3066 1895 3161 quandam
1922 3067 1958 3137 in
1986 3065 2087 3149 silva,
2108 3087 2187 3160 quse
2209 3064 2326 3138 aedem

697 3217 714 3249 u
734 3187 826 3260 hanc
842 3189 879 3260 in
897 3211 1039 3262 coronae
1065 3190 1207 3263 modum
1232 3190 1305 3263 fere
1323 3189 1577 3286 circumcingit,
1598 3191 1785 3264 traducere
1803 3191 2053 3277 constitueret;
2081 3189 2144 3262 sed
2162 3211 2325 3263 somnum

695 3341 712 3374 κ
732 3321 769 3386 et
793 3314 1008 3387 conscientia
1037 3314 1203 3387 facinoris
1229 3323 1265 3387 et
1295 3313 1447 3388 solitudo
1465 3315 1544 3409 ipsa
1569 3316 1614 3388 ab
1642 3315 1753 3389 oculis
1770 3315 1927 3387 arcebat.
1946 3314 2171 3409 Pervigilans
2196 3313 2321 3408 igitur,

694 3467 711 3500 κ
731 3439 844 3511 cernit
861 3461 881 3511 e
898 3437 1019 3512 sacelli
1036 3461 1123 3511 area
1139 3438 1231 3533 (Jam
1248 3439 1433 3512 aediculam
1450 3439 1488 3510 id
1504 3439 1573 3512 loci
1593 3439 1748 3535 aliquam
1764 3440 1874 3512 fuisse
1892 3447 1979 3526 tum,
2003 3439 2161 3535 oportet)
2174 3460 2324 3534 progre-

693 3593 710 3625 κ
731 3563 885 3636 dientem
910 3563 1051 3636 turbam
1076 3563 1169 3634 haud
1195 3562 1381 3646 modicam,
1403 3564 1653 3638 candidissimo
1672 3565 1826 3638 velatam
1844 3566 1988 3649 amictu,
2008 3564 2143 3638 faculas
2159 3563 2323 3636 manibus

693 3713 710 3746 ι
731 3684 989 3781 preferentem,
1010 3684 1194 3778 locumque
1212 3708 1365 3772 sacrum,
1386 3686 1633 3760 decentissimo
1662 3686 1786 3761 ordine
1812 3686 2075 3771 circumeundo,
2094 3685 2319 3770 lustrantem,

672 3803 709 3873 ‘c
730 3817 765 3884 et
781 3810 1028 3882 suavissimum
1053 3807 1228 3904 quoddam
1254 3811 1365 3884 melos
1393 3821 1643 3908 personantem
1668 3812 1779 3884 audit.
1812 3810 1912 3885 Istud
1938 3833 2016 3883 oum
2040 3818 2143 3883 tema
2168 3809 2243 3882 vice
2268 3810 2323 3881 fa·

694 3961 711 3996 υ
731 3940 826 4005 ctum
840 3931 978 4017 fuisset,
997 3932 1091 4004 idem
1109 3955 1208 4006 sacer
1226 3941 1338 4006 coetus
1355 3957 1397 4008 eo
1421 3958 1473 4019 se,
1493 3937 1588 4008 unde
1606 3935 1753 4020 exierat,
1774 3957 1913 4007 rursum
1930 3934 2065 4017 retulit,
2085 3940 2121 4006 et
2138 3931 2322 4006 confestim

693 4087 710 4118 ιι
731 4058 916 4153 disparens
933 4057 1093 4130 mirantis
1107 4057 1227 4130 oculos
1246 4058 1416 4131 destituit.
1440 4058 1509 4131 llle
1522 4059 1640 4132 divino
1660 4059 1735 4131 viso
1754 4060 1938 4141 attonitus,
1958 4059 1994 4128 in
2012 4057 2190 4152 aliumque
2207 4058 2322 4128 virum

692 4211 709 4243 u
730 4187 898 4262 mutatus,
926 4181 1041 4254 scelus
1061 4181 1175 4275 digne
1196 4181 1362 4276 expiavit.
1385 4183 1566 4256 Creditum
1589 4191 1655 4267 est,
1680 4182 1840 4278 Angelos
1865 4182 2021 4255 humana
2047 4181 2167 4277 specie
2192 4180 2318 4264 fuisse,

690 4336 707 4367 κ
726 4305 787 4401 qui
811 4303 927 4378 locum
952 4305 1046 4378 hunc
1070 4305 1227 4379 venerati
1252 4305 1376 4380 laudes
1403 4308 1478 4379 Deo
1510 4307 1766 4393 concinnarint,
1804 4315 1852 4392 et,
1882 4305 2058 4382 homicida
2075 4304 2121 4380 ad
2138 4305 2321 4380 meliorem

693 4461 710 4493 u
730 4431 869 4526 frugem
885 4437 1063 4515 revocato,
1083 4430 1157 4502 laeti
1179 4431 1419 4504 discesserint.
2116 4525 2120 4532 Ι

739 4556 826 4628 lude
837 4555 937 4629 locus
954 4555 991 4627 in
1005 4554 1080 4628 dies
1094 4555 1223 4627 divinis
1235 4555 1470 4628 inclarescere
1488 4553 1613 4648 signis,
1628 4559 1734 4648 atque
1747 4577 1769 4626 a
1782 4553 1911 4649 populo
1925 4554 2115 4656 christiano
2129 4557 2317 4632 celebrari.

693 4680 832 4752 Praeter
852 4677 936 4761 alia,
957 4678 1126 4750 miraculo
1145 4686 1224 4750 erat
1257 4701 1300 4750 ea
1325 4679 1403 4774 ipsa
1428 4677 1519 4762 tilia,
1539 4683 1707 4772 perpetuo
1741 4701 1805 4773 per
1823 4701 1945 4752 omnes
1978 4680 2062 4752 anui
2086 4687 2319 4777 tempestates

692 4823 849 4888 succosa,
866 4802 1003 4886 viridis,
1019 4801 1208 4887 odorifera,
1230 4803 1286 4874 sui
1302 4825 1373 4875 uua
1390 4803 1482 4874 inter
1507 4823 1628 4876 omnes
1655 4799 1800 4886 similis;
1830 4803 1992 4876 omnibus
2010 4803 2105 4877 circa
2129 4804 2320 4877 arboribus

687 4926 888 5020 vigentibus
906 4926 1007 5012 alias,
1028 4926 1119 4998 alias
1145 4927 1432 5011 senescentibus;
1453 4924 1594 4998 adhaec
1613 4924 1817 4998 horrorille
1842 4947 1954 5010 sacer,
1976 4950 2044 5021 quo
2065 4951 2137 5002 non
2154 4929 2320 5002 homines

685 5049 802 5135 modo,
823 5050 882 5143 qui
899 5049 1014 5121 locum
1031 5050 1199 5134 viserent,
1221 5073 1259 5124 se
1276 5049 1440 5143 perbrndi
1458 5048 1658 5122 sentiebant
1680 5073 1687 5119 :
1710 5048 1773 5121 sed
1790 5048 1944 5143 pecudes
1971 5050 2091 5134 etiam,
2111 5073 2191 5146 quae
2211 5051 2321 5127 ader·

686 5181 838 5260 rassent,
860 5175 992 5248 moveri
1010 5174 1235 5258 videbantur,
1253 5197 1331 5247 cum
1347 5171 1519 5269 perculsis
1537 5173 1865 5269 venerabundisque
1878 5173 2025 5260 similes,
2038 5175 2198 5250 arborem
2216 5177 2320 5251 illam
