4930 6634
660 849 768 910 LIBER
792 847 957 909 OCTAVUS
979 847 1195 924 (lom-mlo).
1733 843 1791 908 ddi

174 1064 191 1095 «ι
212 1033 249 1106 in
262 1034 425 1106 maximis
438 1033 561 1107 salutis
584 1035 763 1131 periculis,
792 1034 874 1106 hinc
908 1039 1135 1129 oppugnante
1160 1033 1275 1112 hoste.
1308 1033 1405 1107 illinc
1438 1031 1557 1127 inopia
1570 1032 1738 1103 enecante
1758 1033 1795 1100 at
1817 1038 1881 1095 losa

174 1187 191 1219 u
210 1159 314 1243 fame,
335 1182 414 1231 curn
432 1159 592 1244 tasonis,
623 1160 783 1254 patribus
808 1158 937 1231 nostris
958 1157 1071 1229 nostri
1097 1158 1307 1245 amantibus,
1336 1158 1623 1254 perduravimus:
1650 1175 1716 1226 vos
1735 1150 1795 1225 lex

172 1283 417 1355 “christianae
456 1283 638 1356 charitatis
690 1284 872 1356 continere
915 1304 986 1352 non
1024 1282 1138 1377 potuit
1176 1282 1309 1376 pariter
1348 1282 1383 1354 in
1421 1281 1545 1355 officio.
1585 1259 1794 1352 Amiseratis
1817 1315 1865 1370 AE,
1893 1333 1964 1372 can-

172 1408 351 1501 «quidem
381 1408 463 1504 jure
484 1407 687 1502 judicioque
731 1407 828 1502 regis
869 1405 1012 1478 omnia:
1057 1405 1306 1502 redipiscimini
1335 1413 1467 1492 tamen,
1508 1405 1593 1478 licet
1634 1401 1791 1497 ejusdem
1816 1413 1954 1534 {bibilus

170 1558 188 1590 a
209 1530 394 1604 clementia
411 1531 539 1613 omnia,
560 1553 669 1602 unum
687 1530 722 1603 id
735 1531 856 1625 utique
872 1527 1089 1602 levissimum
1106 1550 1170 1623 pro
1184 1529 1295 1602 multa
1312 1529 1370 1613 sit,
1391 1538 1430 1603 ut
1446 1530 1514 1603 hoc
1541 1522 1793 1622 crepitaculum
1816 1555 1936 1612 mam.

173 1683 191 1714 a
212 1654 355 1726 decreto
370 1655 469 1748 regio
483 1654 698 1727 concedatis,
719 1690 735 1720 n
773 1649 775 1656 ’
1815 1637 1869 1691 ω·

220 1755 391 1850 Liberius
398 1777 476 1850 haec
493 1800 516 1850 a
532 1777 644 1851 milite
658 1778 752 1850 dieta
764 1777 915 1872 probare
932 1778 1028 1851 Socii
1043 1801 1113 1851 non
1133 1784 1309 1874 poterant,
1328 1800 1442 1873 neque
1460 1778 1590 1850 donum
1610 1778 1795 1850 admittere
1818 1780 1903 1878 Beata,

167 1902 207 1974 in
226 1926 293 1998 quo
311 1902 622 1998 speciesquaedam
638 1901 894 1999 foretinjuriaa.
916 1901 1003 1975 Cum
1029 1903 1123 1975 bona
1152 1903 1270 1996 itaque
1293 1902 1387 1996 regis
1414 1902 1518 1974 venia
1541 1925 1599 1974 res
1629 1903 1792 1996 flagitan·
1817 1865 1966 2017 3²}ssless

166 2025 263 2098 tibus
276 2048 340 2121 per
357 2027 400 2098 P.
416 2026 594 2098 loannem
603 2025 753 2100 reddita.
769 2027 846 2107 Quo
863 2032 936 2097 tum
956 2049 993 2098 se
1011 2026 1134 2098 civitas
1144 2024 1262 2097 divino
1281 2025 1447 2118 praesidio
1461 2033 1572 2097 tutata
1586 2026 1644 2110 sit,
1665 2023 1793 2096 rectori
1816 2029 1964 2116 sautiare·

167 2171 234 2221 suo
247 2149 380 2243 totique
402 2148 560 2243 Collegio
578 2173 799 2260 magnacum
818 2150 927 2221 animi
940 2149 1120 2244 voluptate
1143 2149 1301 2221 narravit
1319 2149 1360 2220 P.
1392 2149 1572 2231 loanneS,
1592 2147 1628 2219 id
1654 2146 1746 2241 quod
1772 2169 1794 2218 a
1816 2103 1965 2238 peqqqqtoe·

168 2273 317 2358 civibus,
333 2275 403 2347 fide
420 2275 622 2348 hominibus
637 2275 780 2347 minime
795 2274 963 2360 sublesta,
984 2274 1146 2369 quodque
1159 2296 1181 2345 a
1195 2272 1376 2345 sacerdote
1390 2271 1600 2367 graecanico,
1617 2271 1792 2344 incastris
1816 2262 1933 2393 {ml

164 2405 245 2470 tum
263 2399 502 2473 Moscoviticis
520 2399 885 2494 versato‚accepisset.
901 2398 1144 2471 Arietantibus
1153 2396 1283 2469 moenia
1296 2396 1472 2480 hostibus,
1489 2394 1792 2468 conclamantibus

166 2521 368 2619 oppidania,
390 2524 551 2596 omnibus
565 2524 631 2596 Dei
646 2523 833 2617 divumque
846 2521 1115 2617 implorantibus
1129 2525 1245 2617 opem,
1262 2521 1458 2593 coelestium
1476 2520 1639 2616 quaedam
1657 2519 1791 2614 species

165 2647 317 2719 duorum
350 2646 470 2720 oblata
489 2649 674 2744 juvenum,
706 2646 853 2742 puniceo
882 2647 1000 2742 hujus,
1034 2645 1185 2718 candido
1229 2643 1336 2728 illius,
1375 2643 1499 2716 habitu
1534 2642 1789 2738 spectabilium.

163 2771 201 2845 A
213 2771 343 2866 templo
358 2772 544 2846 Societatis
557 2773 609 2844 illi
623 2771 800 2868 progressi
815 2772 851 2843 io
869 2770 983 2843 lorum
1000 2770 1147 2866 pariter,
1163 2768 1344 2864 populum,
1364 2769 1501 2863 trepide
1519 2767 1787 2852 discurrentem,

164 2895 339 2990 colligere
357 2921 365 2969 :
381 2898 586 2982 admonere,
604 2921 674 2993 qua
688 2898 838 2970 maxime
863 2896 960 2968 urbis
980 2895 1126 2990 regione
1148 2893 1291 2966 obnoxii
1319 2893 1436 2965 forent
1460 2893 1644 2988 periculo:
1673 2901 1715 2967 eo
1738 2893 1792 2966 uti

163 3029 428 3107 concurrerent,
448 3022 655 3117 hostemque
673 3026 943 3104 summoverent‚
960 3018 1121 3090 hortari:
1156 3018 1290 3090 indices
1320 3015 1454 3089 fraudis
1472 3020 1507 3089 et
1540 3024 1662 3089 contra
1690 3017 1789 3112 adju-

162 3151 263 3218 tores
277 3168 315 3218 se
328 3145 461 3220 civibus
475 3147 613 3221 offerre.
631 3146 787 3240 Accepta
816 3144 957 3229 cautio;
983 3166 1097 3238 nequa
1125 3150 1268 3214 temere.
1299 3142 1518 3237 Deprehensi
1535 3142 1602 3215 hoc
1619 3143 1695 3238 ipso
1712 3143 1790 3215 loco

162 3269 237 3342 acti
243 3269 318 3365 jam
334 3271 380 3342 ab
398 3269 500 3344 hoste
522 3269 688 3350 cuniculi,
716 3253 835 3362 itaque
863 3269 1071 3341 obruuntur.
1089 3267 1281 3368 Aliaparte
1299 3266 1472 3339 barbarus
1499 3267 1612 3340 hostis
1635 3268 1793 3340 subierat

161 3393 495 3490 propugnaculum;
517 3395 551 3466 in
578 3417 695 3466 aream
725 3392 821 3464 haud
853 3391 958 3464 dubia
988 3414 1168 3464 evasurus.
1202 3391 1353 3464 Treceni
1373 3391 1438 3464 sub
1467 3392 1554 3486 ipsis
1581 3393 1656 3488 jam
1683 3393 1791 3465 muris
1893 3424 1897 3438 ·

164 3525 279 3603 erant,
301 3519 361 3613 qui
378 3519 514 3603 vineas
534 3517 686 3612 pluteos,
720 3516 835 3588 scalas
878 3515 1113 3587 admoverent.
1144 3515 1230 3587 Cum
1257 3517 1305 3587 ita
1335 3516 1520 3589 victoriam
1544 3516 1792 3612 civitatemque
1815 3549 1938 3608 omn,

163 3664 228 3737 spe
236 3643 313 3738 jam
332 3641 543 3725 obtinerent,
560 3664 642 3714 ecce
655 3639 716 3712 tibi
731 3639 867 3735 ingenti
885 3663 963 3711 cum
980 3637 1124 3734 fragore
1152 3661 1241 3735 pars·
1263 3662 1394 3734 magna
1421 3641 1512 3713 muri
1538 3641 1576 3712 in
1602 3641 1791 3714 subeuntes

162 3767 258 3838 ruit:
280 3773 456 3840 trecentos
469 3765 620 3861 amplius
638 3788 707 3838 uno
726 3766 858 3860 impetu
875 3763 1009 3858 pariter
1028 3763 1188 3837 conterit.
1211 3763 1414 3837 Narrarunt
1432 3766 1586 3838 civitatis
1613 3747 1792 3860 principes

163 3890 345 3962 miratum
362 3890 439 3963 visa
472 3889 663 3984 quaedam:
701 3913 746 3962 ex
779 3912 822 3962 ea
856 3889 1023 3962 moenium
1053 3895 1174 3984 strage
1208 3891 1457 3963 subterraneos
1483 3890 1642 3986 erupisse
1672 3889 1788 3986 ignes,

162 4015 273 4110 inque
296 4013 482 4087 adversam
515 4014 626 4086 aciem
660 4014 814 4086 fluminis
844 4014 955 4087 instar
986 4013 1117 4087 effusos
1139 4037 1241 4087 esse:
1270 4037 1420 4118 supqrne
1455 4015 1609 4096 interim,
1642 4015 1789 4087 circum·

159 4137 280 4212 fusum
297 4135 441 4223 nebula,
460 4136 654 4232 fulgentem
668 4138 706 4209 in
722 4137 852 4210 amictu
870 4137 1003 4234 nigello
1026 4137 1210 4232 juvenem,
1239 4136 1458 4233 apparuisse,
1487 4134 1647 4208 hostibus
1669 4134 1788 4207 formi-

160 4262 319 4336 dabilem
336 4290 345 4348 ;
362 4261 442 4334 illos
460 4264 578 4357 itaque
608 4268 703 4335 metu
732 4263 945 4357 dissipatos:
980 4263 1101 4335 urbem
1134 4259 1316 4333 obsidione
1347 4268 1545 4355 exemptam
1572 4281 1663 4332 esse.
1698 4259 1789 4333 Haec

160 4396 259 4476 sunt,
285 4412 365 4484 quae
381 4388 584 4484 legimus'in
615 4387 804 4462 annalibus
832 4388 981 4484 Gollegii
1009 4388 1300 4474 Smolenscensis,
1330 4396 1502 4461 annotata
1525 4410 1611 4461 cura
1638 4387 1789 4462 maxime

160 4515 208 4587 P.
227 4515 250 4587 J
253 4513 399 4587 oannis:
421 4513 633 4587 aGermano
652 4513 805 4609 quodam
823 4514 957 4609 pictore
981 4512 1088 4607 (quia
1105 4512 1315 4586 Moscovitis
1329 4513 1374 4585 ad
1386 4520 1575 4598 nostrates,
1592 4513 1791 4586 aschisma·

159 4638 243 4711 tiois
261 4637 307 4710 ad
324 4637 520 4710 Ecclesiam
542 4636 765 4720 catholicam,
786 4639 908 4711 eadem
926 4642 1137 4733 tempestate
1165 4637 1364 4732 transierat)
1394 4638 1469 4710 visa
1498 4639 1647 4733 pariter,
1681 4638 1787 4732 inque

158 4761 295 4836 sacello
322 4759 472 4855 Collegii
490 4762 555 4832 sub
567 4760 723 4855 imagine
741 4761 845 4834 Beati
862 4762 999 4858 Aloysii
1012 4761 1175 4858 penicillo
1194 4761 1415 4834 adumbrata.

212 4887 416 4960 Smolenseo
435 4887 639 4960 Vitebscum
656 4909 675 4959 e
692 4887 879 4982 praecipuis
892 4886 1035 4959 Rosciae
1059 4886 1240 4960 Polonicaa
1267 4886 1405 4982 oppidis
1432 4887 1517 4959 urbs
1541 4885 1714 4983 proxima.
1746 4889 1786 4960 ln
1812 4860 1959 4994 vualiber-

155 5013 230 5090 hac
247 5011 390 5083 civitate
408 5009 502 5083 Socii
520 5011 603 5096 duo,
633 5009 716 5082 olim
733 5031 755 5081 a
773 5010 982 5095 Possevino,
1014 5010 1061 5080 ad
1087 5011 1279 5083 Moscoviaa
1305 5010 1429 5083 duc'em
1460 5033 1628 5105 magnum
1652 5009 1783 5105 legato,
1808 5015 1939 5104 saucoma-

156 5159 264 5232 aegro
281 5136 434 5209 civitatis
459 5135 597 5208 curioni
616 5135 743 5216 relicti,
765 5134 819 5206 usi
837 5133 1040 5228 aliquandiu
1057 5133 1199 5209 fuerant
1215 5135 1421 5208 diversorio.
1452 5136 1520 5217 Qui
1543 5135 1785 5210 Smolenscen-
1808 5090 1940 5224 {¹:25ssss

158 5264 263 5336 sibus
287 5262 373 5336 suis
412 5283 548 5358 praeses
577 5259 770 5356 palatinus,
804 5258 1007 5332 Alexander
1032 5259 1275 5375 Gosievslu'us,
1312 5258 1528 5354 providerat,
1558 5259 1699 5332 condito
1738 5260 1787 5332 ibi

1626 5382 1659 5436 41
