4906 6642
280 1761 348 1836 ΑΙ)
389 1757 711 1844 CELSISsnuos,
741 1755 1156 1866 ILLUSTRISSIMOS,
1193 1751 1660 1829 REVERENDISSIMOS

674 2031 1271 2127 DOM1NOS

166 2333 436 2396 Posuaumltffls,
482 2332 685 2396 PtoouNffls,
728 2331 994 2396 LUCEORIENSIS,
1036 2327 1270 2393 Ltvoututtsls,
1309 2328 1509 2393 VILNllNSlS,
1549 2329 1779 2396 VARMIENSIS,

546 2532 829 2595 smofflrlnuffis,
869 2529 1150 2583 SMOLENSGENSIS
1185 2527 1387 2578 DlOEGllSIUld

382 2701 1642 2931 EPuSOOPOS·

218 3391 295 3464 er
327 3388 397 3468 duo
443 3386 594 3484 amplius
632 3385 766 3459 saecula
792 3393 888 3470 sunt,
929 3385 1119 3458 Pontifices
1150 3387 1397 3473 Illustrissimi,
1431 3411 1510 3461 cum
1545 3389 1740 3486 operarios,
1772 3415 1794 3466 a

172 3521 255 3586 nata
289 3533 405 3608 nuper
433 3512 478 3585 B.
512 3511 641 3606 Ignatii
667 3509 836 3605 religiose
861 3508 994 3582 familia
1020 3517 1191 3595 recentes,
1225 3510 1271 3583 ad
1301 3511 1442 3584 vineam
1472 3511 1628 3598 Domini,
1656 3514 1693 3586 in
1717 3537 1795 3589 ves·

172 3638 235 3712 tris
261 3637 552 3734 repastinandum
574 3635 777 3732 provinciis,
798 3634 916 3707 multis
941 3633 1038 3707 illam
1064 3657 1107 3707 ea
1132 3641 1340 3730 tempestate
1362 3635 1450 3709 locis
1478 3636 1536 3710 vel
1548 3636 1797 3725 incultam,vel

175 3787 236 3859 per
254 3762 454 3836 exitiabiles
477 3761 694 3833 advenarum
716 3757 964 3832 haereticorum
984 3759 1125 3832 fraudes
1145 3760 1222 3856 jam
1245 3759 1304 3833 diu
1328 3761 1587 3852 silvescentem,
1607 3763 1653 3836 ab
1680 3763 1795 3850 ltalia,

176 3886 382 3972 Germania,
422 3884 548 3980 Belgio
591 3883 820 3970 conduxistis,
849 3906 1047 3979 novamque
1081 3883 1249 3973 sobolem,
1278 3907 1349 3958 non
1378 3887 1456 3960 istis
1493 3894 1576 3961 ante
1622 3889 1801 3986 cognitam

176 4011 358 4108 gentibue,
389 4019 576 4105 paternum
609 4009 647 4081 in
683 4007 825 4080 modum
854 4007 1039 4104 complexi,
1084 4031 1147 4104 per
1180 4008 1369 4106 municipia
1411 4009 1618 4105 dispositam
1643 4022 1679 4087 et
1708 4013 1801 4087 colo·

177 4137 267 4224 nias,
311 4136 437 4210 vestris
468 4141 629 4209 ornatam
669 4131 860 4219 beneficiis,
905 4131 1153 4206 communitam
1199 4132 1387 4229 praesidiis,
1433 4135 1579 4232 regibus
1604 4144 1640 4211 et
1671 4139 1801 4235 populo

176 4259 465 4335 commendastis.
509 4260 569 4333 Sic
615 4257 766 4355 accepti,
822 4257 905 4370 ¹quid
941 4263 1060 4331 vestro
1108 4257 1273 4354 deinceps
1318 4258 1383 4333 illi
1427 4262 1534 4338 ductu
1584 4264 1723 4359 egerint
1768 4273 1805 4342 et

177 4385 362 4483 imperiis:
398 4408 485 4482 quos
529 4391 648 4460 vestra
693 4405 758 4480 per
798 4382 895 4480 ipsos
931 4382 1046 4478 pietas
1095 4383 1246 4480 gentiles
1288 4385 1534 4472 Lituanorum,
1588 4386 1800 4478 Russorum,

179 4509 456 4606 Samogitarum,
496 4509 679 4594 Livonum,
731 4508 909 4580 Guronum
954 4506 1053 4594 deos,
1107 4507 1145 4580 in
1191 4507 1280 4581 lucis
1321 4507 1438 4582 adhuc
1484 4507 1604 4583 furtim
1641 4535 1665 4584 a
1702 4512 1806 4608 plebe

179 4633 306 4721 cultos,
341 4657 361 4708 e
398 4632 595 4730 quercubus
635 4631 708 4704 suis
739 4638 775 4704 et
800 4631 872 4703 aris
906 4630 953 4702 ad
1002 4653 1122 4704 orcum
1156 4630 1269 4728 egerit
1311 4631 1514 4729 praecipites
1535 4656 1543 4704 :
1564 4655 1652 4728 quos
1678 4635 1805 4711 deindo

182 4781 287 4853 quam
315 4756 487 4832 immanes
528 4757 776 4830 hoereticorum
813 4752 988 4854 cyclopes,
1026 4754 1119 4828 unde
1150 4761 1185 4828 et
1218 4778 1287 4850 quo
1314 4755 1433 4831 nescio
1470 4755 1607 4830 delatos
1631 4757 1701 4831 huc
1733 4767 1807 4834 tur-

180 4883 276 4970 bine,
314 4881 504 4979 proruerit,
549 4879 828 4977 profligaverit:
866 4878 993 4973 quibus
1027 4869 1107 4966 viis,
1144 4879 1351 4953 abactorum
1378 4881 1597 4957 errabundos
1629 4885 1803 4982 vestigiis,

186 5030 316 5104 greges
352 5007 399 5081 ad
427 5013 588 5103 pastores
629 5028 714 5079 suos
744 5010 780 5078 et
811 5025 944 5099 pascua
991 5002 1161 5077 salutaria
1206 5005 1397 5092 reduxerit,
1430 5013 1466 5080 et
1511 5015 1659 5082 coeteras
1704 5010 1809 5106 hujus

186 5133 329 5227 generis
362 5132 470 5218 domi,
523 5151 685 5227 peregre,
723 5134 759 5201 et
784 5125 960 5202 interdum
1002 5126 1149 5212 militiae,
1181 5149 1240 5203 rus
1273 5130 1386 5227 primo
1423 5139 1546 5207 nostro
1575 5132 1705 5208 seeculo
1740 5158 1805 5231 per

1666 5283 1694 5332 11
