4936 6658
616 702 677 770 390
926 667 929 680 ·
998 702 1277 768 LITUANICARUM
1299 704 1513 770 soclurnrts
1533 706 1620 772 Jusu
1642 706 1897 770 Hlsrournuuu
2021 719 2028 740 '

449 907 556 1001 rocon
618 890 729 987 igitur
746 896 862 969 tristia
888 896 1018 971 divinae
1035 897 1178 972 tandem
1200 898 1408 986 clementiae,
1429 898 1582 996 benigne
1613 923 1678 974 nos
1705 900 1934 988 consolantis,
1969 900 2243 984 meminerimus,

449 986 581 1140 ffiffi
667 1019 769 1102 Quod
786 1021 829 1095 de
847 1023 1074 1118 navi,grandi
1087 1023 1149 1095 1118
1166 1046 1209 1097 88
1221 1023 1400 1098 fortunata
1411 1025 1536 1111 classe,
1555 1025 1721 1099 Ecclesia
1735 1024 1869 1112 scilicet
1886 1026 2030 1112 Christi,
2056 1025 2118 1104 diu
2134 1028 2247 1100 maxi·

448 1150 569 1244 liparem·
622 1149 688 1222 mis
701 1151 967 1245 tempestatibus
986 1153 1136 1248 jactata,
1168 1159 1351 1249 poetarum
1369 1153 1497 1249 aliquis
1517 1153 1657 1238 cecinit,
1685 1154 1856 1227 fluctuare
1879 1160 1914 1227 et
1931 1175 2111 1247 nunquam
2129 1153 2245 1248 mergi

374 1325 375 1328 η
448 1229 598 1370 {3³13}
620 1275 725 1348 istam
742 1282 879 1349 ratem:
900 1277 966 1350 hoc
984 1276 1028 1350 de
1046 1277 1205 1373 phasello
1222 1279 1327 1374 hujus
1342 1278 1479 1365 8188818,
1500 1301 1611 1374 88888
1630 1277 1806 1364 Poloniae,
1825 1277 1885 1352 diu
1911 1277 2131 1375 periclitante
2146 1277 2244 1352 dixe·

619 1400 697 1472 rim.
714 1401 927 1475 Fluctuabat
943 1403 1010 1476 hac
1029 1409 1250 1499 tempestato,
1266 1405 1449 1500 mergique
1467 1404 1573 1478 toties
1591 1404 1668 1476 visa
1680 1404 1769 1476 ratis
1789 1403 1855 1477 ista
1879 1428 1887 1476 :
1911 1404 2010 1499 atqui
2032 1404 2244 1480 incolumem

618 1525 710 1598 hanc
722 1526 896 1623 hodieque
913 1525 1395 1626 811188188811818188818818
1412 1535 1507 1602 certe
1524 1529 1727 1624 benignitas
1746 1528 1823 1625 est),
1840 1529 1922 1602 hinc
1937 1529 2139 1603 naviculam
2159 1552 2242 1603 nos·

615 1654 1035 1749 1888888881188881818,
1055 1653 1155 1749 quasi
1168 1677 1238 1726 uno
1256 1653 1408 1726 maximo
1425 1653 1577 1739 turbine,
1593 1653 1630 1725 in
1648 1652 1811 1749 scopulos
1828 1653 2032 1749 reipublicae
2050 1654 2237 1752 impellen-

616 1776 711 1849 tibus
726 1802 736 1850 ς
752 1776 848 1850 illinc
861 1779 1022 1874 precibus
1035 1778 1173 1874 piorum
1191 1778 1445 1852 sustinentibus
1459 1785 1494 1851 et
1506 1777 1711 1873 patrociniis
1729 1777 1900 1852 coelitum.
1917 1779 2025 1874 cujus
2044 1780 2097 1854 rei
2116 1780 2242 1876 imagi·

619 1902 890 1997 nemquandam
907 1902 1468 1999 (11818118881818818881881818
1486 1927 1506 1978 8
1525 1903 1708 1978 Societate
1722 1910 1844 1976 nostra
1861 1902 2034 1999 inprimis
2056 1903 2241 1999 religioso,

537 2047 541 2055 ·
616 2025 724 2104 nobili
742 2026 857 2114 Gallo,
875 2027 966 2122 juris
979 2026 1137 2100 consulto
1156 2035 1190 2101 et
1205 2051 1317 2101 sacrae
1333 2027 1525 2126 theologiae
1543 2026 1679 2102 doctori
1692 2027 1774 2100 8118
1792 2029 1828 2100 18
1841 2027 2034 2102 Academia
2058 2029 2238 2118 Parisina,

615 2152 814 2227 Guilhelmo
840 2153 949 2240 Rose,
970 2153 1083 2226 aulico
1112 2175 1226 2249 nuper
1245 2155 1380 2249 8881888
1403 2154 1605 2240 Ludovicae,
1634 2153 1751 2225 viduae
1775 2151 1949 2226 Vladislai
1976 2153 2040 2239 IV,
2068 2156 2235 2252 conjugis

614 2277 764 2352 Ioannis
794 2279 968 2364 Casimiri,
991 2278 1169 2375 theologo.
1199 2281 1316 2376 AEgro
1338 2277 1421 2351 hnic
1450 2301 1529 2351 cum
1555 2299 1575 2350 e
1609 2275 1806 2350 calamitate
1838 2275 1978 2372 publica
2012 2285 2088 2350 tum
2125 2279 2234 2354 etiam

614 2408 751 2491 morbo,
769 2406 1063 2494 Czenstochoviae‚
1079 2407 1117 2480 in
1131 2407 1273 2481 castello
1291 2405 1452 2480 Poloniae
1470 2405 1596 2502 gratiis
1613 2404 1737 2478 Beatco
1757 2403 1886 2478 Mariae
1904 2404 2064 2501 Virginis
2084 2405 2232 2504 inclyto,

613 2533 864 2630 comparuisse,
891 2533 1003 2620 aiunt,
1029 2533 1177 2607 Beatum
1207 2532 1391 2606 Nicolaum
1418 2533 1624 2629 Myrensem
1646 2530 1864 2628 episcopum,
1892 2553 1934 2605 ac
1963 2532 2177 2629 promendas
2190 2558 2238 2609 ex

613 2657 1213 2744 8888888188181111888811811888;
1234 2658 1322 2732 duas
1341 2681 1385 2732 ex
1406 2680 1497 2730 urna
1522 2654 1761 2730 Guilhelmum
1785 2656 1998 2753 prompsisse
2015 2657 2232 2746 tesserulas;

611 2781 772 2864 inaltera
785 2783 952 2878 scriptum
974 2781 1149 2856 :Polonia
1165 2782 1374 2869 vastabitur,
1391 2789 1429 2855 81
1446 2782 1618 2878 orandum
1629 2759 1690 2868 ;'in
1705 2781 1818 2856 altera
1835 2807 1843 2854 :
1860 2781 2012 2854 Polonia
2024 2782 2233 2857 restituetur

614 2907 651 2980 in
668 2907 859 3004 integrum,
880 2915 918 2981 at
939 2909 1126 2982 orandum.
1145 2908 1234 2980 Erat
1250 2931 1335 2982 8888
1355 2907 1577 2980 Guilhehnus
1595 2907 1855 2982 existimatione
1877 2907 2031 2980 omnium
2056 2906 2119 2994 is,'
2134 2909 2236 3004 cujus

613 3033 687 3106 vita
699 3041 734 3106 et
748 3055 863 3107 mores
879 3056 944 3129 888
958 3032 1131 3130 exemplo,
1152 3031 1245 3105 dicta
1257 3057 1321 3130 pro
1344 3033 1497 3108 oraculis
1515 3029 1743 3105 haberentur.
1766 3030 1925 3105 Lucebat
1942 3031 1980 3103 in
1998 3032 2139 3106 homine
2162 3033 2236 3110 siu-

613 3161 749 3258 8818818
766 3185 845 3236 888
857 3162 1069 3236 verecundia
1081 3160 1255 3235 modestia
1276 3185 1283 3232 :
1301 3161 1338 3233 18
1355 3161 1461 3234 rebus
1471 3158 1631 3232 adversis
1644 3158 1817 3254 patientia
1834 3184 1842 3231 :
1862 3159 1899 3230 in
1912 3158 2034 3232 arduis
2050 3157 2234 3236 fortitudo:

612 3298 688 3363 tum
716 3312 834 3362 rerum
855 3287 1055 3362 mortalium
1080 3309 1294 3382 suorumque
1319 3285 1580 3359 commodorum
1605 3283 1851 3380 negligentia:
1880 3286 2104 3358 minimarum
2128 3285 2239 3364 etiam

614 3414 770 3490 Instituti
786 3415 842 3486 sui
861 3413 1166 3510 praescriptionum
1189 3420 1362 3510 perpetua
1384 3409 1612 3485 observantia
1632 3435 1640 3482 :
1663 3409 1821 3484 officiosa
1841 3411 1876 3484 in
1907 3433 2029 3484 omnes
2052 3411 2235 3488 charitas:

613 3564 713 3614 amor
725 3541 792 3614 Dei
806 3547 842 3615 et
858 3547 1004 3613 actuosa
1026 3540 1139 3636 818188
1161 3563 1168 3612 :
1196 3538 1383 3635 imperium
1403 3538 1440 3609 18
1465 3560 1504 3612 88
1526 3535 1677 3608 durius:
1704 3533 1870 3609 vincendi
1886 3537 1941 3609 sui
1959 3537 2046 3635 juge
2064 3535 2235 3612 studium.

612 3667 771 3741 Amictus
797 3665 865 3750 1111,
890 3666 1029 3762 frigidis
1054 3664 1161 3739 etiam
1184 3663 1468 3760 tempestatibus,
1501 3661 1618 3747 88188,
1640 3683 1751 3756 eaque
1765 3661 1856 3735 bene
1871 3661 2005 3750 attrita,
2024 3660 2236 3738 lucernula:

613 3799 762 3866 stratum
779 3813 931 3876 asseres,
949 3799 1010 3864 aut
1030 3789 1126 3864 nuda
1142 3791 1270 3863 humus
1290 3814 1299 3862 ε
1322 3786 1474 3864 cervical
1498 3785 1589 3882 lapis
1611 3809 1619 3857 :
1647 3783 1845 3880 stragulum
1867 3784 1995 3886 penula
2022 3785 2237 3881 gausapina.

614 3923 656 3994 18
669 3920 867 3994 1111888888
885 3942 1017 4016 888888
1040 3924 1201 3992 88888188
1225 3923 1301 3991 8881
1323 3914 1430 3990 omni.
1455 3912 1564 3987 Rexit
1589 3911 1626 3983 in
1652 3910 1768 4005 881818
1794 3908 2101 4010 Μ888188818888
2124 3909 2239 3984 Colle-

613 4047 722 4142 gium.
739 4044 863 4119 Officio
881 4043 1149 4128 concIonatoris,
1169 4047 1340 4114 tumente
1370 4038 1406 4111 id
1436 4037 1583 4111 rectoris
1602 4057 1741 4120 munus,
1761 4041 1836 4108 tum
1852 4035 1982 4130 888118
2004 4034 2106 4129 88818
2123 4034 2241 4108 Ludo·

612 4170 699 4243 vicae
716 4169 955 4255 aulatunctus
969 4167 1158 4264 diligenter
1170 4189 1212 4240 ac
1224 4163 1434 4261 perutiliter.
1456 4161 1590 4235 Multos
1603 4159 1648 4232 ab
1662 4159 1805 4244 haeresi,
1821 4159 1973 4236 maxime
1989 4155 2234 4246 Arnandiana,

611 4295 649 4367 id
664 4295 833 4391 temporis
850 4317 889 4368 se
902 4294 1084 4388 vulgante,
1108 4292 1155 4366 ad
1173 4291 1381 4389 religionem
1408 4289 1582 4362 sinceram
1603 4283 1795 4362 revocavit.
1812 4282 1926 4360 Desiit
1947 4282 2234 4357 Cuenstochoviaa

612 4417 700 4491 VIII
719 4417 891 4492 kalendas
917 4416 1061 4490 sextiles
1094 4415 1198 4490 1657.
1227 4413 1394 4510 Sepultus
1415 4409 1608 4486 honorifice
1633 4409 1755 4484 subter
1780 4429 1880 4486 aram
1902 4406 2027 4482 Boutae
2056 4407 2231 4505 Virginis

612 4542 725 4616 cultor
740 4543 867 4617 Matris
877 4543 1013 4616 Divinae
1030 4540 1196 4637 mancipii
1208 4541 1348 4613 nomine
1362 4538 1509 4612 devotus
1522 4559 1545 4609 a
1558 4557 1681 4633 puero.

495 4734 529 4789 40
664 4670 751 4743 Inde
763 4692 875 4764 regno
900 4667 1071 4763 paulatim
1086 4665 1201 4739 redire
1218 4662 1470 4761 tranquillitas.
1492 4663 1642 4735 Ineunte
1660 4659 1728 4735 hoc
1746 4679 1855 4744 anno,
1885 4655 2047 4731 convenit
2063 4677 2134 4752 pax
2155 4677 2237 4728 cum

439 4815 496 4872 Pax
517 4827 576 4868 nnn
613 4798 726 4871 Sueco
745 4792 1002 4867 conditionibus
1020 4791 1147 4878 certis;
1164 4789 1394 4887 sequestrisa
1411 4788 1574 4861 Romano
1594 4786 1825 4882 Imperatore,
1850 4805 1873 4854 8
1890 4781 2034 4878 regibus
2055 4778 2182 4854 Galliae
2200 4786 2238 4852 et

440 4895 530 4954 ⁵⁰⁰⁰ss
614 4921 754 5006 Daniae,
774 4945 796 4994 8
814 4919 962 4993 Β818818
984 4924 1020 4992 81
1044 4917 1196 4991 electore
1221 4913 1525 5008 Brandeburgico,
1547 4910 1678 5007 1888118
1693 4911 1741 5008 18).
1762 4907 1930 4982 08818818
1960 4928 2066 5004 pace,
2089 4904 2237 4978 Carolus

438 4981 1200 5142 1110111118.(18818888181118888118881888
1226 5039 1391 5156 imposuit
1419 5045 1455 5113 et
1476 5038 1572 5126 vitae,
1596 5035 1666 5110 Vll
1691 5034 1867 5112 kalendas
1888 5032 2035 5108 martias
2060 5031 2241 5112 extinctus

659 5193 702 5270 (1)
722 5191 788 5254 Vid.
804 5189 915 5278 1118188.
933 5189 1054 5252 Prussia
1066 5186 1093 5248 J.
1109 5186 1226 5257 Leonis,
1241 5199 1307 5266 pag.
1323 5177 1393 5244 513.
