4906 6642
664 805 703 870 10
1030 808 1308 872 LITUleCAllUll
1331 765 1546 874 SOGIETthd
1566 810 1653 872 JESU
1677 808 1929 870 lllSTOlllhRUbt

664 989 778 1062 varias
794 990 951 1066 haereses
965 992 1141 1068 distractis
1158 1021 1166 1067 :
1186 1023 1203 1056 «ι
1220 1018 1341 1090 quare,
1356 995 1481 1092 inquit,
1500 992 1720 1090 Sigismundi
1732 989 1885 1087 Augusti
1897 996 2054 1085 tempore
2067 996 2162 1063 totus
2176 989 2289 1063 ferme

667 1141 684 1173 a
705 1121 848 1188 senatus
873 1114 939 1189 fuit
965 1118 1128 1214 religioni
1147 1120 1321 1195 luteranae
1335 1129 1371 1194 et
1385 1119 1587 1193 reformatae
1605 1117 1778 1190 addictus.
1800 1115 1937 1187 Praeter
1955 1115 2152 1188 Luteranos
2169 1121 2291 1188 autem

567 1239 569 1242 ’
667 1267 684 1298 ιι
704 1245 740 1312 et
758 1240 978 1315 Calvinianos
996 1243 1032 1315 in
1049 1244 1198 1317 Polonia
1215 1270 1285 1319 non
1303 1245 1404 1341 pauci
1422 1218 1547 1318 Ariani
1573 1249 1608 1316 et
1631 1240 1832 1326 Sociniani;
1853 1239 1940 1312 etin
1966 1239 2022 1311 his
2051 1241 2144 1312 inter
2156 1239 2291 1335 primos

458 1455 461 1464 Ι
489 1372 606 1429 Sooinus.
665 1390 682 1423 s
704 1362 836 1437 Laelius
850 1365 1011 1450 Soeinua
1026 1368 1141 1462 patria
1155 1368 1321 1442 Senensis
1332 1369 1455 1456 Italus,
1471 1371 1714 1463 penetrarunt.
1734 1400 1750 1432 n
1768 1364 1816 1435 Hi
1827 1370 1944 1436 tantos
1957 1363 1995 1436 in
2011 1362 2162 1436 Polonia
2173 1362 2293 1436 fecere

490 1497 590 1590 Schola
663 1510 885 1583 progressus,
901 1497 942 1563 ut
953 1491 1060 1564 etiam
1074 1492 1213 1566 scholas
1228 1517 1302 1566 suae
1320 1502 1425 1567 sectae
1442 1515 1513 1565 non
1529 1491 1724 1566 incelebres
1743 1488 1919 1562 erexerint
1934 1488 2123 1574 Rakoviae,
2140 1486 2292 1560 Kisseli·

490 1578 638 1722 ffiffi,
664 1611 734 1684 nias
752 1619 787 1684 et
804 1613 986 1688 Luhlaviis
1004 1615 1050 1711 (1).
1076 1617 1169 1695 Quid
1193 1642 1298 1713 porro
1319 1619 1491 1692 commodi
1521 1639 1565 1690 ex
1592 1615 1670 1688 istis
1696 1638 1768 1688 non
1784 1612 2019 1687 incelebribus
2041 1611 2293 1686 haereticorum

490 1732 626 1867 {lma
665 1736 794 1810 scholis
812 1748 1051 1833 comparatum
1069 1740 1115 1812 sit
1134 1741 1292 1827 Polouis,
1314 1743 1402 1816 bene
1420 1742 1609 1837 perspexit,
1627 1746 1758 1836 praeter
1770 1737 1872 1824 alios,
1895 1737 2028 1832 saepius
2044 1738 2090 1809 ab
2117 1736 2291 1810 Romanis

490 1885 548 1942 nis.
665 1863 896 1936 Pontificibus
916 1865 961 1937 ad
979 1864 1135 1940 Polonos
1161 1866 1330 1968 Legatos,
1355 1863 1530 1940 Antonius
1556 1875 1677 1940 noster
1705 1867 1920 1940 Possevinus
1935 1865 1986 1961 (a).
2015 1894 2031 1926 κ
2047 1865 2288 1952 Meminimus,

666 2015 682 2045 κ
702 1986 815 2082 inquit
836 1988 910 2075 ille,
941 2012 1020 2062 cum
1050 1991 1234 2064 Varsaviae
1256 1999 1435 2086 postrema
1460 2014 1590 2087 magno
1622 1991 1786 2065 Poloniae
1813 2013 1900 2086 rege
1930 1991 2110 2086 Stephano
2146 1991 2290 2064 comitia

668 2141 683 2172 u
705 2112 932 2198 haberentur,
964 2116 1058 2188 hunc
1082 2116 1198 2210 ipsum
1231 2140 1350 2212 regem
1383 2117 1469 2190 viris
1496 2115 1757 2206 ecclesiasticis,
1790 2139 1834 2190 ex
1866 2116 2043 2189 senatorio
2074 2123 2108 2190 et
2121 2117 2293 2214 ‘equestri

668 2263 684 2295 α
705 2236 829 2310 ordine
851 2238 1009 2324 delectis,
1036 2240 1191 2312 animum
1216 2241 1408 2329 addidisse,
1434 2250 1472 2315 ut
1497 2241 1671 2336 intrepide
1696 2247 1945 2335 proponerent,
1975 2263 2137 2334 quaenam
2163 2242 2293 2314 damna

669 2386 685 2417 κ
705 2381 817 2454 regno
838 2360 996 2433 Poloniee
1014 2363 1284 2459 reipublicaeque
1306 2364 1406 2438 illata
1432 2371 1525 2450 sunt,
1554 2371 1783 2459 posteaquam
1808 2363 1930 2436 Luteri
1954 2363 2158 2460 Calvinique
2192 2387 2293 2438 error

491 2472 617 2606 ssffiiae
669 2511 685 2542 κ
707 2483 773 2558 fuit
790 2485 995 2581 permissus.
1021 2487 1076 2559 Ea
1092 2512 1176 2561 vero
1195 2498 1307 2573 erant,
1335 2513 1413 2583 quae
1432 2496 1638 2585 sequuntur,
1659 2511 1739 2583 quae
1758 2488 1948 2560 Posnaniae
1971 2495 2097 2584 postea
2115 2489 2210 2585 typis
2227 2511 2291 2582 pu-

490 2628 636 2720 inprovin·
670 2645 685 2676 κ
706 2614 796 2686 blice
809 2621 895 2686 'sunt
913 2615 1016 2687 data:
1044 2617 1072 2688 Ι.
1101 2615 1300 2710 Religionis
1324 2617 1453 2688 sanctae
1467 2615 1651 2689 catholicae
1677 2613 1835 2698 violatio,
1853 2613 2099 2709 haeresumque
2117 2615 2292 2687 variarum

492 2706 639 2852 ffisp‘ssgss
670 2771 686 2803 a
706 2742 744 2814 in
761 2764 911 2836 regnum
935 2741 1099 2815 invectio.
1127 2743 1177 2815 II.
1202 2742 1462 2816 iurisdictionis
1490 2740 1754 2823 ecclesiastioae,
1783 2739 1927 2835 ejusque
1952 2739 2147 2835 spiritualis
2164 2738 2290 2835 gladii,

490 2864 612 2920 hareses.
670 2897 686 2928 a
709 2866 1091 2952 excommunicationis,
1123 2866 1317 2940 enervatio.
1343 2867 1410 2939 ΙΙΙ.
1441 2867 1662 2939 Decimarum
1684 2874 1807 2940 contra
1826 2869 1886 2962 jus
1908 2867 2066 2941 divinum
2087 2869 2234 2942 retentio
2255 2877 2293 2941 et

671 3021 687 3053 κ
708 2990 897 3086 ademptio
921 2990 982 3062 IV.
1004 2991 1329 3085 Praerogativarum
1348 2997 1382 3063 et
1403 2989 1606 3064 libertatum
1625 2991 1822 3064 diminutio.
1850 2992 1896 3064 V.
1919 2991 2157 3066 Ecclesiarum
2173 2993 2291 3089 profa-

670 3146 686 3178 κ
707 3116 825 3188 natio:
853 3113 1109 3200 fundationum,
1138 3136 1319 3199 censuum,
1344 3121 1586 3208 proventuum,
1614 3118 1862 3192 thesaurorum
1896 3120 2225 3206 ecclesiasticorum,
2255 3127 2293 3192 et

670 3263 686 3296 u
707 3235 878 3308 bonorum
897 3235 1045 3308 aliorum
1059 3233 1235 3330 ademptio
1250 3244 1284 3308 et
1302 3235 1476 3330 spoliatio.
1498 3239 1562 3312 VI.
1579 3241 1664 3314 Fori
1675 3241 1892 3343 prejudiciis
1905 3243 2061 3319 realibus
2074 3251 2110 3319 et
2122 3265 2292 3342 persona·

671 3387 688 3420 a
708 3357 815 3444 libus,
833 3368 906 3432 tam
915 3360 1039 3456 primae
1053 3367 1089 3432 et
1101 3359 1280 3445 secundae,
1295 3366 1335 3431 ut
1345 3370 1485 3446 vocant,
1501 3361 1693 3452 instantiae,
1709 3388 1816 3461 quam
1829 3369 2048 3441 executionis
2083 3367 2284 3464 suspensio:

671 3511 688 3544 «ι
707 3484 839 3557 brachii
858 3480 1052 3568 saecularis,
1076 3483 1300 3556 remissarum
1321 3506 1365 3556 ex
1382 3485 1552 3558 tribunali
1571 3489 1675 3583 regni
1692 3495 1728 3562 et
1748 3489 1899 3563 aliorum
1916 3490 2092 3564 subselliis
2105 3493 2294 3564 causarum

495 3604 618 3741 effi&
671 3639 686 3670 κ
708 3610 806 3683 nulla
825 3612 997 3685 executio.
1029 3646 1046 3678 η
1074 3612 1169 3683 lnter
1193 3610 1271 3682 haeo
1291 3610 1391 3704 plebs
1415 3613 1550 3698 misera,
1567 3614 1605 3687 in
1631 3612 1797 3686 Lituania
1830 3613 1996 3698 maxime,
2017 3612 2225 3708 Samogitia,
2256 3621 2295 3685 et

494 3784 534 3822 ns
546 3765 634 3836 paon
667 3734 882 3829 Semigallia,
903 3734 1021 3828 legum
1035 3733 1304 3807 christianarum
1318 3733 1376 3807 vel
1394 3736 1515 3822 oblita,
1532 3738 1590 3810 vel
1606 3737 1716 3823 rudis,
1738 3759 1782 3810 ex
1799 3737 1897 3832 agris
1918 3737 1955 3808 in
1972 3735 2294 3833 antiquas'redibat

494 3843 641 3977 affl·
666 3856 797 3954 sylvas,
814 3859 1009 3953 quercubus
1024 3856 1097 3929 suis
1111 3857 1132 3928 J
1136 3857 1260 3952 ovique
1277 3856 1329 3928 illi
1344 3858 1524 3945 fulmineo,
1545 3885 1648 3957 quem
1665 3859 1864 3954 superiores
1878 3860 1933 3932 sui
1949 3860 2156 3934 Perkunum
2172 3858 2294 3954 appel-

495 3965 570 4087 gitisa
587 3996 639 4052 cn·
665 3979 801 4064 labant,
821 3980 945 4076 gentili
962 3981 1133 4076 majorum
1151 3980 1220 4050 ritu
1238 3982 1485 4080 supplicatum.
1506 3982 1682 4057 Nimirum
1696 3985 1910 4081 simplicibus
1923 3985 2123 4082 antiquiora
2140 3985 2202 4057 illa
2214 3985 2295 4058 istis

494 4075 638 4142 ronasce.
667 4093 934 4208 peregrinorum
947 4110 1126 4183 hominum
1138 4109 1302 4196 inventis,
1318 4116 1391 4181 tam
1402 4109 1535 4196 multis,
1553 4118 1626 4183 tam
1639 4111 1760 4194 variis,
1775 4110 2020 4205 sanctioraque
2034 4109 2108 4183 visa
2121 4109 2296 4206 majorum

669 4259 813 4310 suorum
829 4237 1004 4314 inst'tuta.

495 4347 636 4419 Episcopo-
722 4361 813 4441 Quid
849 4361 906 4432 hic
935 4367 1095 4455 pastores
1122 4358 1255 4455 populi,
1277 4359 1402 4431 abacto
1432 4356 1578 4453 quisque
1595 4379 1706 4451 grege
1724 4379 1802 4442 suo,
1823 4366 1859 4430 et
1875 4357 1951 4453 ipso
1975 4359 2051 4453 jam
2067 4357 2161 4431 inter
2192 4356 2296 4453 lupos

496 4429 648 4563 ddbodod
673 4483 892 4580 vulpinante,
913 4492 1075 4578 agerent,
1094 4483 1131 4554 in
1150 4504 1332 4555 commune
1346 4480 1486 4555 solliciti
1504 4481 1763 4554 consultabant.
1781 4480 1960 4552 Oardinali
1976 4480 2152 4556 Stanislao
2166 4479 2292 4567 Hosio,

497 4587 648 4723 fflwl
672 4607 894 4681 Varmiorum
907 4607 1254 4707 episeopo‚homines
1274 4605 1459 4678 Societatis
1486 4605 1574 4678 Jesu
1599 4604 1731 4699 cogniti
1759 4611 1860 4678 erant
1873 4627 1937 4700 per
1946 4605 2118 4678 Jacobum
2134 4604 2298 4677 Lainium

541 4749 542 4752 ’
672 4734 710 4806 in
725 4733 847 4830 primis
865 4739 901 4806 et
927 4731 1145 4829 Alphonsum
1166 4731 1417 4815 Salmeronem,
1447 4729 1579 4824 primos
1606 4729 1708 4802 Beati
1726 4729 1857 4824 Ignatii
1886 4729 2029 4803 Socios:
2061 4729 2156 4802 hunc
2181 4729 2298 4822 Lega-

671 4865 761 4945 tum,
780 4857 880 4964 illum
900 4857 1084 4929 Oratorem
1113 4854 1218 4929 etiam
1237 4853 1371 4931 Summi
1399 4853 1581 4927 Pontifiois
1597 4853 1635 4927 in
1662 4853 1817 4928 Concilio
1836 4852 2064 4942 Tridentium
2092 4853 2147 4926 oui
2166 4851 2298 4925 Hosius

715 5179 757 5253 (t)
773 5177 815 5237 De
833 5179 942 5238 eatenis
959 5171 1107 5238 haeresium
1128 5179 1157 5237 in
1181 5175 1300 5236 Polonia
1322 5175 1476 5250 sutoribus,
1499 5175 1554 5235 vid.
1569 5175 1601 5236 P.
1624 5173 1730 5255 Slarga
1752 5172 1859 5232 Concio
1882 5169 1911 5232 in
1926 5168 2038 5235 homin.
2061 5138 2122 5244 vu,
2138 5168 2297 5245 postPeut.

717 5283 759 5364 (t)
772 5285 812 5349 Da
822 5287 908 5346 libro
918 5286 1037 5346 loannis
1048 5285 1161 5356 Bodini,
1178 5281 1225 5358 qui
1237 5285 1354 5344 inscrih.
1379 5285 1414 5344 de
1436 5283 1604 5358 Republica,
1618 5281 1729 5352 Cautio,
1749 5295 1815 5360 pag.
1837 5279 1905 5339 142.
1934 5279 2010 5342 Edit.
2034 5277 2118 5341 Rom.
2138 5293 2183 5340 an.
2206 5277 2284 5336 1592
