4930 6634
688 764 797 825 LIBER
822 762 960 824 SEXTUS
984 762 1194 838 (tuto-toto).
1434 793 1439 800 ·
1721 756 1786 828 251,

161 951 285 1036 animi,
304 953 553 1047 temperantia,
573 951 803 1039 abstinentia,
819 975 937 1026 rerum
956 973 1052 1034 usus,
1070 955 1105 1020 et
1122 949 1210 1021 fides
1228 955 1373 1042 experta
1403 948 1703 1022 commendarunt.
1719 949 1785 1021 Vir
1808 951 1955 1083 bilitonis

1696 1073 1702 1086 ·
1756 1073 1762 1087 ·
1956 1074 1964 1100 ,

162 1076 307 1157 stoicus,
328 1076 484 1148 moribus
501 1077 667 1172 antiquis,
690 1077 966 1149 assentationum
992 1071 1188 1160 fastidiens,
1210 1071 1330 1166 gravis
1356 1095 1398 1144 ac
1423 1070 1582 1166 simplex,
1602 1071 1784 1167 religionis
1811 1108 1861 1177 pp,
1879 1107 1957 1176 jusu.

162 1199 611 1272 cultor'constantissimus
633 1201 773 1272 Primus
791 1201 848 1271 hio
865 1200 902 1270 in
919 1197 1068 1269 comitiis
1086 1196 1188 1290 regni
1204 1195 1428 1268 molientibus
1446 1219 1508 1266 sua
1520 1194 1692 1268 adversus
1705 1195 1785 1269 reli-

162 1323 305 1417 gionem
323 1322 533 1395 catholicam
550 1323 729 1398 haereticis
747 1324 874 1419 etipse
900 1323 1039 1394 fortiter
1064 1319 1204 1401 restit't‚
1223 1327 1273 1425 ,et
1294 1319 1338 1390 ad
1364 1317 1609 1413 profitendam,
1632 1319 1786 1413 juratam
1812 1282 1961 1422 &1¹2⁸th

162 1446 253 1530 Deo,
275 1444 379 1518 fidem
397 1469 461 1517 suo
481 1447 646 1519 excitavit
660 1447 831 1541 exemplo.
854 1443 1044 1526 Quamviri
1062 1443 1296 1518 constantiam
1309 1464 1474 1513 romanus
1488 1441 1594 1512 etiam
1608 1442 1783 1526 Pontifex,
1813 1452 1932 1538 Romano

163 1570 258 1643 datis
276 1570 322 1642 ad
340 1571 521 1643 Andream
540 1571 679 1656 litteris,
700 1571 813 1666 plenis
830 1569 1030 1643 testimonio
1049 1568 1144 1662 grati
1161 1567 1283 1649 animi,
1304 1565 1526 1638 collaudavit.
1547 1567 1736 1660 Egentium
1753 1574 1789 1639 et
1813 1535 1952 1660 {ffifig

163 1694 402 1788 subjectorum
420 1706 521 1790 pater
538 1696 646 1790 vulgo
666 1695 936 1792 appellabatur:
958 1695 1008 1764 ita
1026 1691 1159 1764 scilicet
1173 1713 1294 1762 eorum
1312 1691 1404 1762 bona
1424 1689 1642 1785 salutemque
1663 1715 1786 1785 procu·
1812 1687 1962 1835 {affirm

163 1818 280 1890 rabat.
303 1819 487 1914 Sapientia
509 1843 574 1893 sua
591 1821 638 1892 ad
656 1844 734 1893 earn
752 1821 930 1892 hominum
950 1807 1228 1890 exstimationem
1247 1813 1453 1898 dimanavit,
1475 1820 1513 1884 ut
1537 1837 1609 1886 non
1632 1815 1686 1886 sui
1709 1823 1785 1887 tan·
1811 1845 1910 1898 noctus
1932 1857 1963 1897 ac
2009 1865 2012 1872 «

165 1950 241 2013 tum
265 1941 371 2030 cives,
399 1944 461 2016 sed
488 1945 568 2018 Itali
595 1947 712 2030 etiam,
740 1944 920 2026 Germani,
938 1941 1057 2026 Galli,
1085 1940 1248 2035 Hispani,
1280 1961 1455 2032 proceres,
1476 1939 1511 2008 iu
1538 1939 1609 2042 suis
1633 1941 1785 2033 negotiis
1813 1921 1961 2052 &diffamet

164 2047 342 2138 Polonum
364 2067 458 2140 hunc
485 2069 577 2142 irent
607 2068 815 2142 consultum.
844 2069 942 2141 Vixit
971 2088 1083 2139 annos
1110 2065 1171 2148 72,
1204 2063 1346 2146 caelebs,
1376 2070 1410 2135 et
1435 2061 1541 2136 laude
1567 2065 1784 2138 castimoniae
1813 2079 1911 2162 casim
1971 2165 1972 2170 Ἰ

163 2213 273 2263 senex
292 2191 432 2263 omnino
450 2193 603 2287 integra.
626 2195 750 2273 Quoad
768 2193 868 2277 vixit,
889 2192 994 2266 certis
1013 2189 1167 2284 quotidie
1188 2188 1286 2260 horis
1303 2189 1629 2260 tummeditabatur
1651 2189 1782 2276 divina,
1812 2152 1960 2287 ffissflgui

162 2315 354 2410 propositis
372 2316 439 2387 sibi
464 2316 664 2390 christianae
682 2317 765 2388 vitae
783 2316 925 2402 officiis;
946 2323 1034 2397 tum,
1055 2313 1256 2408 vespertino
1274 2312 1424 2384 maxime
1441 2320 1611 2408 tempore,
1632 2314 1787 2387 rationes
1811 2314 1958 2380 inspector.

162 2439 415 2534 cogitatorum,
436 2413 621 2526 dictorum,
651 2442 890 2535 factorumque
917 2463 939 2512 a
964 2462 1003 2510 se
1026 2437 1201 2532 exigebat.
1234 2438 1352 2509 Probe
1379 2437 1446 2509 sibi
1470 2439 1649 2532 cognitum
1679 2439 1785 2522 hunc,

161 2569 268 2657 atque
282 2564 372 2635 adeo
385 2562 606 2649 familiarem,
623 2567 752 2638 Petrus
767 2565 909 2658 Skarga
924 2585 1019 2657 saepe
1032 2562 1068 2632 in
1084 2561 1157 2632 suis
1172 2561 1309 2656 scriptis
1320 2560 1435 2632 virum
1448 2561 1601 2657 appellat
1613 2569 1783 2635 sanctum.

163 2685 396 2759 Existimator
414 2697 491 2761 erat
509 2697 544 2761 et
561 2688 725 2761 laudator
751 2688 906 2760 omnium
934 2685 1183 2780 religiosorum
1204 2684 1389 2770 Ordinum,
1406 2685 1589 2758 Societatis
1618 2694 1787 2782 patronus

160 2809 269 2884 etiam
287 2811 483 2885 munificus.
507 2813 557 2884 Ut
587 2813 737 2896 mittam,
767 2836 846 2907 quaa
876 2811 913 2882 in
945 2810 1149 2882 Polonicam
1170 2809 1350 2882 Sociorum
1376 2811 1592 2905 provinciam
1618 2811 1785 2885 beneficia
1811 2796 1925 2942 fflg

160 2932 363 3018 contulerit,
394 2935 618 3008 Varsaviensi
638 2935 795 3029 Collegio
813 2941 946 3006 certam
968 2932 1127 3029 pecuniae
1150 2954 1321 3005 summam
1339 2939 1549 3007 testamento
1574 2936 1780 3030 assignavit.
1812 2973 1908 3014 sorum.
1965 2961 1969 2972 ·

159 3057 276 3142 Alter,
298 3081 400 3152 quem
418 3081 526 3154 supra
543 3083 622 3131 cum
644 3058 711 3131 hoc
735 3059 1006 3154 composuimus,
1028 3059 1185 3131 loannes
1204 3057 1519 3144 Chociszewskius,
1541 3067 1575 3133 et
1600 3059 1674 3154 ipse
1697 3059 1784 3132 inte·
1810 3038 1920 3173 Jmffiis

160 3183 352 3278 gerrimus,
373 3183 661 3278 religiosissimus
678 3185 857 3268 sacerdos,
879 3185 915 3255 in
933 3183 1186 3279 philosophicis
1206 3193 1244 3256 et
1269 3183 1477 3278 theologicis
1499 3185 1644 3279 egregie
1669 3208 1784 3257 versa·
1813 3194 1924 3284 cnosi-u

159 3313 218 3377 tus
239 3331 247 3377 :
269 3305 316 3377 ad
337 3306 414 3380 haec
429 3307 610 3402 eloquens
631 3310 731 3402 isque
748 3309 903 3380 moribus
921 3307 1188 3402 percommodis,
1209 3305 1405 3392 munificus,
1428 3308 1516 3402 pius.
1540 3307 1662 3380 Multis
1681 3309 1785 3381 rebus
1811 3288 1957 3406 ᾗξῖζθᾛθ,

158 3452 238 3502 cum
255 3428 362 3501 laude
380 3431 502 3524 gestis,
523 3431 668 3526 copiolis
686 3433 864 3504 nascentis
891 3434 1031 3504 Lomsae
1049 3430 1209 3524 Collegii,
1228 3430 1334 3502 etiarn
1362 3430 1584 3515 bibliotheca,
1609 3432 1697 3504 lecta
1723 3432 1785 3504 illa
1812 3438 1873 3489 rita.

157 3577 183 3626 a
207 3577 245 3626 se
272 3552 475 3648 diligenter,
509 3554 704 3629 liberaliter
721 3557 848 3642 auctis,
874 3558 963 3628 bene
981 3555 1028 3628 ad
1045 3555 1279 3628 aeternitatem
1296 3563 1531 3652 comparatus
1553 3557 1645 3629 diem
1663 3581 1782 3653 supre-

158 3701 255 3750 mum
272 3678 361 3750 obiit
373 3679 560 3751 Varsaviae
577 3686 703 3772 quarto
721 3703 837 3751 nonas
849 3680 1047 3774 januarias.

211 3802 331 3874 crosis
354 3801 448 3874 Socii
466 3824 580 3896 nuper
605 3800 778 3886 collocati,
801 3802 879 3897 jam
905 3825 1021 3876 rerum
1049 3801 1342 3908 Samogiticarum
1368 3825 1438 3873 non
1464 3803 1514 3874 ita
1531 3803 1720 3898 peregrini,
1742 3804 1779 3874 in
1807 3794 1953 3932 mgis&

156 3928 258 4001 lucos
276 3929 422 4002 deorum
440 3929 623 4024 gentilium
646 3931 802 4014 intimos,
823 3939 858 4002 et
876 3930 1124 4002 obscurissima
1141 3930 1429 4030 superstitionum
1446 3931 1609 4016 claustra,
1631 3955 1777 4027 sagaces
1806 3953 1903 4008 ciorum
1916 3957 1954 4011 u-

157 4051 361 4124 mortalium
381 4063 580 4138 venatores,
601 4061 844 4147 penetrarunt.
866 4055 1023 4127 Narrare
1050 4055 1119 4138 hic,
1138 4055 1215 4148 jam
1239 4053 1323 4125 alibi
1350 4053 1455 4138 dicta,
1481 4033 1778 4150 supervacaneum
1806 4033 1954 4182 ffisffl'

157 4176 207 4248 sit
233 4175 361 4270 quibus
390 4177 531 4271 quantis
560 4176 742 4249 fraudibus
777 4178 1062 4263 circumventam,
1097 4177 1180 4250 mali
1212 4177 1389 4250 daemones
1419 4178 1583 4252 miseram
1613 4179 1778 4274 simplicis

157 4300 277 4396 gentis
302 4298 521 4394 plebeculam
538 4299 653 4372 adhuc
677 4301 864 4373 tenuerint.
896 4301 1064 4374 Excussae
1090 4301 1158 4373 hoc
1182 4324 1276 4373 anno
1301 4286 1438 4374 curiose
1457 4325 1576 4374 omnes
1593 4302 1778 4376 interiores

155 4423 270 4496 hostis
287 4421 434 4496 latebrae
454 4448 462 4495 z
483 4423 704 4519 deprehensa
727 4423 846 4496 multis
872 4425 972 4510 locis,
1001 4425 1032 4496 si
1050 4448 1165 4497 mores
1179 4432 1214 4498 et
1231 4425 1421 4520 religiones
1445 4424 1586 4497 homine
1615 4425 1779 4521 indignas
1806 4445 1918 4500 Deorum

156 4554 310 4643 spectes,
343 4547 553 4619 rusticorum
569 4546 719 4620 feritas:
742 4557 894 4648 exsectae
913 4548 1094 4634 Perhun0,
1125 4550 1206 4621 Jovi
1234 4549 1284 4620 illi
1319 4548 1499 4633 lituanico,
1517 4549 1653 4623 devotae
1676 4575 1778 4644 quer·
1799 4529 1937 4583 crciatum.

156 4691 221 4742 cus
242 4694 251 4741 :
273 4667 369 4740 edita
393 4668 544 4765 insignis
570 4669 715 4743 deornm
733 4680 898 4766 strages:
920 4672 1048 4744 exinde
1073 4673 1138 4743 viri
1156 4696 1327 4767 senesque
1355 4674 1397 4744 ad
1423 4671 1671 4768 professionem
1696 4674 1777 4746 reli-

155 4792 276 4890 gionis
290 4793 438 4894 sineepae
453 4802 488 4867 et
505 4804 805 4868 sacramentorum
820 4820 921 4868 usum
936 4796 1068 4869 inducti
1090 4821 1097 4867 :
1119 4819 1243 4870 census
1261 4797 1409 4869 istorum
1428 4798 1581 4893 capitum
1593 4798 1639 4870 ad
1661 4800 1778 4893 sesqui

155 4943 222 4992 sex
247 4919 361 4991 millia
385 4919 461 4992 fuit.
487 4920 705 5015 Egregibus
729 4920 812 4992 hinc
837 4920 996 5003 Lutheri,
1013 4919 1108 4992 illinc
1140 4919 1288 5005 Caluini,
1306 4921 1446 4994 aliunde
1478 4921 1608 5007 Photii,
1635 4923 1707 4996 522
1733 4923 1779 4994 ad

154 5043 354 5116 Ecclesiam
362 5043 494 5116 Christi
502 5046 645 5138 retracti
656 5070 664 5118 ε
676 5043 852 5116 Sodalitas
866 5045 1037 5117 cultorum
1046 5044 1254 5139 B.Virginis
1264 5045 1553 5118 Mariaeiustituta
1563 5045 1596 5143 (ι)
1607 5071 1615 5118 :
1627 5045 1777 5118 infantes

201 5205 241 5284 (1)
264 5207 406 5270 Sodalitas
421 5209 554 5269 Mariana.
572 5209 662 5269 Senes
676 5210 819 5284 baptizati.
