4930 6634
675 824 784 885 LIBER
808 823 965 895 QUINTUS
985 825 1199 908 (toto-tolo).
1727 816 1788 882 257

170 1009 428 1103 sempiternam.
451 1009 584 1083 Eodem
603 1009 691 1082 abiit
719 1008 1018 1104 religiosissimae,
1048 1017 1084 1083 et
1101 1009 1138 1082 in
1155 1010 1277 1106 primis
1294 1007 1451 1082 eruditur
1468 1007 1536 1090 vir,
1557 1005 1599 1077 P.
1630 999 1788 1077 Lauren·
1812 1029 1876 1084 1620

168 1131 233 1203 tius
250 1131 414 1219 Boierus‚
436 1141 541 1229 gente
561 1135 707 1220 Sumus,
737 1133 853 1229 patria
869 1133 1178 1220 Stokholmiensis‚
1206 1135 1354 1230 poeticae
1379 1131 1465 1204 artis
1481 1130 1606 1202 laurea
1622 1127 1786 1223 insignis,

169 1276 257 1326 anno
293 1257 410 1329 aetatis
446 1253 616 1353 vigesimo
647 1264 682 1332 et
716 1267 842 1353 quarto
877 1259 913 1329 in
948 1258 1159 1332 Societatem
1193 1263 1359 1352 acceptus
1387 1282 1396 1341 ;
1429 1255 1547 1327 docuit
1575 1253 1787 1326 rhetoricam

169 1385 201 1450 et
234 1379 410 1474 poeticam
452 1404 564 1454 annos
607 1405 747 1468 novem,
786 1383 1069 1455 mathematicam
1105 1382 1285 1478 professus
1330 1379 1533 1466 triennium,
1571 1376 1787 1474 theologiam

167 1501 371 1596 polemicam
400 1526 511 1579 annos
536 1507 681 1602 aliquot.

215 1627 400 1718 VarsavIae
443 1631 612 1727 templum
654 1613 848 1722 Sociorum,
886 1635 1126 1730 imperfectum
1168 1632 1284 1705 adhuc
1319 1631 1505 1715 introrsus,
1536 1649 1630 1702 anno
1677 1628 1784 1712 1620,
1814 1598 1949 1732 v„‡{',i„

168 1748 237 1822 XII
285 1751 461 1826 kalendas
490 1755 709 1840 decembres,
746 1759 967 1832 occasionem
997 1758 1176 1853 aperiendi
1206 1763 1352 1830 eventus
1383 1755 1479 1827 dedit
1524 1753 1692 1847 tragicus.
1731 1751 1787 1824 Ad
1813 1755 1943 1824 templum

167 1875 273 1946 aedem
303 1878 498 1971 proximam
512 1879 606 1950 beati
622 1880 644 1951 ,J
648 1881 788 1965 oannis,
810 1906 914 1977 quam
931 1890 1057 1956 vocant
1076 1880 1322 1976 Collegiatam,
1343 1901 1406 1951 rex
1423 1885 1458 1952 et
1475 1900 1638 1972 proceres
1663 1877 1787 1949 diebus
1810 1848 1887 1966 ἔξω
1899 1848 1961 1904 ’μ’

166 1997 259 2071 festis
278 2003 551 2074 convectabant.
573 2003 776 2076 Praeclusus
798 2004 829 2077 is
856 2004 974 2077 aditus
999 2005 1236 2079 ecclesiastico
1255 2003 1456 2089 interdicte,
1477 2010 1620 2098 propter
1636 2003 1788 2075 immane

167 2123 310 2195 crimen.
332 2125 429 2198 Inter
455 2127 597 2198 comitia
615 2127 718 2220 regni
737 2129 931 2222 generalia,
951 2128 1138 2201 Varsaviae
1154 2128 1198 2202 de
1217 2128 1438 2223 suscipIendo
1465 2128 1634 2201 adversus
1652 2129 1787 2200 Turcas

166 2243 255 2318 bello
288 2247 421 2333 habita,
454 2249 611 2322 Michael
640 2251 885 2336 Piekarskius,
914 2251 1020 2324 homo
1040 2252 1077 2324 in
1107 2251 1239 2326 familia
1265 2251 1376 2325 nobili
1406 2252 1547 2346 quidem
1564 2258 1600 2324 et
1621 2251 1788 2346 opulenta
1814 2251 1960 2345 deesssi·

165 2377 281 2454 natus,
304 2372 366 2444 sed
387 2373 540 2467 aprima
557 2375 650 2447 idem
668 2374 820 2468 pueritia
848 2399 917 2449 non
950 2376 1039 2449 bene
1069 2377 1263 2462 institutae,
1284 2376 1330 2449 ad
1357 2377 1435 2448 baec
1460 2384 1588 2448 natura
1614 2398 1736 2448 vecors
1754 2383 1789 2447 et
1811 2331 1949 2478 {mil
1996 2435 2000 2441 .

167 2515 323 2590 praeceps
341 2497 387 2568 ad
406 2498 536 2582 omnia,
558 2507 660 2570 atrox
685 2498 795 2572 edidit
819 2498 965 2572 facinus.
988 2501 1081 2573 Huic
1107 2502 1264 2596 regendo
1293 2499 1511 2595 fortunisque
1543 2501 1616 2572 suis
1645 2498 1793 2572 admisi-s
1811 2488 1917 2620 :ffiff

166 2619 321 2691 strandis
346 2627 482 2694 tutores
511 2621 640 2717 probos
670 2647 783 2718 nuper
808 2626 1003 2720 praeposuit
1027 2649 1103 2712 rex,
1123 2637 1252 2722 rogatu
1271 2648 1414 2698 suorum
1440 2625 1590 2698 maxime
1615 2625 1785 2697 affinium.

162 2739 300 2814 Acerba
333 2743 440 2816 stulto
459 2745 526 2817 suit
543 2755 578 2819 et
597 2745 717 2841 iniqua
734 2770 778 2819 ea
798 2769 916 2821 rerum
939 2773 1080 2822 suarum
1113 2771 1207 2821 cura.
1238 2748 1331 2820 Hinc
1348 2728 1478 2820 furenti
1495 2755 1692 2844 promptum
1710 2771 1791 2820 con·

164 2869 278 2943 silium
299 2898 307 2944 :
328 2872 436 2945 XVII
467 2873 640 2947 kalendas
670 2873 886 2960 decembres,
906 2874 996 2947 festo
1017 2871 1086 2956 die,
1102 2873 1204 2958 hora,
1222 2895 1291 2968 qua
1309 2873 1440 2944 sciebat
1458 2873 1587 2944 iturum
1605 2896 1726 2968 regem
1745 2874 1790 2944 ad

161 2991 427 3092 supplicandum
461 3024 539 3072 cum
565 3000 708 3096 popule,
729 3001 774 3073 ad
792 2999 886 3073 fores
904 2997 1026 3093 templi
1052 3005 1210 3070 armatus
1236 2997 1394 3069 imminet
1420 2997 1458 3068 in
1480 2998 1699 3071 occasionem
1725 3021 1787 3072 ne·

159 3121 264 3194 candi
293 3124 485 3218 prinpris3
507 3125 714 3197 subeuntem
746 3125 827 3197 ferit
857 3129 1022 3207 rostrata,
1043 3130 1170 3218 parata
1199 3122 1245 3192 ad
1277 3123 1422 3207 caedem,
1447 3123 1567 3208 clava;
1597 3125 1660 3197 sed
1684 3125 1791 3196 ictum

158 3243 319 3333 humere,
339 3246 484 3322 fallente
508 3250 631 3344 plaga,
660 3272 764 3344 quam
787 3249 914 3322 iterata
939 3249 975 3318 vi
1002 3245 1107 3342 capiti
1125 3245 1347 3319 intentasset.
1367 3246 1543 3342 Abreptus
1560 3247 1602 3317 ad
1618 3253 1789 3320 tortorem

160 3373 353 3467 parricida.
386 3375 428 3447 In
459 3375 726 3471 quaestionibus
754 3382 885 3471 praeter
904 3373 1170 3446 confessionem
1200 3371 1297 3456 facti,
1318 3372 1470 3467 exprimi
1495 3373 1608 3469 potuit
1630 3373 1717 3445 nihil
1744 3395 1787 3446 ex

160 3497 332 3572 malefice.
372 3499 559 3575 Decretum
594 3501 802 3596 supplicium
832 3524 897 3596 per
926 3499 1049 3573 eadem
1077 3495 1233 3570 comitia.
1267 3495 1387 3568 Ferali
1422 3520 1486 3592 per
1514 3497 1636 3569 urbem
1666 3504 1788 3570 vectus

159 3624 333 3720 plaustro,
354 3651 418 3723 per
436 3629 619 3701 intervalla
641 3627 872 3702 candentibus
889 3625 1063 3697 laceratus
1082 3622 1296 3721 forcipibus;
1322 3625 1482 3720 praecisae
1501 3649 1625 3699 manus
1642 3627 1786 3722 sangui-

159 3754 295 3840 nariae;
324 3756 509 3829 concitatis
542 3756 580 3826 in
610 3755 787 3828 diversum
817 3750 915 3846 equis
945 3748 1156 3844 discerpitur
1189 3775 1197 3820 :
1234 3749 1431 3845 discerptus
1462 3751 1643 3836 exuritur;
1673 3751 1787 3822 exusti

159 3875 344 3950 cadaveris
375 3879 510 3952 cineres
527 3903 546 3952 e
565 3878 691 3952 bellico
713 3884 888 3950 tormento
919 3873 1166 3969 disploduntur
1188 3873 1265 3944 :ita
1291 3873 1404 3968 puniti
1433 3873 1528 3948 bona
1551 3875 1587 3946 in
1609 3874 1786 3971 publicum

159 4001 317 4074 addicta.
338 4002 532 4076 Clementia
551 4003 659 4097 regis,
680 4001 816 4073 veniam
842 4021 959 4093 poenae
985 3995 1077 4067 ultro
1098 4018 1163 4068 sua
1185 3997 1302 4069 dantis
1328 3997 1512 4083 sententia,
1534 3998 1628 4093 apud
1648 3999 1787 4094 judices

158 4134 388 4222 gentemque,
408 4125 605 4222 principum
624 4148 766 4198 suorum
792 4121 1083 4205 amantissimam,
1103 4119 1199 4192 nullo
1227 4143 1306 4193 eam
1324 4117 1429 4191 simili
1450 4120 1565 4193 adhuc
1583 4119 1786 4195 infamatam

159 4250 309 4336 scelere,
328 4250 447 4324 valere
473 4275 544 4323 non
569 4251 693 4346 potuit.
729 4245 973 4320 Moderatione
1003 4267 1118 4339 poeuae
1146 4244 1230 4317 hinc
1255 4267 1393 4340 quoque
1418 4245 1595 4340 parrIcida
1622 4245 1788 4342 indignus

159 4384 253 4463 erat,
275 4373 369 4471 quod
387 4374 543 4448 remedia
560 4375 684 4448 salutis
710 4381 866 4458 aeternae,
887 4392 950 4466 per
967 4377 1148 4442 curatores
1166 4370 1242 4464 ejus
1259 4372 1462 4443 sacerdotes
1480 4371 1610 4456 oblata,
1633 4372 1789 4447 obstina-

158 4507 217 4572 tus
246 4499 309 4572 diu
335 4508 530 4596 respueret,
554 4522 745 4594 necemque
773 4495 940 4593 principis
972 4495 1093 4589 optimi
1123 4518 1228 4589 quam
1258 4486 1397 4567 ieniam
1427 4495 1582 4569 criminis
1613 4499 1790 4596 vitamque

158 4645 266 4698 suam
285 4631 510 4719 praeoptaret.
532 4625 686 4697 Vocatus
704 4623 747 4695 ad
764 4622 939 4694 latronem
958 4641 977 4690 e
995 4618 1176 4690 Sociorum
1205 4617 1355 4714 collegio
1382 4619 1561 4706 sacerdos,
1586 4622 1631 4694 de
1649 4624 1790 4718 negotio

159 4746 293 4819 salutis
318 4747 542 4845 sempiternae
577 4745 890 4829 commonendum
930 4745 1026 4814 hunc
1061 4739 1122 4813 ille
1155 4751 1194 4815 ut
1232 4744 1427 4839 conspexit,
1460 4746 1645 4839 praesentis
1687 4749 1793 4819 etiam

159 4872 379 4946 conditionis
413 4897 488 4946 suae
518 4870 563 4947 ab
587 4873 642 4946 ira
668 4875 862 4955 immemor,
883 4892 991 4941 unum
1017 4867 1144 4960 quaerit
1165 4893 1173 4940 ε
1195 4869 1224 4942 si
1241 4871 1377 4944 viveret
1406 4894 1449 4943 ex
1473 4870 1601 4943 afflictu
1628 4871 1794 4946 hesterno

161 4997 432 5092 Sigismundus.
450 4997 658 5072 Affirmante
676 4996 713 5070 id
730 4998 924 5080 sacerdote,
945 4993 1107 5067 frendere
1132 4995 1205 5082 ille,
1226 5020 1358 5092 suaque
1375 5007 1561 5072 concutere
1578 5022 1700 5072 amens
1720 5002 1793 5073 vin·

161 5122 245 5196 cula
270 5145 279 5192 :
301 5121 489 5206 devovere,
518 5123 752 5196 mandandam
778 5122 945 5204 Cerbero,
966 5141 1121 5203 manum,
1146 5142 1226 5214 quae
1242 5119 1292 5198 ita
1309 5120 1364 5193 sui
1381 5120 1532 5217 impetus
1556 5123 1665 5194 animi
1685 5122 1794 5196 vires·

160 5269 232 5343 que
264 5246 471 5320 inventum
508 5245 702 5321 effudisset.
733 5248 786 5319 Ita
820 5244 987 5320 miserum
1017 5244 1200 5338 occupavit
1237 5242 1413 5332 vecordia,
1446 5253 1483 5317 ut
1515 5245 1630 5320 dirum
1655 5245 1791 5319 facinus

1632 5368 1664 5422 aa
