4930 6634
669 803 779 864 00000
802 802 943 865 saurus
965 799 1184 880 (roro-roro).
1442 821 1446 829 .
1711 799 1773 866 041

159 988 342 1062 simulacra
372 995 503 1074 erecta,
533 988 676 1060 stabant
701 987 748 1058 ad
771 1007 947 1082 pompam,
979 984 1200 1058 sacerdotum
1231 988 1267 1056 et
1295 981 1540 1078 religiosarum
1565 983 1777 1058 familiarum
1805 987 1870 1044 1⁶16

159 1113 298 1184 autibus
318 1113 547 1186 circumdata.
565 1111 765 1186 Contractae
778 1113 889 1208 copiae
904 1135 982 1184 cum
997 1110 1153 1205 equitum
1166 1119 1241 1182 tum
1258 1109 1414 1203 peditum
1428 1109 1610 1184 militares.
1631 1113 1677 1184 Et
1689 1112 1778 1207 ipsaa

158 1237 189 1308 in
213 1258 297 1308 suos
332 1235 531 1308 distributae
561 1235 702 1308 ordines
734 1258 798 1308 sua
827 1235 970 1330 pietatis
1001 1233 1130 1320 studia,
1165 1241 1329 1327 artesque
1358 1233 1404 1304 ad
1432 1234 1600 1329 triumphi
1627 1235 1779 1329 speciem

142 1359 446 1452 'accommodatas
468 1358 599 1432 eisdem
631 1359 805 1432 coelitibus
837 1358 1144 1432 commendabant.
1172 1357 1229 1429 Ad
1254 1357 1333 1430 haec
1361 1381 1433 1430 000
1460 1358 1563 1430 00100
1588 1357 1779 1452 provinciae

157 1481 253 1577 hujus
274 1481 382 1568 cives,
404 1483 466 1556 sed
497 1483 543 1556 ab
561 1481 641 1578 aliis
672 1482 776 1554 etiam
799 1483 1006 1578 regionibus
1023 1504 1203 1577 proceres,
1233 1481 1410 1566 sodahtia,
1442 1481 1621 1577 oppidani,
1646 1482 1778 1576 pagani

158 1608 364 1682 confluxere.
387 1607 480 1682 Huic
498 1605 695 1682 celebritati
711 1611 899 1704 campestri
925 1608 1084 1694 antistes,
1101 1630 1164 1682 suo
1193 1605 1400 1679 clericorum
1422 1604 1571 1699 collegio
1586 1613 1777 1699 nostroque

157 1731 350 1816 comitatus,
367 1739 559 1806 antecante
582 1733 702 1805 urbico
724 1735 948 1829 magistratu,
967 1734 1104 1807 obviam
1134 1732 1278 1828 prodiit.
1311 1729 1416 1803 Favit
1445 1729 1642 1802 celebritati
1668 1751 1779 1802 sacrae

156 1856 299 1928 coelum:
334 1858 494 1930 discussa
521 1857 684 1952 caligine,
711 1857 960 1952 dissipatisque
979 1865 1123 1952 repente
1151 1856 1316 1940 nubibus,
1346 1877 1426 1949 quae
1454 1853 1591 1925 nimbos
1620 1853 1777 1948 proxime

157 1979 375 2052 minabantur
406 1988 442 2052 et
471 1981 693 2074 grandinem.
714 1981 802 2052 Tota
832 1979 894 2052 illa
911 1982 1058 2074 regione
1084 1980 1225 2077 hymnis
1254 1979 1422 2072 festisque
1446 1978 1636 2050 tonitribus
1653 2000 1774 2073 perso·

156 2109 268 2188 nante,
290 2103 327 2176 in
343 2104 510 2199 oppidum
527 2105 634 2200 inque
652 2105 819 2199 templum
839 2104 990 2200 Collegii
1001 2103 1210 2197 'triumphus
1229 2104 1437 2176 Sanctorum
1451 2103 1666 2197 deportatus.
1688 2104 1774 2176 Inde

156 2229 301 2325 populus
319 2230 419 2303 divos
445 2233 622 2305 Zenonem
636 2239 672 2304 et
685 2231 854 2304 Theclam
868 2230 1030 2325 precibus
1047 2230 1222 2314 invocare,
1239 2237 1275 2302 01
1293 2229 1410 2302 001000
1427 2228 1630 2322 impensius,
1659 2229 1771 2301 mira-

159 2341 220 2446 que
236 2377 300 2450 per
317 2377 379 2428 eos
393 2354 459 2426 Dei
476 2353 629 2448 experiri
643 2353 828 2426 beneficia.
1676 2447 1678 2454 Ι

197 2475 521 2550 Smolenscensibus
536 2477 649 2551 Sociis
663 2477 747 2550 anni
775 2478 864 2551 1611
895 2476 996 2548 00010
1022 2474 1264 2569 quintilibusa
1281 2475 1507 2570 Sigismundo
1527 2475 1580 2547 lll
1608 2475 1646 2547 in
1663 2500 1770 2573 expu-

154 2609 257 2691 gnata
276 2623 389 2695 nuper
424 2602 511 2674 urbe
542 2603 735 2686 collocatis,
754 2624 916 2697 parcum
942 2600 1095 2672 obsessis
1120 2599 1257 2671 civibus
1281 2598 1444 2671 conditio.
1467 2600 1626 2678 Quatuor
1643 2608 1717 2688 tum
1734 2601 1772 2673 in
1795 2549 1945 2686 ppplpnpo·

155 2743 192 2792 eo
211 2723 401 2797 domicilio
416 2717 418 2722 ’
432 2725 642 2798 haerentium
662 2719 845 2799 Sociorum
874 2725 957 2818 lego
993 2724 1161 2795 nomina:
1196 2723 1346 2796 1000010
1375 2721 1565 2806 Jalovskii,
1599 2723 1771 2817 Stephani
1794 2705 1918 2842 ἓξὲξ

154 2845 299 2934 Valerii,
321 2850 477 2922 Andreae
499 2849 631 2936 Rubei,
652 2851 888 2934 sacerdotum,
908 2857 944 2922 et
960 2848 1112 2922 1000010
1130 2846 1388 2942 Chripatowicz
1406 2845 1590 2941 adjutoris.
1619 2846 1771 2920 Summis
1914 2829 1921 2844 ’

155 2972 274 3064 opibus
291 2983 538 3070 recuperatum
556 2975 655 3048 ibant
684 2976 806 3049 urbem
822 2997 917 3047 0000
939 2973 1033 3047 1606
1050 2972 1272 3056 dioscoritas,
1293 2970 1383 3044 duco
1407 2971 1587 3066 copiarum
1614 2971 1771 3046 Mastro-

153 3094 230 3186 gio;
250 3096 333 3170 huic
350 3099 441 3170 nihil
462 3098 673 3194 proficienti,
702 3107 959 3194 proptereaque
989 3099 1025 3168 in
1043 3096 1262 3168 Moscoviam
1279 3101 1455 3180 revocato,
1484 3095 1653 3168 successit
1681 3096 1770 3169 Cho-

153 3218 329 3304 vanskius,
359 3221 418 3294 isti
435 3221 639 3295 Alexander
656 3222 810 3307 Sickius‚
836 3223 957 3297 Sickio
986 3221 1138 3314 denique
1155 3218 1376 3304 Buturlinus‚
1397 3219 1565 3292 audacior
1590 3220 1710 3314 primis
1729 3243 1771 3294 00

151 3339 306 3418 10000100.
330 3346 482 3419 Frustra
517 3347 652 3442 singuli
669 3346 840 3420 adversus
866 3353 1045 3420 nostrates
1063 3346 1122 3417 diu
1152 3345 1340 3440 periclitati
1358 3351 1394 3416 01
1409 3345 1503 3416 01000
1531 3352 1565 3418 01
1593 3353 1703 3430 00100,
1724 3345 1771 3417 ad

151 3476 339 3542 extremum
354 3469 401 3541 ab
427 3469 639 3565 imperatore
662 3471 836 3544 exercitus
859 3469 1049 3554 Lituanici,
1069 3469 1091 3540 J
1095 3490 1210 3540 oanne
1240 3468 1368 3541 carolo
1386 3468 1649 3555 Ghodkievicio,
1670 3468 1769 3562 adju·

150 3599 251 3664 vante
274 3593 483 3665 Alexandro
502 3593 654 3666 Corvino
678 3594 900 3676 (1001000110,
933 3616 1016 3688 pars
1047 3593 1131 3666 caesi
1160 3615 1243 3687 pars
1277 3593 1313 3664 in
1340 3616 1423 3666 suas
1453 3593 1618 3688 regiones
1636 3592 1766 3678 aversi,

147 3711 310 3808 legitimis
328 3739 394 3788 sua
424 3717 574 3788 dominis
605 3717 793 3812 reliquere.
826 3717 991 3813 Depulsis
1016 3715 1191 3801 hostibus,
1212 3717 1307 3789 cives
1338 3716 1547 3791 Smolenscii
1572 3716 1633 3788 diu
1655 3739 1764 3812 oppu-

147 3840 242 3930 gnati
256 3841 300 3911 ab
314 3840 487 3925 hostibus,
505 3863 599 3912 anno
625 3842 717 3915 1607
734 3842 965 3937 respirarent.
989 3842 1086 3913 10100
1099 3863 1143 3914 00
1161 3840 1288 3912 ducum
1307 3841 1517 3913 nostratium
1533 3865 1611 3913 cum
1631 3840 1765 3912 Moscis

146 3963 286 4056 negotia
302 3963 463 4057 religiosi
478 3965 590 4037 000101
605 3966 784 4059 antistites
802 3966 848 4039 de
860 3964 975 4038 001010
1002 3965 1119 4058 gentis
1144 3964 1302 4059 ejusdem
1320 3971 1355 4036 01
1372 3963 1499 4049 modis,
1520 3963 1658 4059 quibus,
1679 3964 1763 4036 aba·
1789 4031 1817 4086 M
1851 3955 1900 4089 2⁸11

144 4082 261 4160 lienati
282 4111 346 4182 par
366 4089 581 4162 Photianum
606 4090 759 4162 schisma
777 4089 823 4161 ab
843 4087 1017 4174 Ecclesia,
1039 4087 1268 4182 graecisantcs
1289 4090 1422 4163 Ruteni
1439 4089 1710 4163 reconcilientur
1727 4091 1761 4162 10
1787 4049 1935 4169 stillicida·

143 4211 305 4301 gratiam,
326 4211 542 4285 consultant.
577 4213 812 4285 Monasticam
839 4212 875 4284 in
892 4211 1015 4305 primis
1032 4210 1309 4298 Basilianorum,
1342 4213 1492 4308 quisuis
1521 4213 1623 4308 probi
1644 4223 1764 4288 essent
1788 4189 1877 4323 Q
1889 4207 1935 4323 pp

142 4331 289 4406 Rutenis
307 4335 470 4430 magistri
488 4357 530 4408 ac
561 4335 679 4420 duces,
713 4335 970 4409 exolescentem
986 4334 1059 4428 jam
1090 4335 1310 4431 disciplinam
1333 4337 1511 4431 Josephus
1539 4335 1758 4423 Velaminus,
1787 4348 1933 4404 01000000.

142 4459 428 4554 metropolitanus
446 4461 669 4534 Rutenorum
686 4462 848 4545 antistes,
869 4460 1036 4532 censebat
1049 4481 1128 4532 esse
1141 4459 1419 4532 instaurandam.
1442 4459 1484 4532 ld
1499 4469 1620 4535 autem
1637 4462 1763 4556 quibus

140 4580 206 4654 viis
235 4584 401 4678 consequi
430 4591 588 4678 possent,
617 4607 654 4656 00
690 4608 760 4656 000
790 4583 931 4655 videre:
952 4582 1021 4654 0101
1055 4581 1144 4656 10010
1175 4582 1331 4669 aliunde,
1353 4607 1372 4656 0
1394 4582 1570 4678 religiosis
1598 4585 1658 4680 qui
1687 4593 1760 4657 turn

140 4697 302 4776 florerent
315 4705 466 4778 maxime
484 4707 656 4780 doctrinae
669 4717 705 4781 et
727 4707 968 4780 sanctimoniae
985 4696 1163 4792 laudibus,
1192 4706 1265 4779 suis
1292 4707 1556 4802 praeficerentur
1575 4709 1757 4793 coenobiis,

140 4821 255 4898 idonei
271 4851 349 4900 cum
367 4829 489 4923 primis
512 4831 685 4903 tironibus
703 4830 785 4903 vitae
803 4838 838 4903 01
853 4853 989 4902 morum
1014 4829 1176 4924 magistri
1189 4829 1359 4925 ,placere
1377 4831 1446 4904 sibi
1464 4832 1652 4905 Societatis
1669 4834 1691 4906 J
1695 4857 1759 4906 esu

140 4946 347 5037 institutum,
368 4975 498 5038 mores,
515 4954 723 5038 doctrinam,
741 4954 967 5049 magisteria;
987 4955 1133 5026 istorum
1147 4955 1327 5027 hominum
1349 4978 1494 5051 operam
1514 4980 1594 5031 0000
1620 4966 1759 5032 100100-

140 5072 240 5146 dam:
261 5076 292 5148 si
304 5079 522 5150 assenserint
539 5078 728 5173 collegium
742 5079 777 5149 in
796 5079 917 5174 primis
933 5080 1099 5174 frequens
1110 5079 1263 5152 tironum
1276 5081 1411 5176 Bytinii
1425 5083 1589 5156 charitati
1602 5084 1758 5179 ipsorum

142 5205 176 5270 01
193 5197 376 5275 industriae
395 5205 722 5277 commendandum.
746 5203 903 5276 Assensu
922 5211 1217 5298 congregatorum
1235 5204 1390 5278 omnium
1420 5213 1567 5300 excepta
1582 5216 1756 5303 metropo-
