4896 6650
685 819 795 883 LIBER
815 821 969 883 TERTIUS
992 823 1201 898 (teto-1590).
1731 825 1771 889 95

2 1019 3 1028 “
143 1004 290 1094 eratque
305 999 455 1072 Moscho
473 997 645 1074 foederum
666 1002 806 1098 religio,
826 1001 953 1098 legatis
978 1001 1093 1096 datur)
1110 1005 1156 1114 ab
1180 1004 1276 1078 mille
1301 1005 1447 1079 ducenis
1477 1005 1665 1101 peditibus,
1686 1013 1769 1080 ante
1802 1023 1864 1078 1581

2 1177 3 1180 =
146 1128 378 1202 decumanam
408 1129 506 1204 urbis
530 1139 670 1226 portam
699 1134 862 1208 adventui
893 1132 1168 1228 opperientibus,
1189 1133 1349 1227 serieque
1378 1138 1548 1227 perpetua
1576 1131 1769 1227 dispositis,

2 1311 3 1326 .
145 1273 321 1324 concursu
339 1253 460 1347 populi
476 1254 641 1340 maximo,
663 1256 897 1330 bellicishinc
914 1255 1010 1326 illinc
1032 1255 1204 1327 machinis
1222 1256 1437 1340 tonantibus,
1461 1254 1771 1328 acclamationibus

143 1373 266 1468 populi
283 1375 424 1461 faustis,
445 1373 597 1471 undique
625 1379 787 1451 omnibus
811 1379 986 1474 hospitem
1014 1378 1284 1464 celebrantibus,
1307 1378 1550 1454 Smolenscum
1566 1378 1768 1452 introducit.
1805 1385 1951 1478 Smpleusci

145 1498 211 1570 Eat
238 1521 280 1570 ea
304 1499 391 1572 urbs
420 1501 490 1573 sita
515 1495 552 1574 in
577 1502 670 1574 valle
696 1503 743 1576 ad
768 1503 913 1576 fluvium
942 1479 1214 1598 Borysthenem,
1248 1502 1357 1598 sylvis
1391 1502 1506 1575 cincta
1528 1510 1564 1574 et
1597 1501 1770 1588 collibue;
1801 1465 1945 1600 ffiffiffl

145 1622 331 1715 opulente,
350 1630 387 1696 et
413 1645 476 1718 pro
498 1643 542 1698 ea
566 1633 775 1720 tempestate
801 1628 887 1699 satis
904 1626 1040 1699 munita
1060 1650 1068 1696 :
1090 1632 1196 1719 caput
1217 1625 1408 1720 provinciae
1434 1625 1673 1720 amplissimae,
1695 1647 1775 1720 quae
1803 1622 1953 1692 descriptio.

145 1745 300 1817 civitatis
319 1747 463 1820 nomine
488 1749 687 1843 appellatur
703 1751 933 1824 Smolenscia.
963 1750 1049 1822 Tria
1067 1750 1195 1844 oppida
1224 1750 1404 1845 praecipua
1427 1758 1561 1822 tractus
1592 1749 1651 1822 ille
1681 1771 1776 1820 com·

145 1871 338 1964 plectitur-3
359 1872 573 1958 Viessmam,
593 1875 835 1959 Dorohubum,
856 1881 903 1958 et,
924 1873 1024 1967 cujus
1053 1874 1163 1968 ipsius
1194 1873 1356 1945 dioecesis
1385 1871 1579 1966 amplitudo
1598 1871 1776 1944 Ludovico

148 1995 346 2070 Gotoiredo
376 1998 631 2092 cosmographo
661 1999 770 2093 longa
796 2006 850 2071 eet
874 1997 994 2070 leucas
1023 2004 1214 2080 trecentas,
1242 1996 1317 2068 lata
1340 1995 1415 2068 fere
1441 1995 1597 2081 totidem,
1628 1995 1778 2067 Mosais·

146 2142 242 2191 cum.
271 2119 407 2193 Urbem
434 2127 472 2192 et
502 2107 614 2194 totam
654 2122 908 2194 Smolensoiam
948 2121 1105 2194 Basilius
1141 2121 1203 2205 lV,
1232 2120 1435 2193 Moscorum
1462 2120 1555 2200 Dux.
1591 2118 1774 2192 fraudibus

145 2246 340 2341 proditoris
356 2246 545 2320 Michaelis
572 2245 727 2321 Glinslrii
756 2248 980 2321 mareschalli
1003 2248 1183 2321 Lituaniee
1211 2246 1365 2340 adjutus,
1385 2244 1588 2318 Alexandro
1615 2245 1776 2318 Poloniae

145 2374 226 2468 regi
253 2373 395 2466 eripuit.
426 2372 631 2446 Smolensco
658 2372 874 2446 Possevinus
901 2371 1136 2467 Starzyciam,
1157 2371 1217 2442 ubi
1234 2377 1309 2442 tum
1334 2371 1356 2443 J
1360 2391 1493 2443 oannes
1521 2371 1573 2442 M.
1604 2370 1684 2442 Dux
1702 2393 1779 2444 ver-

149 2495 309 2580 sabatur,
342 2515 509 2590 passuum
542 2495 858 2590 quadrigentorum
883 2494 1030 2566 millium
1060 2495 1187 2565 itinere
1217 2493 1390 2587 pervenit.
1414 2492 1606 2566 Castellum
1634 2494 1702 2566 hoc
1731 2493 1777 2566 ad

148 2617 304 2712 Volgum
316 2618 430 2713 jacet,
456 2616 600 2689 fluvium
631 2615 772 2712 scriptis
803 2617 1089 2714 geographorum
1120 2624 1155 2689 et
1173 2617 1360 2689 Persarum
1389 2616 1562 2690 mercibus
1591 2617 1774 2713 inclytum,

147 2740 345 2816 Ptolomaeo
380 2744 477 2829 Rha,
510 2742 603 2816 Edel
633 2744 794 2816 Tartaris
829 2745 973 2818 dictum.
1011 2744 1065 2816 Eo
1096 2743 1323 2826 Possevinus,
1360 2749 1598 2814 trecentorum
1623 2743 1778 2836 equiturn

151 2870 380 2944 ornatissimo
408 2869 589 2955 comitatu,
610 2869 717 2942 misso
747 2889 770 2941 a
799 2872 934 2966 Magno
961 2872 1068 2949 Duce,
1089 2869 1251 2962 stipatus,
1272 2867 1341 2939 XV
1364 2864 1537 2938 kalendas
1562 2866 1778 2960 septembres

148 3019 231 3069 cum
255 3001 409 3090 quatuor
434 2995 548 3068 Sociis
574 3015 612 3068 se
638 2993 798 3068 contulit.
826 2995 895 3067 Hic
911 3017 989 3079 nos,
1011 2990 1293 3089 quandoquidem
1318 2988 1510 3073 narrando,
1544 2988 1775 3061 Possevinum

148 3142 193 3191 ex
239 3117 408 3190 Litnenia
442 3119 479 3190 in
509 3120 677 3192 Russiam
703 3139 813 3215 usque
845 3117 1113 3192 Moscoviticam
1147 3113 1272 3194 secuti,
1303 3113 1445 3207 longius
1479 3110 1584 3206 paulo
1617 3134 1640 3183 a
1670 3111 1775 3184 rebus

150 3243 289 3314 nostris
313 3244 470 3337 provecti
497 3266 628 3327 sumus,
653 3250 840 3338 antequam
858 3244 904 3316 ad
921 3243 1119 3314 institutum
1137 3238 1357 3320 redierimus,
1379 3235 1423 3308 de
1440 3234 1679 3330 hospitalitate
1700 3237 1775 3331 ejus

148 3367 281 3439 vicinae
310 3366 415 3439 nobis
449 3367 565 3461 gentis
590 3367 835 3462 moribusque,
862 3367 939 3461 Jam
964 3363 1106 3436 neniis
1137 3361 1300 3444 omnino,
1337 3359 1463 3454 quibus
1491 3357 1593 3431 hodie
1624 3361 1774 3454 praedita

146 3495 361 3588 suspicitur,
383 3493 533 3589 paucula
557 3517 601 3566 ex
626 3495 753 3566 annuis
777 3493 905 3567 litteris
930 3510 1191 3590 persequemur.

197 3617 386 3690 Maturius
405 3641 427 3688 a
445 3617 533 3712 duce
559 3641 602 3689 ex
623 3615 706 3688 aula
723 3617 833 3700 missi,
862 3613 1018 3688 Michael
1042 3609 1247 3692 Unonorus,
1267 3609 1469 3681 Victoroius
1493 3609 1716 3694 Strachorus,
1737 3616 1774 3681 et
1800 3641 1940 3712 smmi,

147 3741 279 3813 Simon
303 3739 519 3826 Potniades,
556 3750 662 3835 atque
687 3739 740 3811 illi
772 3746 1009 3813 trecentorum
1045 3737 1208 3807 ductores
1239 3732 1408 3826 equitum,
1435 3733 1481 3803 ad
1511 3732 1632 3805 luxum
1661 3753 1771 3826 usque
1799 3725 1916 3793 negatus

146 3869 254 3952 lauti,
274 3866 445 3962 legatum,
464 3868 525 3941 ubi
543 3889 581 3941 se
605 3866 744 3950 obtulit,
764 3887 827 3960 pro
854 3885 892 3936 se
918 3863 1065 3957 quisque
1082 3859 1253 3934 honorem
1270 3856 1457 3928 verborum
1483 3855 1771 3929 innumerabiles·
1797 3806 1936 3874 mmm

145 4011 220 4085 que
237 3989 406 4085 principis
432 3988 487 4059 sui
513 3984 634 4058 titulos
660 4009 757 4059 more
783 3987 899 4082 gentis
926 4009 1000 4058 suae
1029 3985 1181 4081 praelati,
1202 3984 1437 4069 consalutant,
1465 4007 1508 4057 ac
1533 3987 1666 4080 primus
1696 3986 1771 4080 qui·

145 4114 232 4184 dem
266 4137 275 4182 ε
315 4140 331 4174 «ι
362 4111 507 4194 Antoni,
539 4109 665 4203 inq'uit,
696 4134 847 4205 magnus
884 4113 950 4184 Dei
986 4112 1102 4205 gratia
1131 4111 1310 4205 hospodar
1345 4111 1426 4195 (lar,
1459 4119 1564 4205 atque
1593 4111 1646 4183 M.
1676 4112 1767 4195 Dux,

150 4267 168 4297 κ
190 4235 216 4308 J
221 4259 354 4310 oannes
383 4225 572 4319 Basilides
592 4235 700 4307 totius
727 4235 882 4322 Bossia,
907 4235 1165 4320 Volodimiriee,
1196 4234 1401 4320 Moscoviae,
1435 4234 1688 4329 Novogardiee‚
1710 4235 1773 4307 Ca-

148 4395 166 4426 «
189 4352 319 4449 sanias,
339 4363 597 4446 Astrachaniae‚
618 4364 780 4436 dominus
812 4362 1016 4446 Plescoviae,
1041 4367 1147 4455 atque
1174 4361 1226 4432 M.
1256 4361 1327 4433 dux
1353 4361 1593 4445 Smolensciee,
1613 4360 1767 4444 Treriae,

146 4519 165 4550 κ
193 4489 381 4582 Tuguriae,
414 4487 577 4572 Formiae,
609 4487 746 4560 Viatoee
772 4493 837 4561 etc.
868 4485 1029 4557 dominus
1056 4493 1092 4556 et
1116 4484 1169 4555 M.
1199 4484 1270 4554 dux
1306 4483 1490 4576 interiorisw
1515 4482 1769 4578 Novogardiee‚

147 4645 165 4674 a
189 4611 468 4697 Czernichoviae,
493 4613 690 4698 Rostoviee,
710 4611 889 4694 Resaniae‚
909 4609 1133 4692 Jarostaviae,
1155 4607 1329 4692 nivonis,
1355 4608 1514 4693 Udones,
1541 4610 1716 4694 Obdoriee,
1737 4619 1773 4682 et

146 4767 165 4798 a
188 4737 304 4808 totius
328 4737 485 4832 regionis
503 4737 654 4828 siberiae
679 4745 714 4810 et
740 4738 895 4810 Severiee
918 4737 1130 4818 dominator,
1152 4733 1291 4827 quaerit,
1320 4733 1372 4804 uti
1398 4733 1515 4806 valeat
1531 4736 1772 4809 sanctissimus

146 4892 166 4922 a
189 4867 295 4956 pater
321 4859 517 4954 Gregorius
542 4860 634 4932 Xlll
661 4861 761 4956 Papa
778 4864 972 4937 Romanus.
994 4864 1104 4948 Bene,
1133 4863 1324 4957 respondet
1345 4863 1497 4958 legatus,
1516 4889 1596 4961 quae
1622 4867 1710 4939 Deo·
1727 4870 1773 4942 sit

146 5017 164 5048 ι
191 4984 326 5079 gratia.
352 4983 443 5056 Tum
468 4983 556 5056 alter
582 4983 704 5056 eadem
731 4986 913 5059 titulorum
930 4987 1099 5081 principis
1127 4989 1182 5059 sui
1199 4988 1332 5083 jugera
1357 5012 1551 5074 remensus,
1579 4999 1684 5086 rogat
1704 5019 1712 5064 :
1732 5003 1771 5066 ut

146 5147 165 5177 a
189 5115 401 5208 equitaverit
426 5115 576 5211 hospes;
604 5116 666 5198 ita,
695 5115 842 5208 reponit,
867 5115 1040 5209 Magnum
1069 5115 1202 5188 Ducem
1234 5116 1329 5190 Deus
1356 5126 1472 5190 servet
1498 5118 1716 5190 incolumem.
1748 5153 1766 5184 ω

142 5238 418 5332 Antiquioribus
435 5239 595 5310 nimirum
610 5237 735 5311 Rossis
760 5238 797 5309 in
824 5237 918 5309 omni
945 5238 1020 5312 fere
1045 5239 1256 5311 salutatione
1282 5241 1412 5312 eisdem
1438 5241 1771 5335 interrogationibus
