4930 6634
722 847 830 906 moun
854 847 1022 908 ocruvus
1044 849 1259 924 (roso-roro).
1757 841 1817 906 305

184 1028 366 1101 munitus:
386 1050 450 1122 per
478 1030 638 1102 nuntium
663 1031 896 1125 apostolicum
913 1053 935 1102 a
953 1031 1055 1104 noxis
1080 1030 1289 1102 absolutus:
1318 1027 1565 1101 assistentibus
1592 1048 1612 1098 e
1638 1024 1817 1098 Societate
1845 1039 1908 1094 1632

185 1152 375 1246 theologis,
391 1153 485 1226 inter
504 1153 726 1226 sacerdotum
740 1178 879 1240 manus,
901 1156 1167 1250 religiosissime
1186 1156 1261 1227 Deo
1279 1178 1317 1226 se
1334 1176 1397 1248 per
1411 1153 1528 1224 omnia
1544 1151 1687 1246 pietatis
1703 1147 1818 1220 officia

184 1278 446 1362 commendans,
461 1278 553 1350 iuter
568 1279 734 1352 mortales
748 1303 856 1374 agere
870 1280 975 1352 desiit
987 1303 1079 1352 anno
1094 1280 1210 1351 aetatis
1225 1301 1300 1350 suae
1314 1286 1413 1349 sexto
1425 1299 1532 1370 supra
1543 1275 1814 1368 sexagesimum,

184 1405 288 1498 regni
310 1403 445 1488 XLIV,
471 1404 635 1478 kalendis
653 1405 769 1490 maiis,
791 1407 879 1478 hora
894 1407 939 1477 ab
958 1405 1121 1478 umbilico
1140 1404 1254 1476 noctis
1268 1403 1407 1475 circiter
1425 1402 1590 1473 secunda.
1612 1398 1719 1470 Multi
1732 1396 1816 1468 scri·
1921 1417 1926 1424 ·

183 1536 304 1622 ptores
330 1529 374 1600 de
400 1529 627 1622 sigismundo
641 1530 814 1624 praeclara
839 1531 951 1602 multa
968 1530 1168 1624 prodidere,
1184 1529 1220 1599 in
1234 1528 1290 1598 his
1311 1524 1583 1598 candidissimus
1610 1522 1813 1605 historicus,

185 1651 386 1724 Stanislaus
404 1653 696 1749 Kobierzyckius,
719 1653 982 1726 Gedanensium
996 1652 1225 1735 castellanus
1246 1657 1475 1745 posteaquam
1493 1648 1602 1718 vitam
1616 1646 1816 1739 exitumque

183 1776 271 1847 boni
287 1776 456 1871 principis
474 1778 631 1850 laudavit
648 1803 656 1850 :
679 1811 694 1840 u
711 1784 749 1848 Is
769 1785 841 1866 fuit
862 1785 992 1860 entius,
1012 1779 1123 1872 inquit
1153 1783 1200 1860 (¹),
1228 1781 1333 1866 Repis
1357 1781 1482 1864 optimi
1500 1779 1740 1862 maorimique,¹
1758 1775 1817 1841 cui
1841 1803 1990 1860 Lamp,

187 1923 205 1954 «
220 1897 335 1980 pietas
361 1897 404 1963 ob
432 1898 550 1964 diuini
573 1900 701 1970 cuitus.
733 1900 897 1966 Caelitum
922 1900 1094 1965 emimiam
1117 1898 1390 1973 uenerationem,
1409 1895 1538 1962 veteris
1554 1912 1597 1960 ec
1611 1893 1817 1960 ortboduaeae

186 2043 203 2074 ιι
220 2016 405 2100 retipionis
419 2018 673 2102 patrocinium,
692 2017 859 2084 basilicas
874 2018 1016 2101 magnis
1041 2018 1211 2101 impensis
1228 2021 1375 2088 erectas,
1396 2014 1542 2098 cottepia
1556 2011 1816 2095 coenobiaqueu

186 2136 464 2217 «fundamentis
487 2139 653 2210 emcitata.
680 2156 836 2220 perenne
857 2136 972 2204 eremit
998 2136 1227 2201 mausoleum.
1244 2134 1392 2201 iustitia
1418 2134 1517 2199 tunae
1534 2149 1636 2216 aequa
1660 2131 1817 2197 admini-

186 2283 202 2313 ι
219 2261 334 2322 strata
356 2257 395 2322 in
412 2258 575 2342 judiciis,
604 2258 643 2324 in
663 2256 857 2324 bonoribus
884 2255 1144 2322 distribuendis
1170 2255 1509 2344 magistratibusque
1540 2253 1741 2334 deserendis
1769 2253 1817 2320 ad

186 2404 202 2434 α
218 2379 393 2444 amussim
417 2377 613 2450 obseruata.
641 2378 690 2444 ad
713 2383 938 2461 posterorum
965 2377 1175 2442 memoriam
1201 2376 1326 2442 statuit
1353 2373 1395 2458 (⁵2)
1422 2374 1592 2439 colossum
1606 2401 1615 2438 .·
1631 2371 1816 2438 clementia

185 2521 203 2552 ιι
218 2494 486 2581 benignitasque
500 2498 679 2564 seditiosis
690 2501 965 2564 commonstrata
977 2495 1122 2575 civibus,
1140 2496 1254 2580 captis
1266 2495 1436 2577 victisque
1450 2493 1633 2560 declarata
1647 2492 1814 2570 hostibus,

186 2642 202 2674 α
215 2617 421 2701 promptior
435 2617 615 2701 beneficiis
639 2636 830 2694 amoenare,
858 2634 963 2699 quam
985 2617 1024 2680 in
1046 2614 1242 2682 vindictam
1258 2633 1450 2698 assurpere
1478 2613 1586 2698 Repis
1600 2613 1743 2679 animus
1758 2631 1816 2696 pe-

185 2759 203 2790 «
219 2739 458 2801 renuaturum
485 2736 664 2804 eottoeauit
680 2735 889 2820 tropaeum.
912 2735 1011 2800 Betta
1034 2752 1206 2819 prospere
1230 2733 1500 2807 administrata,
1528 2732 1684 2800 obtentas
1710 2733 1817 2799 nicto·

185 2879 202 2909 a
220 2856 308 2933 ries,
324 2858 523 2938 reportetos
548 2854 759 2939 triumphos,
778 2853 906 2918 timites
932 2852 1090 2919 Potaniae
1114 2858 1276 2918 eatensos
1287 2852 1524 2938 protatosqua
1555 2851 1709 2936 integris
1725 2852 1816 2918 seri·

185 2997 202 3028 «
217 2976 363 3056 ptorum
390 2973 551 3058 relinquo
578 2972 826 3040 voluminibus.
855 2973 911 3040 Ad
939 2979 1150 3050 entremum,
1181 2974 1284 3058 repni
1308 2973 1442 3058 senique
1469 2977 1660 3038 maturus:
1684 2974 1816 3059 quippe

185 3117 203 3147 α
219 3090 461 3176 quodraginta
475 3096 629 3176 quatuor
641 3094 747 3157 annis
761 3110 871 3178 regno
886 3094 1068 3176 impensis,
1081 3092 1379 3177 quadragesimus
1391 3092 1466 3175 ipse
1477 3095 1626 3175 quartus
1639 3092 1677 3157 in
1689 3110 1815 3176 repam

183 3212 323 3302 eserie,
342 3210 503 3276 omnium
526 3211 680 3295 nouauit
707 3222 769 3278 aut
788 3212 915 3295 junruit
939 3212 1104 3296 pieriam.
1125 3211 1274 3278 Statura
1298 3211 1370 3294 fuit
1387 3211 1500 3294 justa,
1520 3211 1616 3294 facie
1639 3212 1812 3295 formosa,
1839 3255 1989 3326 Descriptio

184 3359 201 3390 α
217 3332 332 3400 actore
359 3331 522 3410 candido,
536 3331 639 3417 penis
668 3333 848 3416 etepanter
870 3333 1227 3422 purpurascentibus,
1254 3349 1341 3397 naso
1365 3330 1535 3415 aquilino,
1560 3349 1671 3416 neque
1696 3335 1814 3398 tamen
1837 3333 1956 3390 habitus·

180 3479 197 3510 α
215 3451 369 3517 nimium
393 3450 660 3534 protuberante,
678 3452 789 3517 ocutis
810 3451 1007 3537 subnipris,
1024 3453 1152 3538 capitio
1181 3443 1371 3536 antequam
1394 3457 1595 3517 canesceret
1622 3450 1813 3535 subfusco.-

179 3598 197 3629 α
215 3591 237 3638 e
257 3571 358 3637 cuttu
378 3570 482 3637 decor
496 3571 731 3655 majestasque
742 3571 937 3652 eminebat;
954 3592 1032 3658 quae
1053 3592 1122 3640 rson
1144 3573 1331 3659 indigenas
1345 3571 1458 3648 modo,
1475 3571 1537 3638 sed
1551 3576 1692 3638 eeteros
1707 3573 1815 3640 etiam

180 3718 198 3748 α
218 3689 266 3757 ad
282 3690 521 3755 reverentiam
548 3683 607 3756 se!
622 3698 854 3776 permoveret.
873 3695 1032 3781 Denique
1055 3695 1177 3780 forma
1204 3697 1263 3762 sui
1288 3695 1455 3780 temporis
1481 3714 1607 3781 regum
1632 3695 1814 3781 princeps,

178 3841 196 3872 ιι
216 3819 320 3882 etan
332 3819 448 3898 peter,
468 3813 573 3880 rebus
587 3815 695 3900 pestis
710 3815 946 3895 clarissimus,
963 3834 1057 3883 anno
1073 3817 1155 3882 uita
1171 3817 1393 3901 senapesimo
1408 3821 1506 3882 sento
1522 3815 1679 3882 decessit.
1700 3843 1716 3874 u

230 3939 264 4011 A
280 3937 560 4010 confessionibus
574 3938 741 4032 theologo
755 3962 775 4011 e
790 3938 967 4012 Societate
985 3947 1189 4013 constanter
1202 3939 1380 4014 utebatur.
1399 3926 1533 4012 Diebus
1547 3939 1638 4012 divae
1651 3939 1817 4036 Parentis

175 4064 342 4158 Virginis
360 4065 461 4137 festis
478 4064 619 4160 pietatis
637 4063 760 4138 officiis
783 4066 933 4138 vacabat
945 4064 1150 4161 impensius.
1171 4065 1312 4140 Accidit
1329 4075 1448 4140 autem
1464 4067 1662 4154 Varsaviae‚
1681 4077 1719 4141 ut
1732 4093 1816 4144 suus

172 4191 292 4264 animi
300 4189 534 4263 auricularius
548 4189 682 4262 arbiter
695 4189 731 4261 in
745 4189 895 4286 collegio
910 4191 1091 4264 Sociorum
1101 4192 1222 4264 morbo
1239 4193 1475 4278 decumberet,
1487 4191 1537 4265 lV
1551 4217 1660 4266 nonas
1673 4194 1813 4268 februa·
1839 4221 1931 4278 Pietas
1945 4222 1986 4278 sr-

173 4315 268 4401 rias,
289 4337 393 4387 sacra
410 4313 489 4386 luce
507 4313 649 4409 Virgini
671 4314 803 4386 Beatae.
826 4315 879 4386 Eo
899 4313 956 4387 die
974 4316 1055 4387 visit
1067 4316 1247 4410 jacentem
1264 4340 1349 4402 rex;
1367 4317 1417 4389 ibi
1433 4316 1481 4388 ad
1498 4317 1669 4412 spondam
1683 4317 1814 4391 infirmi
1839 4301 1986 4433 {tifflffl

173 4439 392 4534 provolutus
419 4439 456 4510 in
485 4461 618 4534 genua,
646 4439 722 4511 Deo
740 4438 854 4534 judici
879 4462 943 4512 suo
962 4439 1005 4512 de
1031 4440 1132 4511 noxis
1157 4441 1246 4524 suis,
1272 4439 1349 4512 'ritu
1377 4464 1454 4523 suo,
1479 4441 1660 4514 humiliter
1682 4441 1815 4516 scilicet
1838 4459 1893 4511 ns.

174 4565 429 4661 dolenterque,
465 4587 503 4637 se
537 4563 729 4637 accusavit.
760 4565 814 4636 lta
842 4564 889 4634 ad
920 4564 1086 4636 virtutem
1113 4563 1279 4636 nimirum
1308 4588 1331 4636 a
1357 4587 1467 4661 puero
1489 4566 1673 4639 institutus
1710 4575 1810 4642 erat:

175 4699 310 4762 nactus
326 4698 402 4762 tum
420 4696 602 4786 parentem
627 4688 721 4785 piam
746 4688 790 4760 de
825 4688 927 4759 domo
955 4689 1055 4782 regia
1073 4688 1289 4761 Polonorum
1314 4689 1538 4784 Jagellonica
1569 4689 1810 4778 catharinam,

169 4827 258 4888 tum
287 4823 526 4911 praeceptoros
555 4813 699 4909 probos,
736 4811 773 4883 in
811 4813 938 4906 quibus
980 4811 1113 4907 primus
1149 4811 1214 4884 fuit
1253 4821 1372 4885 noster
1415 4813 1615 4886 Stanislaus
1664 4815 1812 4888 Varsne·

169 4937 337 5012 vickius.
359 4937 530 5010 Probavit
552 4935 610 5010 hic
639 4960 703 5008 suo
740 4936 914 5031 exemplo,
952 4937 1044 5030 quod
1075 4936 1127 5008 ait
1157 4936 1260 5008 Plato
1284 4943 1366 5008 :Ad
1399 4942 1520 5027 quotie
1551 4942 1630 5026 quis
1659 4943 1699 5010 in
1721 4963 1814 5030 pne-

169 5069 273 5135 ritia
312 5066 525 5148 incubuerit,
541 5065 627 5134 tatia
649 5071 681 5132 et
702 5085 780 5151 quae
795 5070 1004 5149 sequuntur,
1022 5067 1115 5147 fore.
1136 5061 1158 5132 J
1162 5068 1242 5132 usta
1265 5061 1415 5156 principi
1441 5085 1506 5134 suo
1537 5063 1719 5135 carissimo
1751 5087 1815 5159 per

221 5226 274 5302 (1)
298 5225 408 5286 Histoe.
427 5225 544 5286 vladist.
564 5226 610 5284 lV.
626 5225 658 5284 L.
674 5225 723 5293 lll,
739 5241 807 5305 pag.
825 5226 893 5285 948.
905 5256 944 5266 -
962 5224 1002 5302 (t)
1026 5223 1166 5288 Varsavin
1181 5227 1209 5286 in
1224 5229 1287 5285 toro
1301 5226 1393 5300 posita
1412 5225 1581 5300 sigismundi
1598 5233 1702 5286 statua.

1682 5353 1715 5410 39
