4948 6654
696 747 754 813 178
1059 749 1334 810 LITUANICIIIIUM
1358 747 1571 812 SOCIETA'IIS
1592 751 1677 812 JliSU
1699 748 1952 813 HISTORIARUM

524 949 589 1004 1596
696 959 714 991 κ
736 954 816 1004 nem
832 932 908 1026 regi
934 936 1057 1002 nostro
1074 931 1283 1026 proditionis
1301 931 1440 1004 nomine
1459 940 1677 1027 suspectum;
1694 933 1754 1026 qui
1782 932 2016 1026 nuperrimee
2034 932 2311 1005 carcerariorum

696 1083 713 1114 a
736 1055 895 1127 manibus
912 1054 1131 1148 virgatorum
1146 1055 1285 1149 elapsus
1299 1055 1357 1138 sit,
1377 1055 1573 1141 bucaedam,
1590 1055 1957 1128 maledicentissimum
1980 1076 2092 1127 sacrae
2117 1056 2311 1150 majestatis

696 1207 712 1239 κ
735 1179 884 1276 (qualem
902 1201 940 1250 se
953 1178 1029 1272 ipse
1047 1201 1157 1273 nuper
1175 1179 1274 1250 vobis
1288 1179 1447 1273 probavit
1464 1179 1593 1275 coram)
1612 1179 1894 1262 obtrectatorem,
1914 1177 2136 1274 praefecistis.

745 1333 761 1364 a
782 1304 899 1383 Quare
916 1303 983 1375 iste
1002 1311 1194 1376 conventus
1222 1311 1338 1374 vester
1367 1310 1504 1374 tantum
1529 1303 1641 1388 abest,
1663 1310 1702 1376 ut
1720 1302 1876 1398 synodus
1897 1301 2140 1398 appellarint
2160 1303 2313 1376 nainter

694 1455 710 1486 e
732 1429 880 1521 profana
898 1425 1049 1520 quidem,
1071 1448 1151 1519 quae
1180 1426 1331 1499 honesta
1347 1425 1574 1520 legitimaque
1592 1426 1675 1508 sint,
1696 1426 1939 1499 conventicula
1956 1426 2072 1499 locum
2085 1427 2216 1500 habere
2234 1450 2311 1522 pos-

694 1580 710 1610 a
732 1552 778 1622 sit
797 1551 930 1644 :utqui
947 1549 1154 1623 adversetur
1173 1550 1283 1645 regiae
1305 1551 1482 1644 majestati
1499 1559 1534 1622 et
1547 1551 1813 1644 magistratibus
1823 1551 1947 1634 sacris
1964 1573 1987 1622 a
2005 1551 2080 1624 Deo
2098 1551 2308 1634 constitutis

694 1705 709 1734 κ
732 1675 924 1770 cujusmodi
936 1683 1131 1770 peccatum,
1144 1675 1362 1746 contumacia
1373 1673 1519 1756 scilicet,
1536 1698 1614 1746 cum
1627 1673 1844 1746 hariolorum
1858 1684 1893 1747 et
1911 1674 2178 1749 idololatrarum
2191 1677 2311 1772 impie·

692 1828 709 1858 κ
730 1806 799 1870 tate
829 1799 864 1869 iu
894 1798 1021 1870 litteris
1052 1797 1180 1870 divinis
1204 1804 1439 1893 comparatur.
1458 1798 1753 1891 Metropolitanus
1779 1797 1951 1894 synodum
1978 1800 2107 1893 coegit,
2124 1801 2312 1872 nonNice-

693 1953 708 1981 α
729 1923 860 2015 phorus
875 1945 985 2016 neque
999 1921 1202 1992 Balabanus
1218 1943 1330 2012 neque
1350 1920 1651 2015 Kopystynskius.
1666 1922 1749 1993 Non
1759 1921 1794 1992 in
1809 1923 1965 2016 profanis
1983 1922 2131 2008 aedibus,
2143 1924 2312 1996 haeretica

692 2045 907 2138 «impietate
939 2045 1186 2116 contaminatis
1214 2067 1222 2114 :
1249 2043 1373 2115 sedin
1407 2043 1559 2138 templis,
1581 2043 1617 2114 in
1644 2047 1873 2130 sessimoniis,
1896 2046 2143 2140 religiosorum
2169 2049 2311 2119 comitia

692 2201 707 2230 α
729 2160 901 2251 ordinum,
922 2176 1071 2262 oportet,
1096 2167 1328 2240 celebrentur.
1347 2167 1576 2239 Contemnitis
1594 2171 1840 2242 auctoritatem
1858 2170 2062 2264 praesidum,
2082 2171 2183 2244 vobIs
2200 2173 2311 2243 aDeo

692 2290 974 2388 «praefectorum
1007 2316 1015 2362 :
1048 2291 1332 2387 praecipientibus
1360 2314 1447 2365 sana
1478 2315 1541 2386 per
1570 2300 1707 2365 vestros
1740 2291 1878 2384 legatos
1908 2291 2120 2364 renuntiatis
2146 2293 2308 2388 superbe,

691 2447 707 2476 α
730 2438 858 2509 eosque
873 2415 963 2486 inter
978 2439 1040 2487 vos
1062 2415 1229 2487 facultate
1244 2416 1362 2488 nescio
1386 2439 1455 2508 qua
1472 2415 1715 2508 exauguratis
1745 2413 1817 2487 Sed
1835 2415 1941 2496 unde,
1962 2437 2098 2508 quees0,
2114 2417 2192 2488 haec
2209 2417 2310 2488 vobis

690 2569 707 2599 α
727 2538 965 2612 ecclesiastica
995 2539 1164 2632 regiaque
1182 2547 1356 2633 potestas,
1373 2563 1451 2610 cum
1469 2539 1628 2610 homines
1646 2539 1723 2610 sitis
1742 2537 1882 2632 profani
1899 2537 2047 2631 perinde
2060 2560 2102 2609 ac
2117 2539 2196 2610 nosl
2211 2539 2311 2610 Nihil

691 2694 706 2726 u
728 2664 870 2736 omnino
888 2663 980 2734 sacri
999 2684 1168 2756 usurpare
1183 2663 1297 2746 nobis
1315 2664 1390 2734 nisi·
1406 2686 1469 2756 per
1498 2661 1737 2756 sacrilegium,
1754 2685 1953 2756 possumus
1974 2663 2138 2758 Synodus
2155 2665 2311 2757 ipsorum

691 2820 708 2850 κ
729 2788 1045 2864 ecclesiasticorum
1064 2787 1226 2858 ordinum
1244 2786 1401 2858 tribunal
1427 2795 1493 2869 est,
1525 2789 1673 2881 profano
1691 2786 1786 2858 omni
1799 2787 2007 2888 magistratu
2023 2788 2197 2882 superius.
2218 2789 2311 2860 Hinc

690 2944 706 2976 κ
727 2914 915 3008 aliquando
933 2935 1071 3008 graecus
1099 2919 1227 2994 vester,
1264 2911 1364 2983 diuus
1391 2911 1621 2994 Athanasius,
1652 2911 1894 2982 Constantium
1926 2911 2189 3004 Imperatorem,
2212 2912 2306 3007 quod

690 3067 706 3098 a
728 3060 766 3110 se
787 3035 1005 3108 immiscebat
1033 3035 1173 3106 indictis
1210 3057 1273 3129 per
1297 3035 1479 3129 episcopos
1513 3033 1757 3116 conventibus
1791 3033 2046 3106 Antichristum
2076 3058 2203 3108 vocare
2238 3060 2307 3107 non

690 3193 706 3224 u
728 3161 913 3243 dubitavit,
941 3181 1178 3253 monereque:
1207 3181 1290 3229 suas
1309 3166 1347 3229 ut
1374 3158 1569 3253 Imperator
1598 3179 1714 3242 arces
1741 3159 1903 3230 civitates
1928 3167 1963 3230 et
1999 3181 2110 3253 regna
2140 3167 2305 3244 curaret;

690 3317 706 3349 κ
728 3285 923 3381 quodjuris
953 3283 1181 3356 ecclesiastici
1207 3283 1310 3366 foret,
1331 3282 1507 3375 integrum
1535 3282 1569 3354 id
1595 3283 1840 3356 ecclesiasticis
1860 3283 2098 3375 relinqueret:
2120 3285 2156 3355 id
2174 3284 2309 3356 scilicet

693 3443 709 3473 a
729 3413 841 3484 Deum
874 3407 976 3481 velle.
1004 3408 1072 3486 Qui
1098 3408 1175 3479 haec
1202 3405 1420 3488 Constantia
1440 3415 1493 3477 tot
1511 3407 1669 3500 gentium
1687 3407 1908 3501 Imperatori,
1929 3416 2002 3478 tam
2026 3408 2150 3480 fidenti
2181 3409 2310 3504 objecit

689 3565 705 3597 κ
725 3535 856 3618 enimc,
877 3555 979 3627 quem
995 3532 1054 3614 bic
1069 3541 1222 3603 vestrum
1241 3531 1332 3601 idem
1351 3531 1474 3602 eadem
1492 3529 1535 3601 de
1552 3553 1591 3602 re
1605 3529 1800 3602 monuisset
1822 3530 2004 3602 timidiusl
2030 3567 2046 3598 a

738 3691 754 3722 a
781 3662 860 3753 Ipse
890 3681 953 3730 rex
983 3655 1228 3727 serenissimus
1246 3655 1382 3726 Graecis
1409 3653 1513 3726 offert
1547 3655 1753 3749 episcopos,
1773 3678 1838 3749 pro
1870 3678 1933 3728 suo
1961 3656 2056 3750 apud
2086 3679 2148 3730 eos
2180 3659 2307 3730 summi

689 3815 705 3846 a
727 3783 866 3879 patroni
888 3803 1054 3863 munere;
1075 3779 1133 3871 qui
1159 3799 1219 3848 eos
1254 3775 1377 3870 igitur,
1401 3777 1580 3850 nesciente
1603 3779 1781 3873 Principe,
1811 3780 1910 3872 isque
1937 3781 2107 3874 privatus,
2127 3782 2308 3854 turbatum

688 3940 705 3970 κ
726 3910 811 3992 iret;
828 3911 1037 4001 potestatem
1063 3900 1122 3974 ille
1140 3900 1222 3985 sibi,
1250 3901 1351 3994 regia
1382 3900 1602 3996 ampliorem,
1625 3902 1833 3974 vindicaret.
1860 3903 2059 3978 Hieremias
2081 3904 2305 3989 Patriarcha,

688 4063 704 4095 κ
725 4021 803 4106 cum
829 4053 911 4103 suos
934 4029 970 4100 in
999 4050 1109 4122 regno
1129 4025 1290 4097 Poloniae
1315 4024 1458 4108 viseret,
1483 4033 1589 4120 atque
1620 4026 1711 4099 alios
1735 4026 1816 4099 aliis
1846 4028 2029 4124 episcopos
2058 4029 2306 4125 subrogandos

688 4187 704 4219 a
724 4161 898 4238 censeret,
913 4152 1054 4226 veniam
1071 4152 1147 4246 ejus
1165 4150 1215 4223 rei
1245 4172 1267 4220 a
1287 4171 1373 4242 rege
1390 4149 1510 4243 petiit;
1531 4173 1607 4233 vos,
1629 4151 1806 4246 majestati
1820 4151 1930 4246 regiae
1948 4151 2109 4246 subjecti,
2129 4159 2306 4248 potestate

688 4278 963 4354 «ecclesiastica
982 4274 1079 4347 nulla
1106 4272 1271 4368 praediti,
1298 4271 1358 4366 jus
1389 4271 1526 4366 regium
1555 4281 1595 4344 ut
1624 4274 1723 4345 vobis
1756 4275 1953 4369 usurpetis?
1977 4298 2039 4346 vos
2066 4284 2104 4347 ut
2130 4276 2304 4347 arbitratu

687 4432 704 4464 a
725 4412 841 4474 vestro
860 4399 1003 4495 privetis
1020 4403 1196 4492 potestate
1222 4395 1417 4490 episcopos,
1439 4395 1627 4467 sacerdotii
1641 4419 1707 4469 usu
1725 4405 1760 4467 et
1773 4397 1967 4493 privilegiis
1983 4421 2162 4470 sacrorum
2176 4401 2305 4492 regest

689 4526 865 4606 «Videte,
898 4544 1031 4618 quassa,
1060 4529 1210 4606 mature,
1246 4541 1314 4614 quo
1344 4519 1420 4590 haec
1449 4517 1640 4612 aliquando
1671 4520 1770 4592 vobis
1803 4522 1996 4615 vestrisque
2022 4522 2092 4594 sint
2117 4530 2301 4594 eventura.

689 4679 704 4711 a
726 4650 861 4742 Magno
880 4645 1026 4717 crimine
1051 4645 1228 4715 antistites
1255 4649 1403 4726 vestros,
1424 4640 1733 4736 metropolitanum
1747 4651 1782 4716 et
1804 4647 1999 4739 episcopos
2019 4645 2190 4738 arguitis;
2216 4644 2304 4738 quid

686 4805 702 4834 a
724 4773 796 4843 ital
811 4769 936 4852 Novis,
953 4768 1126 4863 inquiunt,
1159 4767 1262 4839 rebus
1288 4763 1449 4853 student;
1470 4767 1548 4861 paci
1567 4788 1692 4860 nempe
1713 4775 1748 4840 et
1770 4769 1972 4841 christianae
1995 4768 2207 4854 concordiae,
2222 4792 2304 4840 cum

685 4926 701 4957 α
725 4894 861 4968 Latinis
885 4894 1025 4988 agitant
1042 4891 1187 4964 consilia
1210 4889 1471 4986 :patriarcham
1497 4889 1923 4986 Constantinopolitanum
1947 4899 2195 4987 aspernantur.
2213 4892 2305 4963 Pro-

685 5049 701 5081 κ
723 5028 845 5115 pterea
868 5017 949 5089 albo
972 5015 1213 5109 episcoporum
1240 5014 1333 5086 erasi
1352 5015 1389 5084 iu
1411 5013 1736 5108 peregrinitatema
1753 5014 1852 5086 vobis
1870 5013 2092 5108 redIguntur.
2113 5014 2215 5093 Quod
2228 5014 2303 5086 illis

685 5176 701 5205 a
723 5141 860 5216 crimini
874 5140 977 5224 datis,
1001 5139 1093 5234 quod
1108 5138 1241 5211 scilicet
1267 5137 1489 5222 christianos
1512 5135 1692 5210 fraudibus
1710 5139 1812 5210 malis
1834 5139 2034 5222 distractos
2056 5139 2092 5210 in
2112 5137 2303 5232 pristinam
