4906 6642
725 811 728 819 ’
751 815 859 874 LIBER
880 815 1017 875 PRIMUS
1040 817 1253 893 (rtet-levo).
1796 811 1836 874 23

212 999 358 1070 Romam
387 1023 395 1070 :
429 1003 593 1092 acceptus
618 996 656 1068 in
686 997 882 1092 Collegium
908 998 1119 1070 novitiorum
1151 999 1273 1093 quinto
1295 997 1468 1071 kalendas
1493 997 1654 1069 novemb.
1681 995 1737 1068 die
1775 995 1833 1068 Si·
1851 1009 1928 1101 esee

211 1122 306 1194 moni
339 1127 375 1194 et
392 1105 575 1193 Thaddaec
592 1120 772 1216 Apostolis
808 1144 907 1194 sacro
925 1121 972 1217 (ι).
993 1121 1129 1194 Nactus
1146 1122 1183 1193 in
1206 1121 1366 1195 tirocinio
1401 1120 1568 1214 collegas,
1589 1118 1748 1191 homines
1765 1118 1835 1190 lec·
1861 1088 1932 1234 effi?
1940 1087 1999 1222 {⁰115

211 1245 391 1317 tissimos:
414 1244 599 1317 Claudium
616 1244 814 1338 Aquaviva,
836 1267 906 1316 non
933 1245 1041 1316 multo
1065 1253 1146 1340 post
1163 1245 1399 1340 Praepositum
1418 1241 1603 1316 Societatis
1633 1240 1835 1337 generalem
1862 1243 1988 1315 prenobi-

210 1375 248 1439 et
264 1368 369 1462 hujus
399 1375 564 1463 nepotem
594 1391 638 1441 ex
658 1368 780 1453 fratre,
801 1367 1042 1463 Rudolphum‚
1075 1368 1291 1442 Stanislaum
1320 1367 1576 1449 Varsevicium,
1609 1365 1835 1438 Franciscum
1863 1324 1910 1378 Μ’

210 1479 421 1574 Turianum,
440 1491 682 1565 Alexandrum
710 1490 964 1586 Valignanum,
985 1493 1091 1565 rebus
1119 1498 1200 1587 post
1226 1493 1263 1564 in
1295 1491 1416 1575 Indiis,
1433 1491 1584 1585 Japone,
1606 1488 1704 1574 Sina,
1727 1487 1837 1582 gestis

211 1613 392 1710 inclytum,
415 1615 617 1699 Genesium,
648 1614 820 1688 celebrem
836 1609 1011 1688 'laudibus
1035 1617 1206 1689 doctrinae
1231 1616 1448 1711 theologum,
1476 1613 1707 1686 Franciscum
1738 1612 1834 1684 Leo-

208 1739 319 1823 nium,
339 1739 593 1836 Hieronymum
615 1739 778 1812 Olavium
812 1739 1041 1813 ecclesiastici
1062 1740 1155 1834 juris
1191 1739 1402 1823 consultum,
1423 1739 1661 1822 Prandonem,
1682 1735 1834 1830 philoso-

207 1863 305 1958 phiae
321 1885 435 1958 nuper
451 1863 489 1934 in
505 1862 722 1934 Bononiensi
741 1863 918 1935 academia
947 1863 1138 1936 doctorem.
1160 1865 1202 1935 In
1219 1865 1378 1940 istorum,
1397 1861 1595 1936 Stanislaus
1617 1883 1800 1933 numerum
1815 1881 1837 1930 a

208 1988 407 2082 Praeposito
435 1988 593 2082 generali
620 1987 813 2060 Francisco
833 1987 967 2082 Borgia
985 1995 1218 2082 aggregatus.
1239 1987 1445 2082 Respiranti
1473 1986 1588 2057 adhuc
1606 2009 1628 2057 a
1645 1984 1833 2066 desiderio,

208 2119 308 2183 metu
325 2111 611 2206 persequentium
639 2119 676 2184 et
704 2111 927 2193 lassitudine,
952 2111 1080 2184 litterae
1111 2135 1133 2182 a
1161 2119 1307 2207 parente
1333 2111 1474 2192 allatae3
1500 2108 1722 2204 querelarum
1747 2108 1833 2193 illae,

208 2235 358 2316 irarum,
378 2235 620 2329 minarumque
638 2233 875 2327 plenissimae:
897 2263 914 2296 ιι
934 2236 1033 2329 quasi
1059 2259 1101 2308 eo
1118 2236 1212 2308 facto
1232 2259 1294 2307 suo
1324 2234 1572 2307 contumeliam
1596 2231 1838 2325 nescioquam

211 2387 231 2417 ιι
253 2358 452 2432 Stanislaus
475 2359 704 2432 insanabilem
725 2359 763 2430 in
781 2366 892 2432 totam
907 2357 1078 2431 familiam
1105 2383 1206 2432 suam
1231 2359 1411 2432 edidisset.
1433 2358 1555 2429 Ullum
1583 2380 1620 2429 se
1637 2379 1715 2430 eam
1731 2363 1838 2429 teme·

212 2511 232 2542 κ
253 2481 394 2554 ritatem
407 2483 483 2555 ire:
504 2491 630 2577 parata
648 2481 788 2554 vincula
805 2483 930 2565 ferrea,
948 2505 1027 2576 quae
1041 2506 1104 2578 pro
1122 2483 1305 2577 torquibus
1320 2481 1437 2554 aureis
1450 2482 1540 2553 ferat
1553 2481 1713 2576 perfuga,
1726 2480 1837 2566 mina·

213 2635 233 2666 a
253 2612 325 2678 tur.
350 2641 367 2672 n
384 2605 549 2679 Excussit
560 2606 685 2700 juveni
711 2605 887 2701 lacrymas
918 2606 1034 2700 pietas
1065 2629 1141 2690 sua,
1163 2607 1364 2680 miserantis
1382 2605 1617 2677 conditionem
1634 2610 1836 2699 parentum;

208 2729 274 2824 qui
292 2729 456 2824 perituris
485 2736 633 2814 aeterna,
654 2751 718 2801 suo
736 2752 842 2802 sensu
872 2729 1113 2824 imprudentes
1141 2730 1261 2802 divina
1287 2731 1505 2814 metirentur,
1525 2728 1630 2823 idque
1648 2735 1839 2834 parentem

210 2874 376 2938 monens,
398 2853 493 2924 hunc
510 2853 547 2924 in
562 2853 702 2925 modum
719 2852 901 2948 rescripsit
921 2878 928 2924 :

265 3004 283 3036 a
306 2976 408 3056 Quod
425 2999 481 3048 me
495 2976 591 3049 Deus
609 2976 652 3048 O.
677 2977 739 3047 M:
751 2976 788 3049 in
806 2976 1014 3049 famulorum
1031 2999 1215 3054 numerum
1233 2999 1376 3050 suorum
1393 2976 1540 3071 accepit,
1556 2975 1645 3047 nihil
1663 2976 1838 3069 estquod
1864 2976 2021 3069 Respondet

212 3129 231 3158 u
254 3099 413 3170 animum
430 3099 587 3193 parentis
613 3100 661 3194 pii
688 3099 876 3172 sollicitum
893 3100 1046 3184 habeat;
1068 3101 1151 3194 quin
1175 3099 1245 3171 imo
1275 3106 1424 3194 oportet,
1446 3107 1592 3194 uterque
1609 3100 1676 3172 hoc
1698 3101 1839 3172 nomine
1865 3055 2013 3202 qrqqpqqss

211 3254 231 3284 a
253 3224 497 3318 gratulemur3
527 3247 606 3296 cum
633 3225 668 3295 id
702 3225 874 3296 commodi
901 3224 939 3295 in
967 3232 1148 3318 parentem
1180 3225 1285 3296 etiam
1316 3231 1458 3296 manet:
1479 3232 1519 3296 ut
1545 3223 1604 3318 qui
1633 3223 1745 3296 filium
1764 3224 1840 3318 jam
1867 3207 1960 3262 rantis.

211 3381 230 3408 a
253 3348 385 3420 habeat
400 3347 437 3418 in
454 3347 537 3419 aula
557 3348 670 3442 Regis
699 3372 836 3444 regum,
856 3349 961 3443 idque
978 3347 1075 3421 nullo
1105 3371 1169 3420 suo
1187 3347 1344 3442 negotio,
1364 3347 1539 3442 impendio
1556 3347 1666 3432 nullo,
1687 3348 1724 3418 id
1748 3330 1865 3442 quod'

211 3501 230 3530 κ
253 3471 351 3566 apud
380 3471 548 3566 profanos
573 3473 748 3569 principes
773 3496 844 3544 non
876 3473 926 3544 ita
960 3472 1062 3544 facile
1098 3470 1249 3565 obtingit
1274 3471 1487 3565 parentibus,
1516 3469 1608 3542 filios
1635 3494 1718 3542 suos
1747 3471 1840 3543 ultro

212 3625 232 3656 κ
254 3596 362 3668 etiam
391 3598 729 3670 commendantibus.
763 3597 936 3692 Indignus
955 3595 1116 3690 equidem
1134 3619 1225 3677 sum,
1254 3596 1314 3689 qui
1341 3595 1427 3666 Jesu
1453 3594 1585 3668 Christi
1608 3596 1750 3667 Domini
1773 3597 1841 3668 mei

213 3753 232 3781 κ
255 3742 367 3792 causa
391 3720 531 3815 patiar;
553 3721 694 3815 quodsi
722 3745 807 3794 vero
825 3722 1004 3816 obtigerit,
1027 3721 1114 3792 nihil
1140 3721 1226 3792 mihi
1251 3718 1356 3793 fuerit
1382 3743 1423 3792 eo
1441 3743 1585 3794 munere
1603 3722 1733 3802 carius,
1753 3720 1842 3792 nibil
1963 3710 1966 3720 “

211 3875 231 3903 α
255 3842 436 3938 optatius:
458 3867 577 3916 amore
604 3843 736 3918 scilicet
754 3847 830 3940 ejus
853 3845 945 3918 ferre
966 3853 1039 3917 tam
1061 3844 1168 3929 levia,
1197 3843 1257 3938 qui
1282 3867 1402 3917 amore
1426 3845 1538 3916 nostri
1555 3853 1628 3916 tam
1646 3847 1746 3930 dura,
1770 3851 1843 3916 tam

210 3997 231 4027 a
256 3965 371 4039 multa
400 3967 615 4061 pertulisset.
632 3968 762 4055 Quare,
779 3969 872 4064 quod
886 3968 985 4054 mibi,
1001 3969 1149 4041 Domine
1167 3968 1214 4039 mi
1227 3989 1367 4062 parens,
1385 3966 1541 4052 minaris,
1559 3974 1696 4040 tantum
1725 3968 1838 4053 abest,

214 4125 233 4154 a
257 4099 300 4165 ut
324 4115 391 4188 ego
415 4092 572 4178 timeam,
599 4102 638 4165 ut
668 4094 807 4189 cupiam
832 4093 939 4165 etiam
956 4093 1194 4166 vehementer.
1222 4092 1314 4165 Mihi
1336 4101 1471 4165 certum
1493 4101 1558 4177 est,
1585 4094 1672 4176 Deo,
1701 4093 1757 4165 cui
1786 4117 1843 4166 me

213 4249 233 4278 κ
258 4216 541 4311 mancipaverim,
564 4217 708 4303 servire,
729 4227 836 4311 atque
850 4217 886 4289 in
908 4219 975 4288 hoc
991 4216 1161 4287 famulatu
1178 4238 1420 4311 perseverare,
1437 4216 1551 4310 quoad
1566 4215 1700 4302 vixero,
1718 4216 1756 4287 in
1782 4239 1843 4288 au-

213 4371 233 4401 a
257 4339 332 4412 reis
356 4338 425 4411 illis
456 4339 605 4412 vinculis
630 4342 860 4435 paupertatis
882 4339 1066 4422 castitatis,
1086 4346 1121 4410 et
1147 4338 1383 4425 obedientiae;
1416 4361 1521 4432 quam
1546 4338 1651 4410 fidem
1676 4338 1774 4412 nulla
1790 4341 1843 4414 vis

213 4495 234 4526 a
257 4462 505 4536 infirmaverit.
525 4463 726 4537 Consultius
745 4465 886 4537 omnino
904 4464 1060 4536 futurum
1072 4463 1208 4548 fuisset,
1224 4485 1350 4557 parens
1368 4486 1410 4535 ac
1424 4463 1562 4536 domine
1575 4464 1632 4548 mi,
1646 4465 1675 4536 si
1694 4488 1750 4538 me
1768 4465 1843 4539 Deo

215 4623 235 4652 ι
261 4611 405 4662 servum
423 4588 466 4662 de
483 4612 604 4672 manu,
621 4588 801 4661 voluntate
822 4596 897 4674 tua,
917 4588 1141 4674 tradidisses;
1163 4596 1341 4684 precatae,
1359 4597 1398 4661 ut
1432 4612 1487 4662 me
1505 4589 1580 4684 ipse
1600 4589 1637 4662 in
1654 4592 1721 4663 hoc
1736 4598 1841 4676 statu,

216 4745 236 4775 σε
259 4719 364 4786 tanto
385 4735 448 4784 suo
465 4722 629 4786 ornatum
645 4714 828 4798 beneficio,
850 4715 894 4786 ad
918 4713 1047 4786 exitum
1066 4713 1148 4784 vitae
1162 4735 1372 4786 conservare
1390 4712 1487 4785 velit.
1511 4714 1533 4785 J
1537 4737 1591 4785 am
1613 4715 1665 4788 ire
1683 4739 1846 4788 aversum

215 4870 237 4900 a
263 4859 323 4911 me
352 4836 397 4909 ab
420 4836 487 4910 hec
522 4839 714 4934 preposite,
737 4846 843 4933 atque
880 4837 930 4910 ita
958 4838 1133 4932 refragari
1161 4836 1249 4922 Deo,
1280 4861 1409 4911 vanum
1444 4839 1585 4912 omnino
1619 4847 1724 4934 atque
1756 4839 1845 4912 adeo
1926 4876 1929 4884 2

217 4997 238 5027 a
265 4961 413 5036 noxium
430 4968 505 5046 est;
526 4984 658 5035 merem
672 4985 756 5036 vero
773 4984 912 5056 gerere,
933 4970 970 5035 ct
987 4961 1266 5056 perseverarem
1284 4965 1390 5049 bono,
1410 4965 1550 5060 utrique
1567 4973 1726 5038 nestrum
1738 4964 1848 5038 fuerit

219 5121 240 5152 a
261 5086 423 5162 salutare
439 5093 506 5159 etc.

263 5233 316 5322 (1)
331 5236 431 5296 Remae
446 5236 474 5295 in
491 5229 664 5294 Societatem
676 5230 813 5308 accipitur
827 5251 874 5292 an.
890 5235 980 5294 1567.
