4930 6634
679 757 788 818 urana
811 709 976 818 ocrnvus
997 759 1214 836 (roso-roro).
1709 759 1769 823 329

163 973 288 1040 ostento
300 967 553 1054 Deusmonuit,
569 966 737 1052 Mathias,
758 967 897 1040 omissis
907 966 975 1039 illis
990 967 1116 1041 studiis
1136 966 1365 1051 scholasticis,
1385 967 1541 1040 scholam
1568 967 1637 1039 sibi
1654 967 1770 1062 potius
1797 971 1864 1028 16⁴0

164 1091 258 1162 bonae
275 1089 397 1168 monis
414 1097 627 1186 proponeret
649 1115 657 1162 :
678 1113 762 1164 suus
775 1114 888 1187 nuper
909 1091 948 1163 in
964 1091 1147 1164 academia
1164 1090 1354 1188 theologiae
1368 1095 1538 1189 magister
1555 1094 1598 1166 P.
1617 1094 1640 1166 J
1643 1093 1774 1167 acubus

165 1213 397 1300 Olszevskius,
423 1235 516 1287 anno
539 1213 633 1288 1634
659 1221 830 1302 mortuus,
851 1217 1069 1311 apparuisse
1085 1217 1152 1303 sibi
1178 1208 1300 1304 fertur,
1321 1225 1357 1291 et
1381 1218 1419 1290 in
1448 1217 1606 1292 cubiculo
1626 1216 1775 1289 Mathias

163 1338 279 1409 horam
309 1337 383 1411 fere
404 1345 515 1411 totam
548 1337 774 1411 concionatus
804 1361 894 1426 esse,
927 1363 971 1414 ex
992 1342 1173 1436 proposita
1202 1341 1264 1414 illa
1298 1341 1539 1415 Ecclesiastici
1571 1339 1772 1415 sententia:

168 1465 305 1533 Vanitus
317 1467 526 1548 vanitatum,
543 1471 576 1533 et
592 1467 711 1535 omnio
733 1468 883 1536 vanitas.
904 1465 997 1536 Tota
1012 1463 1079 1536 fuit
1095 1466 1207 1538 oratio
1221 1466 1264 1538 do
1280 1489 1398 1539 rerum
1415 1466 1648 1538 humanarum
1661 1462 1775 1536 inani·
1801 1488 1926 1579 M⁰fl⁰l⁰l

1802 1567 1950 1702 tntu.

162 1710 275 1784 valere
287 1712 412 1807 jussis,
433 1712 470 1785 in
483 1735 603 1785 curam
634 1711 755 1786 salutis
780 1713 893 1806 ipsam
921 1712 1088 1786 incubuit.
1122 1713 1210 1786 Haec
1235 1715 1462 1787 meditantem
1491 1710 1694 1808 interpellat
1714 1732 1778 1783 rex
1803 1726 1875 1782 vita.

162 1834 375 1921 Vladislaus,
396 1844 432 1910 et
455 1837 683 1910 reluctantem
713 1835 759 1910 ad
786 1859 825 1910 se
849 1837 1035 1933 pertrahit.
1055 1838 1172 1933 AEgro
1190 1839 1307 1910 animo
1330 1844 1490 1912 versatus
1519 1835 1724 1931 aliquandiu
1740 1835 1779 1907 in

163 1959 253 2046 aula,
280 1963 444 2057 precibus
462 1961 701 2036 dimissionem
718 1962 882 2035 obtinuit.
913 1964 1084 2037 Absoluto
1102 1964 1165 2047 ita,
1194 1972 1230 2036 et
1262 1961 1444 2034 festinanti
1472 1960 1571 2033 abiro
1591 1959 1776 2042 Varsavia,
1805 2003 1910 2060 ultima

167 2106 243 2157 ecee
261 2086 329 2158 tibi
345 2109 530 2159 remoram.
549 2086 754 2182 Principum
767 2088 845 2183 quis
867 2087 998 2172 nescio,
1015 2086 1162 2181 cupidus
1171 2085 1319 2159 Mathias
1332 2083 1587 2158 concionatoris
1604 2081 1779 2165 audiendi,
1805 2083 1888 2216 3232
1899 2096 1954 2215 gp·

163 2218 239 2283 orat
270 2235 403 2307 regem,
425 2212 703 2308 proficiscentem
733 2220 772 2285 ut
796 2235 841 2286 ne
863 2210 1015 2283 dimittat
1043 2218 1138 2296 ante,
1166 2234 1271 2306 quam
1292 2210 1386 2283 hunc
1414 2210 1491 2304 ipse
1516 2207 1780 2281 concionantem
1806 2240 1879 2296 ,im

164 2337 327 2412 audierit.
355 2339 471 2433 Atque
495 2339 553 2412 hic
578 2340 732 2435 quidem,
754 2339 847 2434 quod
864 2337 1113 2424 desiderabat,
1141 2337 1360 2431 impetravit;
1392 2343 1430 2408 at
1458 2333 1505 2426 id
1525 2331 1781 2407 concionatoris

166 2460 248 2535 sato.
273 2465 440 2538 Proximo
460 2464 579 2537 statim
597 2464 654 2536 die
672 2465 774 2547 sesto,
794 2461 953 2536 Mathias
973 2453 1096 2558 jussus
1125 2461 1235 2533 verba
1264 2459 1393 2548 facere,
1410 2458 1563 2546 remilla
1580 2481 1658 2530 cum
1675 2456 1782 2529 laude

162 2587 361 2683 expedivit;
384 2588 445 2662 sed
468 2589 601 2683 pariter
634 2587 707 2660 fere
728 2588 811 2664 vitae
837 2597 873 2663 et
889 2589 1041 2663 orationi
1069 2588 1174 2662 finem
1199 2589 1292 2663 facit.
1319 2591 1496 2683 imparato
1516 2586 1779 2670 addicendum,

165 2711 285 2810 itaque
303 2737 423 2789 omnes
440 2714 570 2789 idcirco
584 2717 817 2789 contendenti
825 2739 965 2801 nervos,
981 2739 1044 2812 per
1057 2716 1301 2790 vehementem
1317 2711 1585 2785 commotionem
1598 2709 1783 2806 spirituum

165 2839 339 2926 vitalium,
355 2843 442 2916 visae
459 2852 541 2916 sunt
557 2843 676 2939 palam
700 2841 883 2916 intercutis
901 2841 1085 2936 sanguinis
1102 2845 1213 2936 guttae
1240 2837 1276 2908 in
1297 2835 1449 2909 frontem
1461 2835 1632 2929 erupisse.
1656 2834 1696 2905 In
1709 2833 1785 2928 ipso

166 2986 209 3036 ex
227 2967 396 3040 cathedra
414 2967 585 3042 descensu
611 2967 784 3063 elanguit.
818 2968 905 3040 Post
917 2966 1071 3039 triduum
1097 2963 1271 3039 extinctus
1293 2960 1377 3033 anni
1404 2959 1510 3055 hujus
1540 2967 1639 3032 sexto
1673 2979 1785 3030 nonas

163 3089 311 3182 apriles,
331 3091 378 3164 ab
395 3101 475 3164 ortu
494 3093 577 3164 vitae
589 3093 650 3178 44,
671 3092 769 3164 initae
787 3091 973 3166 societatis
986 3089 1156 3185 vigesimo
1175 3111 1281 3162 nono.

162 1591 241 1659 tate.
261 1586 484 1658 Praeconium
506 1587 573 1660 hoc
594 1610 658 1682 pro
692 1587 863 1660 monitore
881 1587 1031 1660 auditori
1055 1586 1134 1661 fuit.
1160 1591 1246 1663 Inde
1271 1590 1441 1675 Matthiae,
1460 1588 1619 1662 omnibus
1651 1586 1775 1659 studiis
