4906 6642
666 803 773 863 urens
799 803 935 866 curuos
955 807 1164 881 (rear-1570).
1706 804 1744 866 15

138 995 249 1074 tutam,
269 987 433 1060 omnibus
454 993 548 1060 certe
570 986 703 1072 utilem,
724 986 913 1082 transigat.
935 1017 952 1048 a
974 987 1129 1062 Consilia
1146 989 1204 1062 hic
1230 1011 1294 1062 sua
1319 1010 1398 1062 esse
1422 1009 1519 1072 sana,
1549 985 1740 1059 christiano
1774 1014 1836 1068 1507

141 1143 155 1174 a
179 1111 302 1210 populo
321 1111 472 1185 maxime
489 1113 672 1209 cupientis,
700 1136 769 1186 non
786 1114 958 1200 fraudem,
987 1139 1059 1188 non
1079 1115 1163 1202 vim,
1183 1139 1253 1188 non
1271 1116 1450 1211 impetum.
1471 1115 1656 1209 integrum
1674 1113 1745 1186 cui-

142 1259 254 1334 sque,
284 1259 363 1333 quae
380 1225 497 1310 animo
516 1239 685 1312 darentur
710 1239 893 1326 benevolo,
922 1239 1105 1312 admittere
1128 1263 1173 1312 an
1202 1263 1381 1334 respuere.
1403 1239 1527 1333 Neque
1554 1247 1742 1322 oratorem,

143 1385 157 1416 ι
181 1356 236 1452 qui
254 1378 326 1429 non
344 1355 468 1429 Luteri
485 1358 680 1430 doctrinam
696 1359 829 1449 laudet,
847 1386 928 1436 eum
945 1362 1111 1436 continuo
1125 1361 1344 1433 obruendum
1361 1381 1440 1432 esse
1456 1357 1632 1452 lapidibus
1646 1383 1654 1442 ;
1675 1357 1743 1428 nisi

143 1510 157 1541 κ
181 1481 266 1554 sorte
286 1481 334 1553 ita
352 1482 517 1555 monitori
533 1482 645 1577 pietas
675 1508 741 1558 sua
755 1486 883 1572 fraudi,
903 1487 1037 1560 amanti
1055 1485 1206 1582 salutem
1222 1483 1341 1579 populi
1359 1504 1577 1555 communem
1595 1482 1749 1554 studium

143 1635 157 1666 κ
183 1629 292 1691 suum,
321 1628 426 1678 noxae
453 1606 511 1692 sit,
540 1583 690 1703 oportet.
713 1643 730 1675 n
761 1611 925 1684 Monuit:
947 1611 1124 1684 silentium
1152 1609 1231 1682 fieri
1252 1608 1382 1703 jussit:
1404 1606 1562 1704 repetitis
1593 1605 1743 1700 denique

140 1731 298 1803 orationis
334 1731 509 1804 intercisae
543 1733 775 1825 argumentis,
804 1735 993 1828 peroravit.
1027 1734 1114 1808 Inde
1145 1756 1208 1829 per
1245 1755 1308 1804 ora
1337 1732 1570 1806 frendentium
1603 1731 1745 1802 incessit

142 1855 256 1948 plenus
277 1854 407 1940 animi;
427 1863 466 1927 ut
489 1865 686 1950 appareret,
707 1858 821 1930 virum
845 1881 935 1946 esse,
954 1859 1011 1953 qui
1032 1858 1215 1953 religionis
1236 1880 1311 1928 suae
1336 1879 1443 1928 causa
1460 1855 1572 1928 minas
1593 1853 1747 1927 hostium

143 1977 236 2050 facile
261 1985 501 2051 contemneret
526 1987 562 2052 et
587 1981 753 2073 pericula.
775 1981 900 2077 Cupidi
925 1982 1090 2077 deinceps
1108 1981 1361 2076 profundendae
1385 1979 1492 2052 etiam
1509 1980 1546 2050 in
1561 1976 1625 2050 tali
1642 1999 1749 2049 causa

144 2103 217 2174 ritae
238 2102 394 2174 loannes
421 2112 456 2175 et
485 2103 625 2189 Petrus,
646 2111 693 2190 et,
714 2105 771 2199 qui
801 2105 926 2177 similia
943 2115 1023 2201 post
1040 2112 1203 2200 expertus
1222 2111 1328 2190 esset,
1350 2104 1393 2177 P.
1411 2103 1568 2175 Joannes
1599 2099 1750 2173 Ascher-
1817 2190 1823 2204 ι

144 2249 297 2310 mannus,
312 2225 488 2320 rogabant
504 2249 606 2298 suum
620 2228 840 2301 Cardinalem
865 2229 1080 2327 episcopum,
1099 2229 1290 2323 Elbingam
1307 2234 1346 2299 ut
1359 2249 1396 2299 se
1422 2226 1467 2298 ad
1482 2223 1752 2322 promovendam

145 2348 175 2419 in
200 2349 339 2421 civitate
361 2349 568 2444 religionem
593 2352 795 2426 missitaret.
821 2354 892 2427 Sed
916 2353 1092 2452 alacribus
1118 2351 1321 2448 praestanda
1345 2351 1494 2446 primum
1518 2355 1594 2422 erat
1616 2349 1755 2420 decreto

144 2475 234 2567 regio
255 2473 438 2557 securitas,
457 2474 562 2568 idque
583 2476 776 2550 obtentum.
798 2477 885 2550 Lata
902 2477 940 2550 in
962 2477 1197 2572 Elbingenses
1218 2475 1418 2548 sententia:
1440 2473 1607 2567 irrogatae
1629 2471 1666 2541 in
1692 2493 1753 2543 eos

145 2621 263 2693 poenae,
285 2599 355 2694 qui,
377 2621 399 2669 a
416 2599 560 2671 Varmio
578 2601 703 2673 missos
732 2601 907 2697 episcopo,
929 2601 1131 2674 christianae
1150 2599 1331 2694 religionis
1348 2598 1533 2692 magistros
1550 2596 1753 2668 conturbas·

146 2731 229 2798 sent.
245 2723 302 2795 lta
316 2722 533 2805 communiti,
553 2724 773 2819 tranquillius
792 2725 916 2798 deinde
937 2725 1030 2798 Socii
1050 2725 1142 2797 inter
1164 2723 1399 2818 Elbingenses
1418 2722 1636 2806 habitarunt,
1654 2718 1758 2793 collo·

147 2847 204 2918 cati
231 2848 277 2920 ad
296 2848 408 2920 aedem
426 2846 607 2920 curialem.
637 2847 775 2942 Agrum
801 2848 859 2920 hic
884 2849 1035 2942 operarii
1052 2849 1147 2920 nacti
1163 2871 1258 2920 sane
1284 2847 1499 2943 malignum;
1521 2846 1668 2919 multum
1692 2844 1758 2916 hoo

146 2994 233 3043 anno
252 2970 414 3067 Elbingae
430 2971 618 3068 profecisse
635 2972 701 3044 visi
717 2973 840 3045 labore
854 2973 1039 3066 pertinaci,
1056 2972 1148 3066 quod
1163 2972 1206 3046 de
1223 2979 1299 3045 tota
1318 2972 1458 3044 civitate
1474 2971 1622 3066 triginta
1639 2971 1761 3042 homu-
1887 3033 1893 3044 .

147 3091 206 3178 los,
225 3117 355 3189 eosque
373 3094 450 3190 ipso
467 3095 577 3168 natali
594 3095 788 3169 Salvatoris
808 3095 878 3182 die,
895 3097 941 3170 ad
959 3119 1117 3170 mensam
1136 3097 1291 3169 divinam
1308 3095 1544 3190 collegissent.
1566 3093 1666 3167 Adeo
1685 3117 1762 3167 eor·

148 3225 244 3312 rupta
261 3219 389 3330 civitas¹
404 3219 649 3292 haereticorum
665 3219 892 3314 magisteriis.

192 3391 345 3466 Facilior
370 3392 480 3465 multo
509 3391 611 3465 labor
639 3393 841 3487 fructusque
865 3393 1006 3465 uberior
1039 3390 1237 3498 Pultoviae,
1257 3394 1292 3465 in
1311 3393 1449 3466 civitate
1483 3391 1646 3464 nimirum
1673 3393 1761 3464 bene
1789 3381 1919 3515 Pultl'via

151 3522 292 3600 morata,
312 3539 446 3610 suoque
463 3517 626 3589 Pontifici
640 3517 866 3610 obsequente.
887 3515 1035 3611 Templo
1053 3513 1110 3587 hic
1123 3516 1331 3589 aedificando
1355 3518 1447 3610 lapis
1473 3516 1654 3611 angularis
1680 3516 1762 3588 12¹¹¹⁰
1789 3537 1939 3608 praejaaitnr

150 3639 316 3713 kalendas
334 3641 501 3736 quintiles
519 3665 538 3713 a
555 3641 737 3714 conditore
751 3641 896 3713 Andrea
914 3639 1155 3725 Noslrovskio,
1187 3641 1409 3714 Plocensium
1423 3641 1600 3736 episcopo,
1622 3637 1762 3711 dedica·
1789 3613 1940 3762 affin&

151 3770 226 3848 tus;
246 3762 283 3834 id
301 3763 394 3857 quod
410 3764 484 3836 sere
500 3764 661 3836 ultimum
678 3763 744 3835 fuit
760 3785 893 3848 eorum,
912 3786 990 3858 quae
1021 3763 1099 3858 pius
1126 3764 1273 3836 antistes
1289 3764 1381 3836 locis
1397 3770 1566 3836 statuerat
1587 3760 1760 3857 pluribus,
1788 3773 1863 3842 laps.

151 3885 287 3979 pietatis
312 3909 387 3958 suae
408 3895 670 3960 monumentum
687 3912 696 3973 ;
716 3910 799 3959 nam
830 3887 986 3984 ejusdem
1003 3886 1086 3958 anni
1103 3908 1196 3957 nono
1226 3887 1399 3960 kalendas
1417 3887 1636 3968 novembres
1653 3882 1766 3955 aetatis

154 4030 222 4080 suae
240 4011 340 4095 75³¹0,
370 4010 495 4105 plenus
513 4012 684 4084 bonorum
714 4033 873 4106 operum,
895 4010 1058 4083 decessit.
1080 4009 1155 4081 Res
1181 4011 1226 4082 ab
1245 4011 1387 4083 Andrea
1420 4017 1541 4104 gestas
1569 4005 1767 4081 Stanislaus
1793 4034 1889 4092 obitus

154 4129 386 4206 Lubienskius
410 4133 448 4204 in
472 4133 565 4207 Vitis
582 4135 827 4230 episcoporum
846 4131 1083 4222 Plocensium,
1106 4139 1141 4202 et
1163 4131 1326 4205 Andreas
1345 4128 1599 4211 Svienciclrius,
1624 4127 1764 4223 provin·
1795 4111 1903 4166 Anares

1850 4187 1921 4242 kovii

155 4259 249 4332 cialis
264 4259 478 4333 Nurensium
496 4259 666 4343 notarius,
685 4259 813 4332 litteris
826 4257 1091 4352 consignarunt.
1109 4255 1317 4327 Laudentur
1331 4254 1368 4324 in
1385 4253 1453 4324 hoc
1468 4252 1546 4323 viro
1564 4251 1741 4346 praecipue
1760 4275 1767 4322 :
1795 4191 1873 4340 Allo.
1885 4266 1944 4320 fun-

156 4383 322 4470 doctrina,
355 4382 537 4478 religionis
566 4383 731 4468 studium,
764 4403 864 4470 amor
891 4379 1030 4474 patriae,
1051 4375 1290 4450 munificentia
1322 4375 1359 4447 in
1386 4381 1545 4469 egentes,
1567 4371 1705 4444 animus
1734 4371 1771 4444 in
1796 4347 1903 4401 asans.

155 4505 304 4579 fortunae
336 4507 566 4580 varietatibus
597 4515 776 4591 constans,
797 4526 934 4577 morum
964 4504 1089 4576 decora
1108 4507 1146 4574 et
1172 4487 1347 4574 universae
1364 4498 1447 4572 vitae
1476 4495 1710 4592 aequabilitas.
1732 4498 1773 4569 In
1878 4568 1885 4582 ,

158 4631 351 4727 Collegium
380 4632 628 4704 canonicorum
647 4629 926 4704 Pultoviensium
933 4628 1007 4724 jam
1025 4625 1237 4721 adscriptus,
1255 4625 1407 4698 Romam
1420 4623 1597 4718 proiectus
1609 4622 1654 4694 ad
1668 4622 1777 4694 hono-

158 4759 269 4832 randa
289 4758 539 4854 Apostolorum
556 4757 690 4845 limina,
718 4756 827 4829 vitam
851 4754 978 4828 deinde
999 4753 1050 4826 sic
1075 4749 1240 4836 instituit,
1259 4757 1299 4822 ut
1320 4749 1357 4820 in
1381 4747 1501 4842 primis
1528 4753 1634 4830 esset,
1662 4768 1685 4817 a
1707 4765 1775 4838 quo
1819 4782 1823 4787 .

161 4882 342 4976 probitatis
354 4883 517 4980 exempla
530 4890 739 4979 peterentur.
752 4881 961 4955 Meritorum
974 4878 1142 4972 suffragio
1169 4881 1308 4948 creatus
1324 4871 1548 4946 Plocensium
1578 4859 1775 4964 episcopus,

163 5005 248 5078 nihil
264 5007 442 5100 antiquius
456 5006 593 5091 habuit,
612 5027 715 5100 quam
732 5003 914 5099 religionis
931 5001 1115 5076 catholicae
1129 4999 1351 5073 sanctitatem
1367 4998 1537 5070 adversus
1555 4993 1698 5066 fraudes
1710 4991 1782 5064 hae-

165 5129 292 5204 retices
310 5131 402 5204 tueri
418 5152 461 5203 ac
476 5151 687 5226 propagare.
710 5127 835 5200 Effecit
848 5113 984 5220 ltaque,
1004 5131 1044 5197 ut
1073 5129 1149 5195 tota
1167 5122 1310 5195 dioecesi
1328 5142 1392 5194 sua
1410 5121 1503 5193 cives
1521 5118 1782 5191 continerentur

167 5252 436 5350 inprofessione
453 5261 490 5328 et
513 5253 635 5327 officiis
665 5248 847 5346 religionis
872 5247 1075 5334 catholicae;
1095 5245 1126 5320 si
1152 5269 1273 5332 unum,
1293 5267 1441 5339 sumque
1463 5229 1650 5324 advenam,
1679 5239 1782 5312 sortis
