4936 6658
655 799 716 866 asa
916 813 921 826 ·
1039 789 1313 859 nrruaurcnnuu
1335 789 1547 856 socrnrarrs
1565 759 1656 858 issu
1677 791 1935 858 nrsroamauu

478 997 543 1058 1651
640 979 706 1056 ‘cis
735 978 1021 1079 Transylvania:
1048 981 1136 1053 irato
1164 978 1231 1053 sibi
1254 978 1465 1075 imperatore
1484 976 1649 1052 Romano
1672 1004 1681 1052 :
1702 975 1993 1054 succensentibus
2011 972 2285 1072 Transylvnnis,

655 1129 788 1204 suaque
805 1106 955 1204 Ragooii
987 1105 1233 1180 damnantibus
1251 1105 1411 1191 consilia,
1444 1111 1483 1177 ut
1512 1103 1572 1199 qui
1596 1102 1775 1200 peregrini
1793 1102 1984 1176 ambitione
2012 1100 2117 1197 regni
2135 1101 2288 1196 patriam

480 1271 607 1332 qm.
653 1236 815 1311 barbaris
839 1235 1064 1334 prodidisset.
1077 1233 1236 1329 Longior
1251 1231 1317 1306 suit
1331 1237 1366 1304 et
1381 1229 1556 1303 difficilior
1572 1253 1653 1304 cum
1668 1226 1875 1300 Moscovitis
1888 1223 2100 1310 colluctatio,
2113 1222 2285 1318 adjuvan-

480 1351 621 1492 ffibffi
653 1361 747 1438 tibus
759 1364 881 1448 hostes
907 1361 1050 1437 Cosaeis
1068 1367 1104 1434 et
1120 1359 1275 1456 Scythis.
1296 1357 1450 1431 Hostilia
1468 1357 1616 1431 istorum
1632 1357 1791 1432 facinora
1815 1355 1875 1454 qui
1896 1354 2047 1429 maxime
2064 1352 2102 1425 in
2119 1351 2288 1428 Lituania

535 1449 550 1490 ⁰
623 1468 811 1586 'grassati
843 1489 928 1574 sint,
963 1469 1171 1584 singulatim
1208 1485 1502 1582 perstringemuS,
1548 1485 1713 1560 restituto
1760 1485 1926 1582 deinceps
1948 1480 2132 1558 annalium
2165 1481 2290 1556 ordine

653 1611 846 1688 narraturi.

477 1713 586 1860 arbrit-
700 1736 975 1812 Moscovitarum
988 1733 1251 1812 etOosacorum
1267 1703 1304 1808 in
1329 1734 1530 1831 provincias
1547 1735 1691 1811 Russiae
1714 1742 1753 1810 'et
1779 1733 1954 1810 Lituaniae
1976 1755 2105 1830 magno
2132 1752 2281 1809 numero

477 1899 585 1976 sanger·
650 1864 859 1939 irruentium
880 1873 963 1940 ante
980 1865 1071 1940 alios
1095 1865 1236 1939 hostilis
1264 1865 1415 1961 impetus
1432 1865 1582 1961 perculit
1595 1865 1717 1940 Socios
1745 1865 1784 1938 in
1808 1864 1984 1938 domicilio
1999 1865 2281 1952 Bobruiscensi3

476 1960 613 2114 mil*
648 1987 726 2064 loco
745 1989 806 2064 illo
823 1991 988 2076 citeriore
1013 1991 1142 2064 finibus
1166 1990 1326 2076 hosticis,
1355 1989 1494 2086 injuriis
1519 1990 1638 2086 itaque
1668 1991 1826 2088 proxime
1862 1988 2027 2063 obnoxio.
2052 1989 2216 2062 Caedibus
2247 1997 2284 2064 et
2374 2069 2376 2074 ,

649 2115 821 2188 incendiis
835 2115 1030 2190 uicinorum
1048 2115 1242 2202 conterriti,
1264 2115 1501 2210 profugerunt
1525 2114 1705 2213 oppidani,
1725 2123 1806 2213 post
1822 2137 1883 2190 eos
1911 2113 2040 2212 dilapsi
2058 2114 2166 2202 Socii,
2188 2115 2284 2188 vasis

647 2240 769 2336 templi
783 2247 819 2313 et
834 2242 939 2314 rebus
964 2241 1108 2337 majoris
1121 2240 1226 2337 pretii
1244 2239 1302 2312 vel
1319 2238 1461 2325 abditis,
1477 2240 1535 2314 vel
1552 2263 1671 2314 secum
1683 2240 1820 2329 ablatis3
1840 2240 1915 2313 solo
1934 2239 1981 2312 ad
1998 2238 2195 2314 custodiam
2213 2238 2275 2314 do·

647 2388 725 2439 mus
738 2366 860 2440 relicto
878 2389 898 2439 e
916 2389 980 2439 suo
1002 2365 1160 2470 Collegio
1179 2366 1376 2453 sacerdote,
1393 2388 1478 2440 sene
1495 2365 1570 2454 illo,
1587 2374 1622 2440 et
1642 2368 1720 2463 jam
1734 2365 1880 2440 dissolvi
1892 2365 2067 2463 cupiente.
2087 2365 2204 2463 Atque
2221 2367 2280 2441 hio

540 2524 557 2582 3
648 2489 800 2586 aliquem
812 2491 979 2565 desiderii
988 2496 1024 2564 et
1040 2491 1251 2564 constantiae
1259 2490 1416 2587 percepit
1425 2488 1574 2564 fructum
1589 2491 1658 2588 (an.
1673 2491 1792 2587 1648);
1805 2490 2044 2576 alatronibus,
2057 2490 2279 2588 quodtempli

474 2609 571 2744 {iffi
648 2615 901 2710 supellectilem
914 2613 1064 2712 prodere
1078 2615 1200 2700 nollet,
1218 2622 1398 2702 contusus,
1414 2621 1621 2712 tantumque
1639 2639 1709 2688 non
1723 2615 1914 2689 confectus.
1926 2615 2070 2689 Exactis
2079 2615 2276 2690 Bobruisco

473 2773 565 2828 nanta
648 2745 683 2812 et
715 2747 792 2812 tota
821 2738 884 2812 illa
909 2740 1090 2836 provincia
1106 2740 1347 2835 praedonibus,
1367 2738 1464 2812 haud
1488 2739 1596 2835 longo
1614 2739 1799 2814 intervallo
1831 2739 1926 2813 Socii
1955 2740 2098 2814 domum
2115 2740 2161 2812 ad
2178 2763 2279 2814 suum

473 2848 611 2985 meir·
647 2870 842 2966 praestitem
859 2891 978 2944 senem
995 2869 1187 2943 redierunt.
1209 2870 1422 2943 Pinscenses
1440 2857 1479 2941 in
1496 2892 1559 2942 suo
1591 2868 1767 2943 domicilio
1792 2869 1965 2966 tantisper
1991 2867 2136 2964 integri,
2163 2866 2280 2964 depel-

473 3009 503 3064 ta
517 3009 622 3080 templi.
646 2987 800 3064 lentibus
816 2992 1036 3065 incursantes
1051 2992 1226 3079 Lituania,
1248 2977 1381 3089 suaque
1398 2992 1591 3066 tuentibuS.
1612 2995 1688 3076 Per¹
1704 2995 1741 3067 id
1754 2993 1817 3067 otii
1835 2993 1953 3066 domui
1973 2990 2123 3087 collegii
2136 2991 2275 3072 ecoctia

453 3097 454 3100 Ἴ
473 3119 611 3214 Lopaan-
646 3113 824 3213 lapidibus
843 3117 1061 3191 aedificandae
1078 3117 1167 3213 lapis
1185 3117 1405 3214 angularisa
1422 3117 1604 3192 conditore
1618 3118 1776 3216 principe
1790 3117 1968 3191 Stanislao
1982 3115 2164 3191 Radivillo
2182 3140 2275 3212 praa·

429 3271 432 3278 ·
473 3199 581 3336 iffi
641 3243 771 3339 pertua,
804 3249 1028 3317 consecratus
1058 3243 1198 3316 nomine
1217 3243 1289 3315 divi
1323 3242 1505 3328 Stanislai,
1526 3243 1749 3318 vlalendas
1762 3244 1925 3318 octobres
1943 3265 2011 3340 quo
2029 3243 2085 3316 die
2103 3243 2276 3320 memoria

646 3366 891 3440 translationis
914 3365 1012 3440 beati
1037 3365 1143 3460 hujus
1160 3367 1336 3463 pontificis
1353 3367 1391 3441 in
1409 3367 1560 3441 Polonia
1576 3369 1755 3442 recolitur.
1786 3368 1984 3465 Templum,
1997 3367 2076 3463 jam
2092 3374 2176 3442 ante
2190 3391 2275 3444 oon·

647 3491 772 3578 ditum,
806 3491 878 3565 aris
910 3491 1093 3588 signisque
1124 3494 1235 3567 sacris
1263 3494 1332 3567 boo
1352 3516 1445 3568 anno
1476 3493 1622 3591 pulchre
1657 3500 1831 3578 ornatum,
1878 3498 2092 3590 procurante
2125 3491 2278 3588 collegii

643 3624 805 3704 rectore,
824 3616 971 3692 Andrea
987 3617 1167 3692 Volouicz.

541 3759 559 3814 ⁴
617 3789 619 3796 ·
693 3742 790 3816 Alibi
807 3740 971 3838 sepulcra
999 3741 1120 3815 multis
1137 3743 1275 3840 aperuit
1301 3743 1470 3840 temporis
1487 3741 1703 3841 pestilentia.
1733 3741 1924 3818 Subierunt
1944 3741 2006 3816 illa
2030 3750 2163 3839 praeter
2180 3739 2274 3821 alios

383 3940 384 3944 ,
474 3837 605 3976 ffigffi'
646 3867 841 3964 eCollegio
875 3867 1098 3941 Nesvisiensi
1115 3866 1317 3941 sacerdotes
1348 3870 1431 3954 duc,
1460 3869 1560 3966 digni
1589 3868 1788 3943 memoria:
1814 3867 1951 3941 Paulus
1977 3867 2210 3944 Skorulskius
2236 3880 2275 3947 et

475 3996 577 4094 Dyrta:
644 3992 872 4067 Sebastianus
889 3992 1184 4090 Duczyminskius
1202 4018 1210 4067 :
1230 3993 1288 4066 bio
1304 3993 1340 4065 in
1354 3994 1531 4080 Masovia,
1551 3994 1612 4067 ille
1636 3994 1674 4067 in
1692 3994 1872 4078 Lituania,
1893 3994 1962 4066 orti
1979 4017 2111 4091 genera
2130 4015 2273 4093 praeno·

473 4078 602 4215 {iffi
642 4117 719 4191 bili.
735 4120 778 4192 In
795 4116 910 4193 Paulo
928 4117 1132 4216 spectabilia
1148 4127 1250 4192 erant·
1277 4120 1430 4194 maxime
1451 4145 1460 4193 :
1481 4120 1636 4195 studium
1651 4122 1782 4196 divinae
1796 4121 1923 4217 gloriae
1949 4130 1984 4197 et
2013 4145 2132 4200 rerum
2145 4123 2274 4198 huma-

644 4269 769 4320 narum
782 4246 905 4341 suique
922 4245 1160 4342 despicientia.
1177 4246 1235 4319 Ad
1252 4247 1425 4343 praeclara
1449 4271 1598 4344 quaeque
1629 4253 1733 4320 natus
1750 4247 1991 4344 formatusque
2007 4270 2169 4334 munera,
2191 4249 2275 4322 nul-

642 4365 716 4442 lum
733 4392 777 4443 ex
794 4368 846 4443 eis
863 4367 1007 4441 admisit
1026 4394 1034 4442 :
1055 4370 1119 4444 sed
1136 4394 1181 4445 ex
1196 4371 1377 4468 proposito
1394 4393 1552 4446 amorem
1568 4371 1634 4445 Dei
1651 4393 1754 4445 suum
1775 4371 1814 4444 in
1831 4371 2126 4466 ipsiahumilibus
2144 4371 2274 4446 officiis

642 4493 822 4568 exercuit:
844 4495 1041 4592 complures
1058 4519 1171 4570 annos
1187 4497 1281 4572 idem
1299 4506 1335 4572 et
1351 4498 1523 4594 magister
1540 4519 1604 4594 per
1622 4497 1762 4570 scholas
1780 4497 1996 4584 catechismi,
2018 4504 2054 4571 et
2069 4520 2272 4595 pauperum

641 4621 678 4693 in
693 4619 867 4694 domicilio
885 4623 931 4695 ad
949 4621 1061 4696 aedem
1082 4623 1120 4697 S.
1155 4622 1316 4696 Casimiri
1334 4623 1528 4697 Vilnensie
1545 4623 1707 4720 precario
1722 4628 1860 4717 quaestu
1875 4621 1991 4709 altor,
2026 4627 2062 4696 'et
2089 4623 2272 4698 interdurn

645 4747 883 4834 concionator,
912 4748 1120 4836 industrius,
1151 4747 1326 4836 incensus,
1344 4749 1482 4824 efficax.
1511 4747 1567 4822 Ad
1585 4749 1698 4821 ardua
1714 4747 1849 4844 quaevis
1872 4747 2003 4821 divinae
2020 4746 2146 4843 gloriae
2160 4767 2275 4824 causa·

645 4873 829 4969 expeditus
847 4893 985 4970 semper
1013 4880 1049 4946 et
1081 4873 1214 4948 alacer.
1235 4873 1374 4948 Relicto
1406 4874 1461 4947 sui
1480 4872 1656 4948 desiderio
1678 4871 1811 4962 multis,
1843 4872 1899 4944 vir
1924 4878 2069 4969 propter
2103 4873 2278 4969 egregias

642 4997 752 5070 animi
767 4995 892 5072 laudes
910 5005 946 5070 et
974 4997 1101 5072 merita
1118 5019 1222 5073 carus
1248 5000 1424 5084 omnibus,
1446 4998 1533 5072 obiit
1550 5021 1643 5072 anno
1670 4997 1786 5074 atatis
1815 4995 1878 5086 68,
1897 4997 2074 5072 tricesimo
2104 5004 2232 5073 exacto
2252 5021 2279 5074 a

641 5122 756 5220 primo
772 5129 932 5221 tempore
948 5122 1109 5219 religiosi
1134 5124 1173 5198 in
1189 5123 1366 5201 Societate
1385 5123 1550 5200 tirocinii.
1571 5123 1749 5200 Minorem
1766 5129 1865 5211 natu,
1886 5129 1921 5198 et
1938 5130 2076 5199 tantum
2089 5145 2162 5198 non
2178 5123 2276 5200 ado-

642 5244 850 5336 lescentem,
881 5247 1132 5326 Sebastianum
1157 5249 1328 5348 corripuit
1354 5271 1463 5327 mors.
1494 5249 1644 5346 Ingenio
1660 5248 1728 5325 fuit
1745 5248 1889 5339 eximio,
1914 5254 1964 5336 et,
1998 5267 2078 5346 quae
2090 5247 2198 5344 hujus
2216 5257 2279 5326 est
