4948 6654
660 841 722 906 216
1030 840 1306 902 Ltrulrucnttuu
1329 840 1541 902 socturnrls
1561 842 1647 904 JESU
1669 843 1922 906 fltsrontnuuu

664 1037 812 1106 ctarent.
835 1029 1011 1106 Amabant
1037 1053 1115 1102 eam
1144 1031 1180 1102 in
1212 1031 1397 1128 gymnasio
1425 1029 1613 1103 Societatis
1638 1030 1860 1127 disciplinam
1880 1033 2077 1129 juventutis
2104 1035 2215 1117 nives,
2243 1055 2288 1105 ac

665 1156 917 1253 praedicabant.
935 1155 1018 1227 Istis
1035 1154 1209 1226 admoniti
1225 1154 1390 1228 laudibus
1407 1163 1527 1251 patres
1544 1179 1564 1231 e
1581 1155 1717 1228 familia
1735 1155 1878 1229 Ordinis
1900 1157 1944 1228 de
1972 1157 2097 1230 Monte
2111 1158 2286 1242 Cermalo,

666 1305 729 1377 per
741 1282 879 1354 beatam
898 1280 1074 1374 virginem
1099 1261 1309 1351 Therasiam
1325 1279 1518 1364 reformati,
1535 1303 1557 1353 a
1575 1281 1765 1354 Germania
1783 1289 2008 1354 transeuntes
2034 1283 2070 1352 in
2090 1282 2287 1367 Persidem,

666 1412 705 1481 ut
732 1410 770 1481 in
788 1406 877 1500 ejus,
896 1411 970 1475 tam
992 1402 1137 1498 pulchre
1159 1403 1322 1488 instituti,
1344 1402 1460 1477 album
1476 1404 1628 1478 sodalitii
1647 1429 1711 1477 sua
1728 1406 1990 1480 ascriberentur
2007 1406 2164 1490 nomina,
2184 1429 2291 1501 roga-

665 1539 768 1616 runt3
801 1530 928 1602 itinere
964 1527 1188 1621 consiliisque
1218 1528 1291 1600 suis
1320 1530 1484 1602 Mariano
1518 1531 1623 1602 coetui
1654 1530 1920 1603 commendatis.
1959 1529 2014 1601 Ex
2040 1552 2081 1601 eo
2109 1530 2293 1604 Sodalium

665 1657 816 1752 collegio
841 1656 909 1727 hoc
924 1676 1018 1725 auno
1036 1653 1198 1723 dicarunt
1216 1675 1255 1724 se
1273 1653 1347 1724 Deo
1366 1677 1373 1724 :
1395 1661 1530 1748 septem
1556 1655 1591 1724 in
1618 1654 1821 1748 religiosam
1850 1655 2169 1727 Franciscanorum
2187 1655 2291 1727 lami-

663 1781 762 1864 liam,
781 1780 926 1853 totidem
957 1777 994 1847 in
1024 1777 1193 1848 Ordinem
1223 1775 1486 1848 Basilianorum
1510 1779 1645 1872 accepti
1675 1803 1683 1849 :
1716 1778 1898 1872 quindeni,
1932 1784 1970 1850 ut
2004 1779 2040 1849 in
2077 1778 2291 1851 Societatem

494 1929 631 1987 Amneni·
665 1911 925 2000 cooptarentur,
947 1907 1114 1984 orarunt;
1136 1907 1214 1970 octo
1237 1898 1408 1972 duntaxat
1421 1901 1664 1996 impetrarunt,
1686 1901 1779 1994 quod
1794 1900 1971 1994 angustiae
1996 1899 2121 1974 domus
2141 1901 2295 1975 novellae

492 2025 522 2143 1⁰2
530 2010 622 2144 ἓξὲξ
658 2030 735 2125 jam
753 2027 987 2100 admissorum
1000 2045 1145 2095 numero
1163 2029 1282 2095 essent
1299 2022 1460 2117 expletae.
1479 2023 1696 2096 Caeterorum
1715 2024 1821 2096 etiam
1838 2025 2120 2096 academicorum
2140 2049 2292 2097 comme-

492 2163 607 2219 famlias
666 2152 846 2226 morabilis
864 2149 990 2245 pietas,
1017 2147 1053 2217 in
1081 2146 1283 2218 calamitate
1312 2149 1529 2242 perturbatae
1559 2147 1781 2242 Reipublicae
1818 2149 2103 2244 supplicantium.
2125 2149 2294 2222 Trecenti

492 2248 603 2317 ‘wi'
661 2276 825 2370 amplius,
850 2273 1036 2367 lugubrem
1054 2271 1090 2341 in
1108 2270 1249 2342 modum
1262 2269 1413 2356 linteati,
1435 2271 1587 2366 flagellis
1605 2273 1751 2368 quisque
1778 2272 1816 2344 in
1829 2295 1894 2345 sua
1913 2275 2041 2345 armati
2056 2281 2174 2369 terga,
2190 2273 2293 2345 trifa-

662 2400 764 2484 riam,
781 2397 971 2471 secundum
985 2401 1104 2489 partes
1132 2395 1224 2467 sacri
1242 2393 1399 2481 Rosarii‚
1417 2395 1521 2466 divisi
1539 2421 1546 2466 :
1564 2418 1647 2490 pars
1661 2396 1848 2490 gaudentis
1875 2397 1999 2470 Beatae
2016 2397 2191 2492 Virginis,
2208 2419 2295 2492 pars

662 2522 817 2617 ejusdem
840 2518 1004 2600 dolentia,
1023 2537 1106 2610 pars
1120 2515 1270 2610 denique
1291 2517 1540 2611 triumphantis
1567 2519 1737 2614 mysteria
1756 2519 1868 2591 sacris
1890 2518 2111 2592 celebrantes
2129 2519 2297 2592 carmini-

615 2649 617 2654 ’
660 2648 740 2730 bus,
760 2645 806 2717 ab
822 2642 1023 2716 academico
1039 2639 1169 2736 templo
1187 2642 1232 2712 ad
1244 2641 1363 2713 fanum
1382 2644 1423 2714 B.
1446 2642 1631 2737 Stephani,
1653 2651 1754 2716 extra
1776 2645 1909 2717 moenia
1933 2645 2064 2730 situn1;
2096 2645 2194 2716 illinc
2210 2654 2296 2739 post

663 2768 873 2846 sacrificium
902 2767 1034 2848 missae‚
1063 2765 1257 2860 provolutis
1281 2766 1318 2836 in
1348 2773 1480 2838 terram
1506 2767 1724 2860 corporibus,
1747 2766 1923 2862 religione
1952 2768 2132 2862 praecipua
2161 2767 2297 2838 divinae

665 2894 821 3009 oblatum
847 2889 1057 2971 clementiae,
1085 2889 1193 2982 longo
1219 2896 1334 2960 tractu
1361 2890 1494 2983 pariter
1524 2890 1700 2985 supplices
1726 2890 1772 2962 ad
1795 2891 1931 2985 regium
1959 2891 2040 2962 Divi
2060 2889 2223 2963 Casirniri
2252 2891 2293 2961 in

492 3021 642 3111 araucas·
668 3018 834 3115 primario
848 3015 979 3111 templo
1001 3013 1169 3087 sacellum
1183 3023 1444 3107 processerunt,
1465 3023 1539 3087 tota
1557 3015 1630 3088 fere
1648 3015 1837 3088 comitante
1855 3017 2009 3088 civitate.
2032 3016 2226 3088 Commovit
2244 3015 2291 3087 ad

488 3097 639 3246 pqqqpqp
668 3140 958 3237 comprecantium
976 3138 1110 3210 incolas
1126 3137 1240 3210 altera
1268 3160 1406 3232 quoquc
1427 3138 1463 3210 in
1488 3138 1618 3233 templo
1644 3138 1845 3210 academico
1876 3139 2111 3233 supplicatio:
2135 3139 2291 3210 triduum

492 3255 612 3323 '¹f²¹¹⁰¹³
665 3269 728 3340 illa
748 3265 1022 3340 Bacchanalium
1043 3271 1127 3336 ante
1151 3261 1347 3358 expositam
1370 3263 1520 3334 hostiam
1538 3264 1694 3334 divinam
1710 3264 1870 3335 instituta
1887 3264 2056 3335 horarum
2071 3264 2184 3358 spatio
2200 3287 2287 3358 qua-

492 3349 549 3470 111]
552 3349 643 3403 preec-
666 3392 845 3486 draginta.
862 3391 964 3462 Hanc
980 3411 1117 3482 quoque
1135 3386 1285 3481 populus
1310 3386 1500 3458 celebravit
1517 3395 1589 3458 tarn
1609 3387 1783 3481 frequens,
1810 3393 1848 3458 ut
1874 3387 2029 3481 ipsorum
2057 3386 2212 3480 quidem,
2229 3387 2294 3480 qui

666 3519 733 3590 hoc
765 3515 882 3588 triduo
916 3513 959 3586 ad
987 3534 1145 3583 mensam
1175 3509 1450 3582 Eucharisticam
1481 3511 1548 3583 rite
1574 3511 1801 3596 accesserint,
1830 3517 1980 3606 quatuor
2006 3510 2154 3606 amplius
2181 3509 2297 3582 millia

664 3648 848 3718 numerata
864 3641 934 3712 sint
954 3664 962 3711 :
983 3643 1129 3710 caeteros
1147 3635 1328 3731 templum,
1349 3637 1566 3732 peramplum
1583 3634 1683 3718 illud,
1705 3636 1764 3705 vix
1791 3641 1942 3728 caperet.
1961 3633 2170 3728 Comparate
2188 3634 2293 3706 fuere

665 3767 828 3863 quaedam
844 3764 889 3837 ad
908 3765 1124 3857 frequentem
1141 3767 1349 3832 conventum
1366 3760 1473 3833 illicia
1494 3786 1501 3833 :
1522 3761 1613 3834 inter
1640 3762 1724 3847 alia,
1750 3763 1943 3858 exquisitus
1971 3763 2091 3857 templi
2119 3786 2161 3835 ac
2174 3760 2297 3833 varius

663 3914 727 3986 per
747 3913 809 3963 eos
838 3887 913 3959 dies
944 3893 1112 3957 ornatus:
1135 3879 1224 3954 adea
1241 3883 1451 3956 musicorum
1478 3886 1514 3957 in
1539 3887 1657 3982 plures
1689 3891 1814 3963 choros
1847 3891 2032 3987 disposita,
2053 3899 2160 3984 atque
2181 3891 2216 3960 in
2236 3891 2296 3964 his

665 4011 906 4112 symphoniaci
935 4009 1189 4089 adolescentes,
1219 4005 1390 4099 exquisite
1416 4006 1463 4077 ad
1488 4031 1626 4082 sacram
1657 4035 1797 4086 scenam
1825 4014 1951 4099 ornati,
1972 4015 2229 4110 diligenterque
2247 4013 2298 4086 ad

668 4136 864 4210 canendum
895 4133 1026 4206 eruditi
1047 4157 1054 4204 :
1075 4130 1168 4202 binae
1187 4135 1272 4222 quot
1290 4128 1411 4201 diebus
1431 4131 1615 4206 conciones
1638 4160 1645 4206 :
1667 4137 1744 4232 ipsa
1769 4138 1919 4234 denique
1943 4138 2141 4233 juventutis
2171 4139 2296 4210 acade-

671 4261 783 4344 micae,
804 4259 849 4331 ad
866 4257 1029 4352 pietatem
1056 4259 1218 4326 accurata
1250 4253 1465 4346 compositae,
1486 4261 1740 4351 comprecantis
1758 4261 1929 4356 exempla.
1952 4262 2091 4334 Placuit
2107 4263 2158 4332 ita
2176 4283 2219 4333 ea
2235 4284 2297 4334 ca-

591 4471 597 4486 ·
670 4387 879 4460 tholicorum
912 4383 1027 4479 pietas
1060 4378 1240 4453 haereticis
1270 4377 1388 4462 etiam,
1418 4387 1457 4451 ut
1493 4382 1639 4456 subinde
1672 4385 1800 4480 viginti
1839 4387 1990 4482 amplius
2021 4387 2065 4459 ad
2098 4387 2297 4460 Ecclesiam

499 4472 647 4607 3?ss
672 4511 869 4584 Romanam
896 4505 1171 4600 obsequiumque
1190 4501 1372 4574 redierint.
1395 4503 1436 4574 ln
1452 4503 1508 4576 his
1529 4505 1590 4578 ille
1608 4507 1715 4582 fuisse
1731 4510 1871 4596 dicitur,
1892 4511 1950 4605 qui
1970 4535 2119 4598 sacram,
2136 4513 2298 4609 proposi-

499 4627 646 4763 npiexno·
671 4644 744 4710 tam
769 4636 807 4707 in
831 4634 936 4708 altari
952 4630 1105 4704 hostiam
1123 4629 1284 4712 intuituS,
1306 4627 1454 4700 mirifica
1479 4631 1725 4706 circumfusam
1754 4635 1845 4720 luce,
1870 4635 1984 4730 plenae
2010 4633 2158 4708 similem
2183 4634 2295 4721 lunae,

498 4725 647 4842 ramescien-
673 4762 845 4857 sauguine
874 4759 1057 4831 rubentem
1085 4760 1369 4846 manantemque.
1390 4753 1450 4824 diu
1474 4755 1703 4831 mirabundus
1729 4761 1906 4854 spectarit,
1934 4760 2039 4853 idque
2063 4758 2299 4854 jurejurando

498 4879 627 4998 wera
666 4888 846 4984 judicibus
863 4880 1040 4976 religiosis
1059 4885 1183 4972 sponte
1211 4873 1439 4948 confirmarit.
1460 4877 1506 4950 Et
1525 4887 1602 4952 erat
1625 4880 1731 4952 homo
1756 4882 1862 4953 sortis
1884 4903 1954 4953 uon
1971 4881 2116 4966 infimae,
2135 4883 2301 4976 interque
2451 4931 2452 4988 q

498 5023 550 5076 cur.
673 5013 852 5108 capitones
869 5003 1055 5089 haereticos
1074 5025 1152 5074 cum
1170 4999 1256 5072 satis
1274 4997 1396 5071 doctus
1414 5007 1487 5072 tum
1507 5010 1613 5075 sectae
1631 5027 1705 5077 suae
1722 5004 1866 5077 Arianae
1880 5004 2044 5077 laudator
2061 5027 2216 5102 pugnax.

721 5134 915 5230 Negotium
944 5128 1145 5203 dividendae
1172 5125 1209 5195 in
1236 5124 1456 5198 Lituanicam
1486 5137 1522 5202 et
1547 5130 1751 5204 Polonicam
1781 5131 1984 5225 provinciae,
2013 5132 2056 5204 ab
2082 5154 2171 5205 anno
2201 5133 2301 5206 1590

671 5263 842 5332 tentatum
861 5255 989 5338 adhuc,
1010 5249 1219 5325 laroslaviae
1236 5244 1383 5319 tandem
1397 5248 1432 5320 in
1450 5254 1726 5347 congregatione
1744 5253 1949 5350 provinciali
1972 5255 2181 5351 expeditum.
2204 5254 2299 5330 Con·
