4930 6634
768 834 878 894 LIBER
900 835 1068 901 OCTAVUS
1098 834 1317 919 (Iseo-1630).
1752 834 1817 900 299

179 1017 278 1089 tione
295 1017 483 1100 excitatus,
511 1017 634 1091 ultimo
653 1028 781 1092 conatu
799 1021 992 1116 periclitari
1018 1019 1198 1094 fortunam
1223 1023 1291 1095 hoc
1316 1024 1394 1119 ipso
1421 1024 1479 1097 die
1491 1023 1597 1119 jubet
1618 1022 1812 1119 operarios.
1842 1037 1904 1092 1631

181 1142 374 1214 Probatam
392 1165 471 1215 esse
489 1142 557 1215 hoc
573 1151 679 1239 pacto
694 1150 730 1216 et
752 1145 938 1242 placuisse,
960 1153 1112 1242 oportet,
1136 1148 1212 1219 Deo
1243 1147 1338 1242 piam
1365 1148 1515 1222 hominis
1547 1148 1779 1221 constantiam
1804 1171 1812 1218 :

180 1265 314 1363 aliquot
329 1267 498 1341 horarum
516 1269 716 1350 intervallo,
744 1292 766 1342 a
791 1270 940 1364 triginta
958 1293 1028 1342 non
1051 1271 1203 1366 amplius
1234 1269 1429 1346 fossoribus
1453 1281 1590 1346 tantum
1616 1273 1755 1346 ruderis
1781 1280 1816 1345 et
1856 1283 1858 1290 ’

180 1391 295 1463 sabuli
324 1401 484 1487 egestum
509 1395 559 1488 (1),
579 1401 710 1487 quanto
738 1393 871 1466 tumulo
895 1395 1146 1489 exaggerando
1164 1397 1298 1468 treceni
1315 1397 1404 1468 alias
1439 1397 1627 1492 pluresque
1659 1396 1816 1491 operarii

180 1515 277 1588 haud
294 1515 529 1604 suffecissent,
550 1517 608 1590 vel
624 1519 655 1590 si
672 1518 827 1590 triduum
845 1517 896 1590 illi
914 1519 1183 1612 quatriduumve
1201 1519 1347 1592 intentis
1373 1519 1581 1594 molirentur
1607 1521 1739 1594 nervis.
1774 1524 1813 1594 ln

181 1649 304 1736 aperto
333 1641 459 1714 rudeto
486 1649 522 1714 et
546 1642 774 1715 fundamenta
798 1642 886 1714 aedis
912 1649 948 1714 et
973 1641 1086 1714 altare
1114 1642 1299 1738 integrum.
1330 1645 1444 1730 Divae,
1475 1652 1510 1717 et
1540 1645 1671 1716 nummi
1696 1645 1817 1739 sparsi

173 1766 317 1850 circum,
338 1775 480 1862 reperta
503 1772 596 1839 sunt.
619 1768 753 1847 Quare
771 1767 874 1838 laetus
892 1774 1028 1850 auctor,
1050 1769 1143 1840 omni
1162 1769 1246 1841 inde
1260 1769 1377 1841 studio
1397 1777 1431 1842 et
1451 1771 1575 1867 opibus
1593 1771 1629 1841 in
1643 1792 1814 1865 reponen-
1842 1821 1972 1880 Sacellum

173 1891 256 1962 dam
267 1891 390 1963 eodem
406 1892 484 1964 loco
498 1890 639 1986 Virgini
667 1890 889 1963 Beatissimae
907 1892 1019 1964 aedem
1037 1890 1204 1964 incubuit.
1226 1893 1396 1966 Triennio
1411 1901 1649 1967 constructam
1680 1893 1812 1987 episco·
1842 1914 1971 1957 commen-
1993 1927 1996 1933 ¹

170 2036 241 2110 pus
258 2015 485 2088 Varmiorum
503 2017 625 2090 Simon
643 2015 866 2088 Rudnickius
887 2014 1073 2088 dedicavit.
1091 2016 1282 2110 Reliquum
1301 2024 1390 2100 erat,
1413 2025 1450 2090 ut
1467 2020 1702 2094 invitarentur
1721 2019 1812 2091 anti·
1843 1978 1990 2114 iffi&

172 2139 291 2223 stites,
319 2162 468 2233 quorum
485 2164 580 2213 curae
598 2139 904 2213 commendaretur
925 2161 982 2212 res
1002 2162 1114 2211 sacra.
1840 2135 1898 2192 ¹³¹¹&

222 2262 304 2334 Jam
321 2285 375 2336 eo·
387 2261 533 2336 consilio
552 2263 754 2358 Stephanus
771 2263 933 2336 homines
952 2263 1140 2336 Societatis
1162 2257 1354 2332 collocarat
1378 2259 1534 2332 Resselii
1551 2261 1713 2356 bonaque
1740 2288 1805 2338 sua
1836 2293 1989 2366 Stephanus

170 2382 308 2457 eisdem
326 2384 477 2457 donarat
494 2385 633 2472 omnia;
654 2386 760 2482 idque
778 2410 871 2458 anno
895 2387 1003 2471 1626,
1024 2387 1112 2459 VIII
1133 2387 1212 2459 idus
1229 2387 1407 2481 quintiles
1429 2386 1596 2461 confectis
1610 2391 1677 2463 rite
1702 2392 1804 2465 tabu·
1828 2370 1979 2512 ppqdurski

166 2508 217 2580 lis
247 2509 484 2582 confirmarat.
507 2510 577 2583 Sed
600 2511 684 2605 quid
697 2534 814 2584 causae
832 2521 919 2594 tum,
940 2511 1060 2583 nescio
1078 2511 1156 2596 fuit,
1177 2534 1239 2583 cur
1257 2509 1426 2583 Societati
1444 2511 1574 2583 donum
1587 2512 1622 2584 id
1646 2515 1805 2610 accipere
1832 2473 1943 2595 6611ιὲ6861

170 2656 246 2705 11611
262 2632 415 2706 licuerit.
438 2633 492 2706 Ea
508 2633 622 2707 incisa
635 2657 711 2729 spe,
733 2634 970 2708 Szadurskius
988 2634 1035 2706 ad
1053 2635 1257 2730 episcopum
1275 2657 1378 2707 suum
1396 2657 1434 2708 se
1460 2635 1607 2722 confert,
1643 2647 1735 2726 orat,
1768 2649 1808 2714 ut
1833 2619 1953 2676 Bm·

170 2779 196 2830 e
212 2779 276 2830 suo
290 2757 509 2831 sacerdotum
527 2756 676 2852 collegio
694 2765 767 2830 tres
799 2758 981 2831 minimum
1000 2759 1035 2831 in
1051 2758 1254 2831 Marianam
1272 2757 1397 2831 Lindae
1410 2759 1585 2831 coloniam
1598 2760 1804 2837 mittantur:

170 2887 337 2978 paratam
357 2904 435 2955 esse
452 2880 612 2977 pluribus
640 2882 745 2954 etiam
776 2882 984 2977 colligendis
1015 2883 1176 2955 domum:
1211 2883 1336 2968 aedem,
1370 2883 1475 2979 qu'am
1492 2883 1692 2960 dedicasset
1716 2889 1805 2984 ipse,

171 3008 355 3081 desertam
369 3031 461 3092 esse,
479 3033 523 3082 ne
537 3015 730 3105 pateretur.
752 3010 958 3105 Impetravit
974 3009 1012 3081 id
1027 3010 1088 3083 ille
1104 3011 1244 3105 quidem
1261 3039 1269 3097 ;
1290 3011 1353 3085 sed
1374 3035 1416 3086 eo
1430 3013 1560 3107 gaudio
1584 3037 1649 3087 suo
1678 3014 1807 3092 fruitus
1918 3097 1924 3112 ,

169 3139 230 3205 est
249 3132 346 3206 haud
365 3132 425 3206 diu
443 3159 451 3206 :
470 3157 552 3207 mox
568 3134 726 3230 hospites
741 3135 808 3217 sui,
829 3135 886 3207 vel
900 3134 1007 3208 taedio
1025 3135 1103 3231 ejus
1121 3135 1214 3208 inter
1231 3143 1358 3230 tesqua
1387 3136 1602 3225 solitudinis,
1623 3140 1680 3215 vel
1697 3144 1806 3237 pesti·
1834 3097 1987 3249 qimid:

167 3255 294 3329 leutiae
311 3264 420 3340 metu,
436 3257 635 3330 evastantis
653 3259 784 3331 circum
802 3281 927 3352 pagos,
948 3257 1169 3331 dilabuntur.
1196 3258 1244 3331 At
1274 3259 1372 3352 locus
1403 3282 1487 3334 suus
1488 3321 1500 3360 a
1514 3286 1623 3350 curae,
1652 3275 1804 3361 oportet,
1833 3257 1932 3390 {22¹²ss

168 3381 244 3475 ipsi
272 3380 377 3454 fuerit
394 3381 557 3454 Dominae
576 3382 831 3470 Beatissimae;
862 3382 963 3478 isque
996 3383 1082 3477 ipsis
1109 3405 1130 3456 e
1164 3383 1341 3457 societate
1369 3385 1459 3458 Jesu
1488 3387 1669 3482 inquilinis
1695 3391 1741 3463 ab
1763 3414 1807 3465 ea
1836 3351 1946 3468 bucin·

167 3505 393 3601 assignatus.
414 3507 445 3578 Ε
463 3506 621 3601 Collegio
636 3506 935 3602 Brunsbergensi‚
955 3530 1068 3601 nuper
1081 3531 1107 3578 a
1121 3506 1243 3580 Suecis
1262 3509 1444 3605 dissipato,
1462 3511 1505 3584 P.
1528 3513 1648 3586 Simon
1669 3515 1806 3590 Heinus

167 3652 256 3703 oum
273 3630 375 3703 Socio
393 3631 594 3704 Resselium
613 3630 658 3702 ad
678 3631 970 3704 Szadurscianam
1000 3632 1175 3704 coloniam
1188 3631 1359 3727 confugit.
1381 3633 1502 3708 Laetus
1532 3635 1603 3710 ista
1620 3640 1806 3717 occasione
1837 3669 1905 3726 som
1933 3670 1987 3740 pri-

169 3751 437 3827 Sradurskius:
474 3781 491 3813 a
524 3755 623 3849 atqui
653 3778 727 3840 vos,
757 3755 884 3850 inquit,
906 3756 1047 3840 Patres,
1076 3756 1154 3852 ipsa
1189 3756 1270 3828 coeli
1299 3765 1545 3855 terrarumque
1574 3762 1716 3837 domina
1726 3765 1804 3859 jam
1835 3753 1986 3890 fflffi'n

172 3907 194 3940 a
217 3877 348 3980 dudum
372 3877 497 3950 Lindae
515 3879 551 3950 in
577 3890 641 3951 suo
668 3878 760 3951 161161
787 3878 905 3973 agello
931 3879 1170 3975 praestolatur.
1200 3881 1407 3977 Praeparata
1435 3883 1504 3955 rite
1529 3886 1629 3958 vobis
1658 3887 1705 3960 ibi
1724 3897 1807 3964 sunt
1833 3871 1974 3968 61111111-

172 4033 194 4064 a
218 4003 348 4075 omnia.
371 4003 511 4074 Donum
527 4001 668 4087 Mariae,
705 4004 800 4099 quod
841 4004 990 4098 integris
1017 4029 1130 4101 nuper
1156 4005 1263 4080 rebus
1298 4007 1425 4080 vestris
1444 4006 1693 4100 detrectastis,
1714 4037 1808 4088 nunc
1833 3993 1884 4049 cu

173 4155 196 4188 a
221 4126 343 4221 utique
359 4133 532 4209 extorres
552 4125 756 4210 errabundi,
772 4127 927 4220 fessique
944 4127 1102 4223 accipite.
1122 4129 1215 4209 Quin
1229 4152 1270 4202 eo
1283 4131 1360 4225 Jam
1380 4132 1516 4206 alacres
1533 4135 1600 4207 bac
1622 4135 1702 4231 ipsa
1717 4136 1807 4212 hora

173 4282 196 4315 a
219 4250 267 4325 ad
283 4251 470 4346 hospitam,
487 4249 687 4335 Dominam,
707 4249 926 4345 Matremque
940 4259 1095 4325 vestram
1113 4254 1321 4329 consolatis.
1347 4291 1363 4323 η

228 4375 425 4448 Obsecutus
442 4375 564 4470 pietati
582 4374 717 4458 Simon,
734 4376 785 4446 ita
803 4397 886 4447 suas
900 4376 1050 4472 partitus
1065 4385 1120 4449 est
1137 4401 1254 4463 curas,
1284 4386 1322 4452 ut
1347 4404 1413 4454 nec
1434 4381 1669 4468 ResseIIanis‚
1699 4387 1806 4480 pesti·
1833 4417 1862 4476 ο,
1885 4418 1981 4474 Bois-

168 4499 266 4574 lenti
287 4498 381 4571 malo
411 4498 708 4582 conflictantibus,
737 4499 888 4583 deesset,
923 4507 958 4573 et
984 4523 1059 4573 rem
1077 4501 1288 4589 Lindanam,
1313 4506 1419 4578 certis
1437 4506 1556 4600 utique
1573 4509 1803 4604 temporibus,
1833 4497 1876 4554 ⁰¹¹³
1892 4498 1921 4593 {¹¹
1934 4497 1980 4554 ⁰¹³·

172 4622 309 4720 quibus
326 4622 442 4694 locum
455 4620 654 4695 celebraret
662 4623 814 4718 populus
828 4623 1320 4721 maxime,procuraret‚isque
1323 4630 1400 4725 jam
1413 4629 1529 4717 solus;
1546 4633 1675 4704 amisso
1689 4632 1805 4718 socio,
1831 4594 1972 4716 ididiam

167 4749 216 4822 in
233 4770 273 4820 re
289 4746 482 4819 domestica
499 4746 675 4842 adjutore,
697 4747 853 4842 Georgio
868 4747 1072 4835 Busiacki0‚
1095 4773 1185 4823 navo
1204 4751 1265 4824 illo
1280 4739 1407 4849 pioque
1425 4755 1516 4841 vire,
1549 4757 1751 4852 pestilentia
1771 4760 1807 4831 in
1832 4741 1978 4796 extructus.

171 4869 304 4946 officiis
320 4870 504 4943 charitatis
518 4871 673 4944 Resselii
691 4872 856 4945 extincto.
874 4872 961 4944 Octo
989 4873 1071 4947 inde
1097 4882 1133 4946 61
1158 4875 1299 4948 vicenos
1325 4878 1360 4950 id
1377 4878 1445 4952 loci
1470 4888 1591 4955 sancte
1608 4881 1810 4979 utiliterque

170 5003 343 5069 versatus
357 5017 470 5066 annos
487 4993 621 5080 Simon,
643 4994 755 5090 pridie
768 4995 942 5068 kalendas
956 4997 1068 5068 maias
1103 4998 1214 5083 1654,
1243 5000 1416 5097 completo
1443 5012 1564 5099 quarto
1590 5028 1698 5101 supra
1716 5013 1810 5079 octo·

170 5117 487 5216 ginta‚laboribus
503 5117 724 5191 immortuus.
746 5120 798 5195 De
820 5120 886 5191 boc
902 5121 939 5191 in
961 5143 1027 5193 sua
1054 5121 1200 5216 Clagius
1217 5128 1334 5196 Lindo
1355 5151 1362 5198 :
1387 5157 1402 5186 u
1429 5126 1564 5222 paucis,
1586 5129 1710 5223 inquit,
1727 5135 1811 5203 ante

226 5256 267 5336 (1)
290 5257 324 5319 ν,
346 5255 503 5319 ciosum.
