4948 6654
694 808 802 867 LIBER
824 809 995 878 QUARTUS
1017 809 1232 881 11590-1600).
1727 803 1783 867 181

161 1021 177 1051 ιι
201 991 393 1064 8811881811
415 991 502 1063 caeci
520 990 661 1062 omnino
688 990 779 1073 81118,
808 997 959 1085 oportet,
989 991 1058 1063 nisi
1077 991 1184 1074 mala,
1208 967 1287 1086 quae
1305 1014 1367 1064 vos
1387 991 1627 1074 circumstant,
1647 986 1785 1080 conspi-
1813 1005 1876 1062 1596

163 1146 179 1176 κ
201 1115 292 1186 citis.
317 1114 399 1186 Non
413 1135 477 1184 888
491 1112 587 1208 piget
600 1113 788 1208 pudetque,
809 1136 887 1185 888
901 1115 1078 1188 haereticis
1093 1139 1163 1186 non
1177 1123 1315 1188 188188
1331 1121 1524 1186 888888188
1538 1112 1667 1196 188888,
1684 1110 1786 1182 abire

164 1269 179 1299 a
202 1241 239 1311 in
256 1239 405 1312 consilia
421 1239 619 1334 impiorum,
638 1245 673 1334 et
694 1238 730 1309 in
749 1239 807 1310 via
821 1248 1044 1335 peccatorum
1061 1246 1168 1325 stare,
1190 1239 1253 1313 sed
1267 1240 1423 1312 consiliis
1439 1240 1545 1311 etiam
1560 1235 1785 1333 imperiisque

164 1394 179 1424 κ
201 1364 357 1458 ipsorum
383 1362 598 1444 auscultare,
625 1362 787 1456 ultroque
807 1364 965 1459 indignis
983 1365 1133 1458 subjicit
1151 1364 1291 1454 Morem
1308 1387 1434 1459 gerere
1461 1361 1646 1435 catholicis
1663 1361 1787 1456 praesi-

165 1518 180 1548 κ
203 1487 318 1573 dibus,
335 1496 459 1560 sancta
474 1509 517 1559 88
532 1486 702 1558 salutaria
718 1488 1007 1582 proponentibus,
1033 1511 1102 1560 non
1129 1487 1237 1572 libet;
1257 1488 1343 1560 libet
1361 1488 1578 1562 malesuadis
1598 1487 1787 1560 circulato·

166 1641 181 1672 a
204 1612 301 1684 ribus
326 1611 460 1684 servire
486 1611 710 1694 servitutem;
732 1611 782 1682 ita
800 1611 873 1682 Deo
888 1611 1037 1695 sinente,
1060 1619 1100 1684 ut
1120 1611 1180 1707 qui
1192 1613 1377 1684 veritatem
1395 1612 1583 1706 praefracte
1602 1618 1786 1705 respuunt,

169 1765 184 1796 8
204 1737 356 1810 vanitati
374 1744 409 1810 81
422 1735 570 1809 falsitati
587 1735 804 1808 ancillantur.
825 1734 879 1807 Ac
895 1746 990 1808 recte
1017 1734 1054 1805 id
1070 1758 1178 1809 sane:
1196 1735 1296 1807 multi
1312 1736 1412 1808 vobis
1425 1736 1460 1807 in
1480 1736 1552 1807 illis
1571 1744 1606 1807 et
1619 1735 1790 1829 antiquis-

171 1891 187 1920 s
207 1860 286 1932 simi
310 1867 393 1932 sunt
417 1859 533 1941 amici,
563 1859 622 1952 qui
646 1859 746 1930 vobis
776 1858 811 1928 in
836 1859 913 1953 ipsa
931 1859 1205 1954 Novogrodensi
1224 1861 1419 1954 provincia,
1437 1859 1531 1954 quod
1548 1859 1692 1943 seimus,
1713 1882 1789 1932 sex-

172 1993 309 2056 «centa
334 1982 485 2078 amplius
510 1981 594 2054 fana
619 1988 740 2056 vestra
766 1980 986 2077 profanarint
1011 1989 1119 2076 81888
1146 1983 1357 2067 8888188181;
1379 1984 1439 2055 ubi
1455 1969 1561 2056 hodie
1579 2007 1600 2056 e
1617 1981 1791 2056 sexcentis

173 2135 188 2166 v
207 2106 360 2202 amplius
378 2104 555 2177 nobilibus
573 2105 716 2177 familiis
742 2105 831 2178 ritus
858 2105 942 2177 olim
959 2105 1157 2178 Graecanici
1170 2106 1233 2177 vix
1251 2107 1375 2179 decem
1392 2107 1501 2178 hodie
1514 2107 1685 2203 reperias,
1704 2128 1791 2201 quas

173 2260 188 2290 ι
207 2229 523 2324 Anabaptistarum
549 2228 657 2324 pestis
686 2229 898 2323 praeterierit
924 2229 1096 2302 intactasl
1127 2229 1232 2302 Nunc
1258 2253 1297 2302 se
1322 2231 1375 2301 illi
1400 2231 1499 2303 vobis
1516 2230 1622 2314 filios,
1642 2254 1736 2302 nunc
1753 2253 1792 2302 se

174 2385 188 2412 ἰ
209 2361 326 2426 888188
343 2353 516 2425 obnoxios
534 2352 679 2448 imperio
706 2352 935 2446 profitentur;
956 2375 1051 2437 mox,
1072 2376 1151 2425 cum
1164 2376 1208 2426 ex
1231 2353 1318 2448 ipsis
1336 2355 1560 2448 quaesieritis
1578 2352 1702 2448 ecquid
1718 2375 1794 2425 cre-

174 2505 189 2536 «
210 2475 307 2561 dant,
338 2475 399 2548 ubi
426 2475 534 2548 sacris
562 2475 735 2549 interesse
762 2475 914 2560 soleant,
942 2474 1067 2549 hirriat
1091 2476 1150 2549 hic
1176 2483 1211 2548 81
1235 2476 1308 2563 1118,
1339 2477 1599 2572 genuinumque
1615 2478 1653 2548 in
1667 2477 1795 2549 vestris
1878 2524 1881 2528 >

174 2629 190 2659 ι
208 2597 375 2693 frangent
392 2598 584 2693 capitibus;
605 2599 650 2670 80
669 2605 862 2671 extremum
877 2595 1115 2694 8888888888
1142 2608 1280 2672 vestras
1299 2601 1533 2695 dissipabunt.
1555 2601 1583 2673 Ο
1602 2601 1795 2688 caecitatem

175 2754 190 2781 ι
210 2721 384 2794 vestram!
406 2722 547 2794 1118888
564 2723 779 2795 8888118888
791 2745 868 2806 888,
888 2723 951 2818 881Ι
959 2723 1089 2818 templa
1110 2731 1242 2811 vestra,
1272 2725 1332 2818 881
1359 2732 1494 2797 vestras
1511 2723 1715 2818 religiones,
1737 2723 1798 2818 qui

177 2877 191 2904 ιι
211 2869 273 2919 888
291 2846 467 2940 perditum
485 2855 588 2932 eant;
609 2869 670 2919 eos
683 2869 767 2919 vero
784 2847 1026 2940 aspernamini
1051 2869 1093 2918 88
1110 2845 1291 2941 defugitis,
1312 2847 1372 2942 881
1396 2871 1458 2920 888
1491 2855 1526 2920 81
1544 2855 1662 2921 888188
1680 2848 1797 2920 88818

176 2999 192 3030 κ
212 2977 307 3044 sarta
323 2977 487 3064 tectaque
506 2993 585 3044 8888
598 2970 721 3055 881181,
738 2971 797 3065 881
809 2971 916 3042 vobis
933 2970 1067 3043 auxilia
1089 2970 1261 3044 adversus
1283 2971 1433 3067 injurias
1458 2978 1582 3065 sponte
1607 2970 1796 3043 communi·

178 3121 192 3152 8
214 3099 336 3188 188888
355 3093 519 3168 offerant.

225 3217 1131 3315 808818188888888888881181,1888881881,881
1153 3222 1231 3294 haec
1254 3222 1290 3293 in
1314 3223 1427 3295 Deum
1449 3229 1483 3295 et
1508 3222 1679 3294 christum
1705 3223 1796 3318 ejus

180 3371 195 3400 8
215 3363 334 3435 regern
347 3349 516 3425 vestrum,
533 3345 770 3428 committitis;
787 3345 822 3414 in
837 3345 1083 3438 magistratum
1097 3352 1334 3430 contumaces,
1347 3348 1536 3442 perniciosi
1567 3348 1659 3420 inter
1686 3346 1800 3419 socios

180 3495 195 3526 κ
216 3467 400 3540 discordiae
430 3469 676 3554 concitatores,
709 3471 806 3566 pacis
835 3478 869 3542 81
895 3470 1077 3543 8188118118
1107 3472 1261 3544 hostes:
1290 3471 1462 3556 veritatis,
1493 3471 1664 3544 doctrinae
1681 3470 1792 3542 cbris-

182 3621 198 3650 8
218 3592 338 3678 tianae,
360 3594 548 3686 potestatis
576 3601 650 3679 188
677 3571 931 3667 8881881881188Ι
953 3600 1027 3664 188
1053 3595 1166 3667 8181118
1183 3601 1455 3689 contemptores.
1477 3569 1564 3675 Quis
1580 3595 1675 3668 Deus
1694 3593 1795 3666 vobis

181 3742 197 3772 a
216 3721 394 3786 18818888
423 3714 606 3788 88181888
637 3717 696 3790 081
725 3719 902 3793 8881881.
918 3722 1108 3794 Enimvero
1137 3719 1309 3814 impunita
1334 3718 1412 3790 haec
1429 3716 1555 3812 Superi
1572 3740 1643 3789 non
1663 3717 1789 3790 818881.

182 3865 198 3896 κ
218 3834 384 3910 Versabit
400 3860 462 3911 vos
487 3839 706 3935 jactabitque
734 3841 817 3913 olim
847 3865 1033 3938 erumpens
1064 3865 1107 3914 ex
1137 3865 1218 3913 orco
1243 3842 1366 3924 turbo;
1391 3863 1566 3924 veremur,
1588 3863 1633 3913 ne
1651 3849 1794 3914 nostras

182 3987 199 4020 a
218 3983 353 4056 888888
370 3985 428 4034 888
442 3985 520 4034 888
538 3964 666 4037 8881818
678 3966 875 4060 promiscue
888 3968 1068 4064 corripiat.
1087 3967 1205 4046 Quare
1223 3973 1463 4037 contestamur
1484 3973 1532 4050 te,
1549 3965 1645 4038 Deus
1660 3973 1793 4050 noster,

183 4113 199 4144 8
219 4085 343 4160 abesse
360 4109 427 4160 nos
444 4110 466 4158 8
484 4086 600 4182 culpa.
623 4089 799 4168 Quantum
815 4091 850 4161 18
869 4093 971 4166 nobis
989 4093 1107 4176 situm,
1137 4089 1237 4184 regio
1254 4089 1443 4183 fungentes
1461 4111 1620 4172 munere,
1638 4090 1792 4172 monitis,

183 4241 199 4272 ⁴⁴
221 4236 401 4308 persuasu,
429 4215 627 4288 rationibus
649 4218 809 4288 omnibus
836 4217 1065 4289 sollicitamus
1083 4238 1147 4288 vos
1167 4211 1215 4284 ad
1234 4212 1457 4285 concordiam
1476 4220 1511 4284 81
1530 4211 1739 4284 8188118188
1758 4213 1797 4284 18

184 4367 200 4397 κ
221 4338 286 4440 Dei
310 4339 468 4423 88818818,
486 4341 533 4412 80
551 4364 671 4413 88888
685 4341 808 4415 8818118
827 4350 955 4414 vestrae
972 4349 1007 4413 81
1024 4338 1246 4434 reipublicae;
1267 4361 1346 4431 quae
1363 4336 1441 4431 ipsa
1466 4337 1634 4410 charitate
1660 4345 1798 4409 constat

183 4489 201 4521 «⁴
223 4470 257 4533 81
272 4463 437 4537 88181118.
459 4464 513 4536 lta
527 4487 629 4560 opem
646 4465 784 4559 patriae,
800 4465 1008 4536 crudelitate
1025 4469 1061 4535 et
1077 4461 1253 4534 intestinis
1270 4460 1429 4533 hostibus
1451 4459 1640 4544 laboranti,
1662 4460 1796 4533 facilius

184 4615 201 4646 a
223 4586 451 4670 contuleritis,
478 4610 611 4682 vosque
641 4589 736 4682 ipsos
766 4595 802 4661 et
827 4595 973 4682 penates
989 4587 1190 4680 liberosque
1203 4591 1352 4669 vestros,
1369 4589 1489 4655 vestra
1503 4584 1578 4655 Deo
1591 4583 1795 4656 1881888818
1826 4587 1830 4602 '

185 4737 202 4769 ⁴⁶
223 4711 380 4795 consilia,
415 4714 652 4786 servaveritis.
686 4713 825 4798 Videte,
855 4735 987 4805 88888,
1021 4711 1127 4784 81188
1152 4716 1258 4804 81888
1288 4707 1394 4780 81188
1421 4707 1552 4790 810818,
1573 4730 1617 4780 88
1634 4729 1697 4801 per
1727 4707 1798 4779 ista

186 4863 203 4893 a
227 4834 314 4909 inter
329 4860 393 4909 vos
406 4837 554 4910 dissidia
566 4837 715 4910 comitiis
741 4835 963 4908 difficultates
984 4835 1192 4916 afferantur,
1221 4833 1368 4928 sitisquo
1392 4831 1641 4928 impedimento
1659 4831 1706 4904 ad
1724 4834 1800 4904 vim

188 4986 205 5019 ⁸
228 4957 420 5033 'furcarum
433 4959 633 5044 immanem,
654 4960 847 5032 cervicibus
863 4959 993 5032 nostris
1023 4957 1291 5039 imminentium,
1312 4955 1568 5028 defendendam
1594 4981 1601 5028 :
1623 4977 1667 5028 ne
1692 4978 1714 5027 a
1740 4962 1795 5052 ty-

187 5109 204 5141 «
224 5105 332 5156 ranno
358 5107 438 5155 888
462 5083 589 5156 8881818
617 5083 749 5179 pariter
774 5083 895 5156 amicis
913 5089 947 5157 et
973 5081 1181 5177 conjugibus
1211 5089 1247 5152 et
1271 5079 1392 5153 liberis
1409 5081 1445 5151 in
1464 5080 1666 5152 servitutem
1685 5079 1797 5150 diram

190 5231 207 5262 ⁸
230 5205 490 5279 abstrahamllll.
517 5242 533 5272 88
