4896 6650
641 859 748 918 nam
772 823 960 918 snouuous
979 851 1192 934 (rari-isac).
1717 843 1757 909 85

145 1072 158 1104 a
177 1043 303 1116 Sincer.
329 1049 365 1115 et
382 1041 524 1115 Fidelit.
546 1049 684 1115 vestras
708 1042 905 1124 hortamur,
920 1047 960 1122 ut
973 1039 1115 1113 easdem
1132 1058 1196 1132 pro
1209 1036 1300 1109 bene
1317 1039 1421 1128 gesta
1436 1031 1618 1126 republica
1632 1036 1754 1125 agant,
1784 1049 1848 1102 raro

146 1195 159 1224 e
177 1163 274 1236 simul
292 1164 399 1237 etiam
416 1172 695 1268 comprecantur,
717 1172 768 1248 ut,
791 1187 870 1259 quae
888 1162 1042 1258 gerenda
1060 1166 1265 1256 supersunt,
1287 1179 1437 1252 quaeque
1454 1156 1490 1227 in
1507 1156 1644 1227 hostem
1661 1153 1758 1224 hunc

145 1287 337 1381 «deinceps
358 1289 588 1384 suscepimus
610 1288 731 1361 itidem
758 1287 1026 1360 clementissime
1043 1285 1224 1356 fortunare
1243 1282 1420 1376 dignetur.
1444 1277 1546 1359 Quod
1575 1277 1673 1349 illum
1690 1297 1754 1370 pro

146 1443 159 1471 e
177 1433 238 1482 sua
254 1411 474 1505 benignitate
491 1421 527 1486 et
544 1435 675 1496 causae,
692 1434 771 1506 quaa
787 1411 865 1483 haec
881 1410 981 1481 nobis
997 1431 1094 1480 arma
1110 1407 1236 1492 induit,
1257 1406 1417 1478 bonitate
1435 1402 1623 1484 facturum,
1645 1396 1752 1472 confi·

145 1535 298 1607 «dimus.
319 1535 395 1608 Nos
417 1536 557 1630 quidem
574 1536 619 1608 ad
637 1558 708 1620 res,
730 1557 793 1629 pro
812 1533 986 1607 communi
1000 1532 1198 1627 Republica
1215 1531 1404 1628 gerendae,
1425 1550 1529 1602 omne
1546 1525 1657 1600 animi
1684 1531 1718 1596 st
1746 1564 1755 1575 ·

145 1685 158 1716 a
177 1657 280 1742 dium,
301 1680 434 1741 curam,
464 1658 635 1744 laborem,
664 1680 821 1753 operam,
843 1658 1063 1752 sanguinem,
1084 1664 1190 1753 atque
1207 1658 1295 1730 adeo
1313 1657 1422 1729 vitam
1447 1663 1605 1728 nostram
1631 1651 1756 1747 cupide

145 1809 159 1839 u
177 1803 311 1874 semper
326 1787 555 1876 prompteque
569 1781 766 1854 afferemus.
789 1782 919 1854 Datum
941 1805 984 1854 ex
1002 1805 1083 1856 arce
1100 1790 1224 1854 nostra
1241 1780 1429 1854 Polooensi
1446 1779 1505 1852 die
1517 1778 1642 1854 ultima
1660 1798 1756 1888 men·

146 1933 160 1963 ⁸
178 1905 223 1974 sis
239 1905 395 1998 augusti,
417 1927 512 1978 anno
533 1907 639 1991 1579,
660 1906 763 2001 regni
779 1929 863 1978 vero
881 1906 994 1979 nostri
1011 1929 1104 1978 anno
1122 1912 1259 2000 quartu.
1286 1939 1302 1970 n

184 2027 290 2121 Capto
321 2026 371 2100 ita
389 2027 532 2123 oppido,
556 2051 629 2102 non
645 2029 741 2124 prius
758 2028 907 2100 cessavit
936 2052 999 2101 rex
1024 2030 1147 2114 victor,
1169 2053 1274 2124 quam
1292 2030 1449 2102 exomni
1469 2027 1655 2101 Polooensi
1672 2013 1753 2121 pro·
1783 2025 1929 2158 301005113,

141 2150 243 2222 vincia
261 2149 473 2247 reliquisque
491 2151 634 2225 ditionis
652 2176 726 2225 suaa
748 2153 907 2248 partibus
926 2153 1046 2225 hostes
1059 2153 1232 2246 ejecisset,
1253 2176 1295 2224 ac
1311 2175 1417 2248 porro
1436 2153 1472 2223 in
1490 2153 1586 2246 ipsas
1615 2150 1754 2222 Mosco·
1783 2121 1930 2239 ἶζῖξῗιῑξῖῃη

141 2274 202 2345 riae
220 2275 385 2369 regiones
402 2297 502 2349 arma
523 2300 585 2371 per
602 2277 822 2350 continentes
841 2277 1005 2349 victorias
1022 2277 1265 2370 promovisset.
1288 2275 1341 2347 Eo
1360 2276 1479 2348 statim
1495 2276 1572 2370 ipso
1598 2274 1668 2359 dio,
1685 2296 1754 2367 quo

24 2383 25 2394 ¹
141 2397 250 2470 hostes
268 2399 469 2472 exturbavit
486 2401 643 2486 Polocia,
663 2399 735 2472 voti
753 2422 898 2483 memor,
915 2399 962 2472 ad
979 2401 1123 2472 Petrum
1151 2399 1304 2494 Sharga,
1327 2399 1463 2494 Collegi
1479 2406 1652 2472 rectorem
1678 2396 1753 2468 Vil-

144 2521 302 2606 -uensis
328 2520 469 2594 litteras
496 2522 591 2595 dedit
616 2546 660 2596 ex
677 2524 803 2596 castris
826 2548 833 2594 :
855 2553 871 2584 u
897 2524 1039 2596 adesset
1056 2547 1189 2618 praeses
1209 2533 1244 2598 et
1262 2526 1317 2597 sui
1337 2547 1454 2598 secum
1472 2524 1577 2609 Socii,
1593 2523 1756 2619 quodque

143 2645 248 2740 «ipse
269 2646 344 2719 Deo
375 2669 439 2742 pro
472 2647 619 2721 victoria
646 2649 810 2735 dicasset,
832 2656 1057 2746 occuparent.
1079 2651 1135 2722 Ne
1153 2651 1226 2724 suis
1244 2653 1296 2724 illi
1317 2645 1498 2725 Lusitanis
1518 2652 1756 2748 Hispanisque

143 2797 157 2828 a
175 2766 371 2841 inviderent
400 2769 491 2842 alios
525 2772 562 2843 in
578 2772 665 2845 Asia
695 2781 729 2845 et
745 2773 909 2847 America
925 2774 1087 2858 mundos
1109 2776 1183 2848 Deo
1211 2776 1450 2872 quaerentibus
1468 2776 1727 2849 consecrandos
1745 2799 1752 2846 :

144 2923 157 2953 ἰ
174 2898 329 2991 proxime
361 2922 398 2972 sc
430 2901 538 2974 Indos
566 2924 643 2974 esso
671 2901 885 2995 atdapones
907 2898 972 2969 :in
994 2899 1282 2994 genteridelicet
1312 2899 1560 2974 Poloconsium
1586 2898 1753 2982 Russica,

142 3043 156 3072 ⁶
176 3040 291 3090 rerum
309 3020 508 3094 divinarum
527 3023 607 3094 rudi
620 3023 759 3119 oppido.
785 3061 802 3092 a
1065 3111 1068 3118 ι

181 3141 270 3214 Dum
289 3146 382 3219 Socii
401 3133 484 3220 ituri
500 3172 538 3221 se
556 3148 739 3244 colligunt,
761 3150 902 3223 Vilnam
934 3159 969 3224 et
991 3174 1054 3223 rex
1081 3151 1181 3223 adest
1200 3154 1326 3250 quarto
1344 3169 1457 3220 nonas
1486 3146 1661 3220 octobres.
1684 3145 1754 3219 Ac-

140 3265 233 3337 cersit
262 3273 346 3341 ante
373 3269 462 3342 alios
489 3271 718 3344 Francisoum
744 3273 955 3347 Sunnerium
981 3281 1017 3347 et
1040 3275 1188 3347 Petrum
1213 3271 1381 3365 Skarga;
1407 3269 1481 3342 uoti
1507 3270 1694 3366 sponsione
1720 3292 1758 3343 se

139 3387 294 3474 exsolvit,
310 3391 493 3487 assignato
512 3393 668 3468 Polociae
687 3395 856 3468 Societati
874 3397 1063 3482 domicilio,
1084 3395 1214 3480 fundis,
1235 3392 1392 3490 praediis,
1412 3400 1448 3467 ot
1466 3392 1548 3465 sano
1566 3393 1755 3476 Rutenico,

139 3530 158 3578 a
195 3512 275 3584 diva
311 3515 485 3602 Praxede,
516 3517 644 3590 ducum
680 3517 939 3592 Polociensium
977 3519 1064 3607 filia,
1099 3521 1183 3595 olim
1212 3521 1375 3606 condito;
1410 3520 1503 3615 quod
1537 3519 1757 3614 hodiequea

139 3631 325 3707 Salvatoris
347 3639 488 3712 nomine
506 3641 574 3731 (cui
608 3640 788 3713 Praxedes
819 3641 907 3713 illud
941 3643 1140 3717 dedicatum
1171 3645 1292 3737 voluit)
1322 3649 1412 3734 spos
1444 3643 1605 3717 rutenica
1631 3642 1755 3739 lingua

138 3768 368 3854 nuncupatur;
401 3763 576 3858 rebusque
606 3763 682 3836 aliis
713 3767 876 3840 munifice
907 3770 1096 3844 attributis.
1118 3775 1211 3849 Rem
1238 3797 1391 3858 omnem,
1419 3797 1442 3846 a
1466 3796 1553 3868 rege
1584 3773 1752 3857 oblatam,

139 3885 328 3982 tabulisque
357 3887 513 3983 legitime
543 3889 798 3978 confirmatam,
833 3897 975 3970 nomine
1004 3900 1166 3993 praesidis
1184 3901 1239 3973 sui
1257 3897 1490 3974 Prouincialis
1520 3897 1698 3984 Sunnerii,
1718 3898 1753 3972 iu

139 4010 314 4086 Poloniam
340 4016 491 4090 antehac
521 4019 668 4102 evocati,
701 4017 829 4093 Petrus
860 4022 1014 4119 Skarga,
1048 4023 1205 4098 deductis
1232 4023 1268 4095 in
1294 4020 1469 4095 coloniam
1495 4020 1750 4106 sacerdotibus,

137 4133 307 4210 Stanislao
322 4139 520 4212 Leniciensi
533 4150 568 4214 et
580 4141 602 4214 J
606 4164 720 4215 oanne
732 4141 882 4230 Aland0,
900 4155 1005 4242 atque
1018 4149 1180 4245 adjutore
1194 4147 1348 4241 Georgio
1362 4146 1503 4234 Hincio‚
1517 4146 1568 4219 IV
1580 4147 1752 4222 kalendas

131 4261 231 4356 julias
248 4267 333 4338 anui
351 4265 445 4340 1580
462 4275 618 4362 occupat.
640 4267 820 4364 Principio
838 4269 958 4341 statim
973 4269 1086 4343 Sociis
1103 4271 1236 4345 invidia
1253 4273 1443 4344 multorum
1460 4277 1538 4344 erat
1554 4270 1750 4344 subeunda.
1785 4262 1849 4316 ¹⁵⁰⁰

137 4389 269 4466 Primus
294 4394 450 4467 omnium
474 4395 540 4468 suit
567 4395 737 4469 Nicolaus
764 4394 911 4468 Monvid
946 4397 1240 4494 Dorohostayski,
1262 4396 1522 4471 Polociensium
1551 4395 1750 4479 Palatinus,
1783 4425 1923 4482 Palatinus

136 4524 370 4611 propugnator
396 4518 676 4593 calvinianarum
697 4519 851 4615 partium
876 4522 1081 4595 acerrimus.
1105 4523 1186 4608 Hic,
1207 4547 1270 4620 per
1287 4522 1481 4596 industrias
1506 4543 1628 4594 omnes
1644 4543 1755 4616 nego·
1783 4507 1930 4644 {2233sp

136 4640 216 4714 tium
245 4667 440 4740 aggressus
479 4645 677 4742 hospitibus
704 4647 892 4732 facessere,
924 4672 996 4722 non
1032 4657 1114 4724 anta
1149 4647 1288 4744 incepto
1322 4644 1471 4729 destitit,
1501 4665 1605 4740 quam
1637 4643 1756 4719 vivere
1905 4626 1911 4638 ⁸

136 4767 302 4858 desiisset,
324 4793 417 4844 auno
439 4772 532 4848 1597
549 4773 583 4869 (1)
610 4775 798 4847 extinctus.
822 4774 925 4850 Unus
944 4779 1101 4850 omnium
1118 4773 1238 4846 Socios
1264 4772 1383 4845 animo
1401 4770 1539 4865 excepit
1556 4770 1757 4864 gratissimo

136 4889 340 4967 Franciscus
362 4893 451 4981 Zuk,
480 4894 572 4968 arcis
599 4895 638 4966 in
662 4895 730 4969 hoc
748 4903 875 4998 oppido
901 4927 1049 5001 praeses,
1070 4907 1124 4978 vir
1151 4902 1292 4988 nobilis,
1312 4903 1413 4998 isque
1436 4899 1547 4995 regiae
1564 4923 1678 4996 nuper
1703 4924 1759 4974 co-

136 5015 240 5090 hortis
258 5018 383 5092 ductor
402 5028 576 5093 strenuus.
600 5020 683 5105 Hic,
703 5022 877 5097 domicilio
896 5027 933 5099 in
955 5031 1136 5123 superiore
1155 5030 1246 5100 arcis
1267 5028 1413 5123 regione
1432 5024 1545 5100 Sociis
1562 5026 1756 5120 assignata,

135 5145 284 5240 hospites
307 5148 406 5220 laute
434 5149 557 5222 habuit
593 5160 629 5223 et
657 5159 796 5222 amatu
827 5173 980 5224 securos.

172 5273 209 5347 ιιι
232 5272 266 5330 ν.
285 5276 303 5332 ι.
321 5273 372 5344 ιιι,
389 5292 416 5332 n.
436 5277 495 5333 ιι.
