4936 6658
650 853 711 919 346
1013 848 1287 910 LITUANICARUM
1309 848 1527 940 soclsrnrls
1544 848 1630 911 Jssu
1653 849 1907 913 HISTORlAlllllll

478 1067 543 1124 1549
650 1035 863 1110 matrissuae
880 1035 1067 1109 Societatis
1085 1035 1107 1108 J
1111 1058 1187 1118 esu,
1203 1033 1297 1129 quod
1313 1034 1498 1130 religionis
1520 1033 1705 1106 catholicae
1722 1056 1832 1107 causa
1849 1034 2001 1109 extorris
2018 1033 2276 1132 patria,Baby·

477 1146 626 1298 {mbos
649 1161 731 1234 lone
748 1160 811 1232 illa
827 1161 1008 1244 haeretica,
1030 1158 1155 1230 salutis
1174 1165 1318 1231 aeternae
1341 1181 1483 1232 securus
1501 1166 1710 1231 moreretur.

477 1303 591 1362 maxime
708 1284 989 1378 Regiomontum
1003 1280 2280 1368 aditusnostris,lutheranicorummaximefraudibusministrorum,erat

477 1382 608 1523 {filum
651 1410 864 1481 obstructus.
887 1407 1089 1481 Patefactus
1108 1415 1161 1480 est
1179 1408 1317 1479 demum
1335 1407 1481 1478 consilio
1499 1406 1650 1479 maxime
1668 1406 1804 1500 reginae
1835 1404 2051 1477 Polonorum
2070 1403 2273 1478 Ludovicae.

544 1543 576 1598 36
650 1533 753 1606 Missi
766 1532 812 1603 ad
830 1555 907 1606 eam
929 1532 1108 1604 civitatem
1125 1531 1325 1604 sacerdotes
1343 1532 1529 1626 quinquee
1548 1529 1703 1625 Collegio
1722 1529 2007 1624 Brunsbergensi
2027 1553 2034 1600 :
2063 1529 2168 1624 primi
2184 1529 2277 1602 inter

477 1627 617 1762 ms&
650 1682 711 1732 eos
729 1659 884 1732 Michael
898 1660 1027 1732 Radau
1049 1668 1083 1732 et
1094 1658 1254 1731 Andreas
1268 1659 1476 1732 Zienievicz.
1495 1660 1575 1753 Ipso
1589 1659 1656 1730 hoc
1671 1657 1838 1752 temporis
1852 1657 1967 1751 spatio
1980 1659 2049 1752 (an.
2073 1658 2175 1750 1649)
2190 1658 2275 1730 isto·

477 1787 575 1842 osorum
589 1855 610 1910 t·
649 1806 727 1854 rum
734 1807 821 1856 cura
828 1785 874 1856 ad
882 1785 1080 1857 Ecclesiam
1096 1791 1225 1857 asecta
1234 1784 1456 1856 lutheranica
1469 1782 1626 1855 revocati
1634 1782 1730 1854 mille
1741 1775 2010 1876 ampliuslnter
2023 1804 2166 1877 eaquae
2183 1782 2280 1856 domi

476 1877 556 1998 pipere
570 1875 588 1913 u
602 1873 623 1910 ι’
648 1915 749 1980 erant
777 1909 904 1991 tristia,
937 1908 1130 2004 jucundum
1158 1908 1306 1991 accedit,
1332 1906 1474 2003 quoda
1512 1907 1659 1979 Perside
1690 1929 1754 2002 per
1784 1906 1986 1979 Lituaniam
2012 1907 2198 1980 reveniens
2228 1907 2277 2006 ad

476 2101 542 2158 1650
647 2033 811 2126 patriam,
833 2033 1120 2108 Ncsvisiensibus
1134 2033 1264 2104 nostris
1283 2031 1441 2104 narravit
1459 2031 1703 2104 missionarius
1721 2055 1741 2104 e
1759 2031 1935 2104 Societate
1959 2030 2130 2116 Gallicus,
2160 2032 2274 2105 Fran-

540 2176 572 2228 37
647 2156 760 2228 ciscus
774 2156 976 2232 Ricardius.
999 2157 1171 2252 Legatum
1189 2178 1210 2226 a
1230 2154 1410 2249 republica
1424 2154 1585 2227 Poloniae
1604 2155 1652 2251 (ι),
1673 2153 1870 2250 Hispahani
1888 2155 1924 2225 in
1954 2155 2112 2250 principe
2137 2156 2276 2228 Persiae

473 2257 607 2404 Jffie
646 2280 746 2366 urbe,
767 2289 948 2376 acceptum
962 2304 1040 2354 esse
1057 2304 1122 2376 pro
1141 2280 1256 2374 gentis
1275 2278 1455 2374 utriusque
1474 2279 1661 2374 dignitate.
1684 2278 1885 2366 Secundum
1902 2279 2046 2375 publica
2072 2303 2137 2353 sua
2164 2304 2275 2376 nego-

472 2431 550 2484 letus
646 2403 708 2489 tia,
725 2428 860 2491 orasse,
878 2405 1068 2478 catholicos
1083 2403 1297 2485 sacerdotes,
1318 2404 1524 2475 nominatim
1538 2404 1560 2475 J
1563 2403 1708 2488 euitas,
1728 2403 1850 2476 inferri
1864 2412 1903 2476 nt
1916 2404 2039 2478 liceret
2048 2405 2085 2476 in
2096 2405 2271 2492 Persiam,

471 2508 596 2563 desiisti.
644 2537 749 2623 atque
768 2530 967 2625 Hispahani
985 2529 1092 2602 etiam
1110 2553 1117 2601 :
1137 2528 1238 2622 regia
1257 2549 1322 2598 sua
1339 2526 1560 2623 benignitate
1591 2551 1734 2602 securos
1759 2528 1946 2603 habitare:
1981 2529 2133 2602 donasse
2150 2530 2187 2602 id
2203 2530 2273 2602 Po·

641 2652 737 2725 lonae
762 2654 966 2748 reipublicae
992 2675 1114 2748 regem
1146 2652 1330 2724 Persicum
1358 2675 1428 2722 non
1454 2658 1623 2744 gravate:
1658 2653 1778 2725 datum
1808 2652 1929 2748 legato
1951 2655 2119 2749 diploma,
2148 2656 2186 2726 in
2202 2677 2273 2749 quo

641 2775 770 2849 fundus
789 2778 895 2849 etiam
913 2776 1117 2872 assignatus
1136 2781 1230 2847 esset
1248 2775 1445 2870 Hispahani
1463 2774 1646 2846 condendo
1670 2776 1867 2871 hospitibus
1897 2777 2086 2850 domicilio.
2119 2777 2283 2851 Habitus

642 2901 747 2974 etiam
760 2902 853 2974 inter
869 2902 947 2973 haec
965 2881 1092 2972 divino
1104 2898 1126 2970 J
1129 2921 1191 2970 esu
1210 2898 1342 2970 nomini
1355 2900 1489 2971 honos:
1511 2900 1647 2993 quoties
1661 2901 1877 2974 nominanda
1894 2910 1969 2976 erat
1986 2904 2145 2977 Societas
2166 2903 2269 2987 Jesu,

640 3025 745 3098 toties
762 3025 850 3097 illud
868 3025 986 3097 aureis
1001 3024 1037 3094 in
1057 3022 1248 3119 diplomate
1262 3023 1429 3116 scriptum
1447 3022 1588 3095 litteris.
1613 3024 1707 3096 Socii
1726 3048 1865 3122 quoque
1874 3027 1975 3098 novis
1983 3027 2018 3098 in
2030 3025 2271 3120 eodemdiplo-

639 3155 733 3221 mate
747 3148 863 3219 ornati
880 3146 1148 3220 laudumtitulis
1163 3145 1285 3239 quales
1304 3153 1405 3217 erant
1431 3144 1508 3218 illi:
1530 3147 1691 3222 homines
1721 3148 1780 3220 isti
1811 3150 2011 3245 comprimis
2037 3150 2143 3234 docti,
2175 3148 2270 3222 Socii

640 3272 832 3368 majestatis
850 3272 949 3344 Jesu.
969 3271 1004 3343 Is
1019 3270 1160 3366 obliquo
1179 3248 1306 3343 itinere
1329 3269 1467 3342 delatus
1491 3293 1513 3341 a
1536 3271 1685 3344 Perside
1715 3274 1871 3358 nuntius,
1900 3276 1960 3370 qui
1990 3274 2272 3348 scilicetfaceret

641 3417 737 3490 spem
755 3394 871 3490 gentis
887 3395 963 3489 ejus
980 3401 1053 3466 tam
1067 3393 1194 3489 amplae
1208 3392 1255 3464 ad
1272 3392 1420 3488 populos
1438 3392 1513 3466 veri
1540 3395 1694 3468 numinis
1712 3395 1868 3470 cultores
1885 3399 2143 3493 aggreganda,
2176 3421 2271 3493 prae·

533 3581 567 3636 38
641 3519 732 3592 senti
748 3519 949 3591 calamitate
963 3517 1192 3589 moerentibus
1212 3516 1249 3588 id
1261 3517 1415 3611 aspersit
1428 3517 1559 3633 solatii.

468 3660 498 3717 Ρ.
508 3659 615 3718 Boresti
690 3642 930 3738 Brunsbergae
946 3644 1054 3715 vitam
1068 3666 1147 3714 cum
1160 3650 1285 3727 morte,
1302 3642 1376 3714 sive
1395 3648 1507 3713 morte
1523 3641 1641 3735 potius
1659 3664 1737 3712 cum
1763 3640 1838 3713 vita
1866 3642 2083 3735 sempiterna
2113 3666 2270 3717 commu·

468 3741 593 3811 ⁰¹⁰⁸⁵¹¹¹¹¹'
640 3769 730 3842 tavit
748 3769 790 3841 P.
809 3769 930 3842 Simon
948 3768 1136 3850 Berentus‚
1159 3767 1351 3850 Prutenus,
1372 3788 1466 3836 anno
1485 3763 1611 3837 salutis
1626 3765 1731 3849 1649,
1752 3767 1869 3838 estatis
1888 3768 1949 3852 44,
1971 3767 2079 3839 XVII
2095 3767 2271 3844 kalendas

467 3919 599 3989 magram
634 3893 737 3988 junii.
759 3890 978 3966 Adolescens
996 3913 1168 3963 annorum
1183 3887 1382 3984 quindecim
1393 3889 1467 3960 Deo
1477 3912 1515 3961 se
1523 3889 1557 3959 in
1574 3889 1750 3962 Societate
1764 3890 1987 3986 mancipavit.
2003 3891 2101 3964 Bene
2115 3915 2166 3976 se,
2177 3892 2272 3967 bene

466 3997 616 4133 ffl‘c'on·
640 4039 697 4088 res
715 4015 827 4110 gessit
845 4037 926 4087 suas
943 4014 980 4086 in
998 4013 1159 4086 omnibus
1173 4011 1309 4097 officiis,
1330 4012 1405 4084 sive
1424 4035 1502 4084 cum
1521 4012 1660 4084 scholas
1677 4013 1891 4100 institueret,
1921 4013 2120 4088 litterarum
2141 4016 2268 4088 huma-

467 4155 593 4211 otonstor.
639 4140 779 4211 nicrum
797 4137 899 4224 alias,
920 4137 1010 4210 alias
1025 4136 1241 4209 severiorum
1259 4135 1452 4230 magister:
1474 4136 1548 4208 sive
1566 4159 1644 4208 cum
1674 4135 1841 4231 populum
1869 4137 2011 4211 doceret
2042 4138 2271 4213 concionator

467 4235 607 4368 ἔξω
638 4286 751 4336 annos
773 4264 995 4338 continenter
1012 4261 1219 4334 duodecim:
1242 4261 1316 4333 sive
1334 4283 1412 4334 cum
1439 4259 1546 4332 saluti
1579 4260 1726 4332 aliorum
1749 4262 1898 4334 serviret
1927 4285 2040 4336 annos
2071 4263 2264 4350 sexdecim,

638 4387 682 4479 in,
693 4385 830 4484 oppidis
843 4386 934 4458 alias
952 4395 987 4460 31
999 4385 1116 4481 pagiS,
1138 4385 1228 4458 alias
1240 4385 1278 4454 in
1295 4383 1398 4467 aulis,
1420 4384 1570 4478 primum
1599 4385 1738 4478 quidem
1769 4385 1863 4480 apud
1894 4407 2061 4480 magnum
2088 4386 2269 4462 Lituaniae

466 4490 616 4624 unffi&
640 4511 889 4585 cancellarium
902 4509 1143 4584 Alexandrum
1161 4506 1390 4591 Radivillum,
1405 4507 1501 4602 apud
1514 4508 1824 4604 regiumdeinceps
1837 4510 2043 4605 principem,
2057 4533 2268 4605 germanum

465 4646 560 4721 pnoei-
639 4635 784 4708 Joannis
815 4633 975 4706 Casimiri
1004 4632 1150 4705 fratrem
1179 4630 1388 4703 Albertum:
1421 4630 1504 4704 huic
1533 4631 1695 4704 nationes
1730 4633 1856 4706 visenti
1886 4641 2024 4706 exteras
2064 4657 2180 4708 comes
2216 4635 2268 4707 ab

466 4726 614 4861 {ff}
636 4759 862 4855 sigismundo
880 4782 967 4854 rege
980 4779 1185 4853 morumque
1212 4756 1382 4852 magister
1411 4757 1566 4844 additus,
1587 4765 1622 4831 et
1638 4758 1802 4830 reductor
1819 4757 1885 4830 fuit
1901 4759 1938 4830 in
1951 4761 2115 4855 patrium,
2133 4769 2265 4834 etmox

465 4883 568 4943 erberti
637 4908 659 4956 a
676 4881 962 4979 peregrinatione
975 4881 1151 4964 morienti,
1172 4879 1388 4953 adolescenti
1397 4903 1572 4952 annorum
1586 4881 1798 4976 quindecim,
1816 4889 1934 4954 custos
1946 4882 2083 4956 advitae
2097 4883 2266 4957 exodium

465 4963 615 5115 1110113131
635 5015 865 5105 perattentus.
901 5008 1039 5080 Praeter
1068 5007 1158 5078 alias
1187 5013 1282 5078 artes
1312 5005 1487 5100 ingenuas
1509 5005 1651 5079 musicis
1668 5005 1911 5100 fuitapprime
1929 5007 2100 5082 eruditus.
2121 5009 2266 5081 Lauda-

465 5122 583 5261 fflff'lg'
635 5134 739 5204 batur
772 5132 818 5202 ab
845 5129 946 5203 Italis
976 5130 1164 5204 etiamars
1193 5129 1360 5202 ineditis
1390 5129 1572 5204 aSimone
1593 5129 1694 5201 libris
1726 5130 2001 5226 symphoniacis,
2031 5116 2263 5228 carminaque

467 4487 523 4544 The

674 5271 716 5346 (l)
731 5269 876 5344 Regnante
891 5271 981 5329 adhuc
996 5267 1151 5330 Vtadistao.
1169 5267 1273 5329 Nuntio
1287 5284 1390 5330 nomen
1405 5269 1482 5328 lllicz
1499 5270 1526 5326 in
1541 5268 1666 5329 Historia
1681 5271 1781 5329 domus
1794 5267 1998 5330 llosvisiensis.
