4896 6650
654 805 764 864 uranu
789 776 947 865 ruurrus
977 802 1194 886 (reso-reso).
1725 771 1776 863 aa

136 993 318 1067 Mcscovia
346 993 516 1068 resideat.
547 993 649 1073 Quod
678 991 820 1066 tametfi
850 989 974 1063 ducem
1005 990 1131 1064 callide
1161 996 1351 1085 appareret
1375 988 1505 1072 facere,
1540 995 1578 1060 ut
1603 987 1768 1062 videlicet
1795 987 1855 1042 ¹58¹

138 1141 198 1192 eos
213 1107 278 1214 pio
296 1119 479 1191 obsidibus
497 1117 644 1190 haberet
665 1143 672 1188 :
694 1117 900 1190 concessere
921 1121 1041 1188 tamen
1058 1113 1165 1199 Socii,
1185 1115 1224 1186 in
1241 1113 1318 1209 ejus
1331 1121 1507 1209 potestate
1525 1115 1576 1185 uti
1592 1113 1767 1208 tantisper

137 1249 336 1325 manerent,
354 1241 550 1336 quodipsis
575 1239 702 1313 cecidit
718 1263 788 1312 non
815 1238 1056 1324 incommode,
1077 1260 1160 1311 nam
1186 1246 1222 1310 et
1241 1246 1371 1310 statum
1389 1236 1572 1332 religionis
1597 1239 1635 1308 in
1661 1243 1768 1332 gente
1806 1291 1808 1295 -

137 1347 369 1460 explorarunt
394 1364 612 1460 diligentius,
643 1370 678 1436 et
703 1361 857 1446 Moschi,
878 1360 1057 1456 hospitum
1074 1361 1314 1434 familiaritate
1336 1361 1582 1444 mansuefacti,
1603 1369 1642 1432 ut
1665 1382 1704 1431 se
1730 1360 1769 1432 in

139 1489 430 1563 consuetudinem
448 1490 575 1563 darent
592 1490 794 1562 hominibus
821 1487 1019 1570 catholicis,
1038 1487 1090 1559 eis
1109 1485 1321 1582 praesertim,
1348 1485 1408 1578 qui
1432 1484 1480 1555 ad
1498 1506 1536 1557 se
1553 1507 1575 1554 a
1593 1483 1768 1557 Pontificc

141 1613 305 1686 Romano
323 1613 489 1710 deinceps
515 1613 751 1698 mitterentur,
776 1611 939 1684 effectum
962 1617 1026 1684 est.
1055 1611 1148 1682 Dum
1173 1630 1230 1690 ea,
1252 1632 1331 1704 quae
1357 1609 1553 1680 viatoribus
1584 1608 1656 1681 sint
1675 1608 1768 1694 usui,

144 1746 408 1833 comparantur,
426 1761 506 1812 ecce
533 1737 687 1811 Basilidi
714 1759 840 1831 aroge
859 1734 1040 1830 Stephano
1066 1732 1275 1806 tabellarius
1302 1756 1380 1804 cum
1409 1731 1551 1817 litteris
1573 1733 1700 1826 quibus
1726 1731 1775 1803 ad

144 1880 205 1931 eas
219 1859 321 1932 ducis
346 1858 587 1954 longissimas
608 1859 764 1933 Polociae
782 1858 849 1929 sibi
879 1857 1030 1942 oblatas,
1050 1863 1293 1952 responsatur.
1316 1855 1534 1952 Consoriptae
1559 1863 1662 1929 erant
1679 1863 1773 1928 rute-

146 1983 236 2068 uice,
253 1983 428 2078 polonice,
445 1992 481 2056 et
492 1983 616 2068 latine,
634 2006 754 2078 eaeque
768 1983 901 2053 irarum
915 1989 949 2054 et
963 1980 1187 2054 contumeliae
1199 1983 1238 2053 in
1251 1980 1448 2054 Basilidem
1461 1980 1599 2076 plenae;
1615 1982 1775 2055 recitatae

144 2107 316 2201 postridie
333 2107 371 2179 in
397 2114 534 2180 senatu.
553 2109 693 2180 Instant
709 2107 748 2178 in
765 2109 912 2180 consilio
940 2129 1075 2191 omnes
1102 2107 1242 2202 legatus
1260 2130 1334 2180 rem
1353 2108 1455 2181 sibia
1474 2109 1562 2180 duce
1584 2109 1771 2180 comenda·

145 2239 217 2302 tam
231 2239 270 2304 ut
283 2239 448 2304 maturet.
466 2233 519 2305 De
532 2232 716 2305 Pontificis
729 2232 879 2308 Maximi
897 2233 1086 2331 postulatis
1104 2233 1236 2306 mentio
1263 2233 1356 2305 iacta
1373 2243 1428 2306 est
1452 2245 1559 2328 atque
1576 2235 1625 2306 ad
1641 2242 1772 2308 caetera

146 2356 288 2450 quidem
301 2357 406 2431 facile
424 2381 632 2453 responsum
643 2356 820 2432 redditum
838 2385 845 2433 :
868 2383 974 2432 unum
992 2357 1081 2431 illud
1095 2359 1139 2430 de
1156 2355 1332 2452 religione
1345 2365 1451 2452 caput
1463 2361 1570 2432 etiarn
1584 2383 1678 2432 nunc
1692 2383 1773 2455 sup·
1803 2359 1863 2448 nm
1883 2355 1951 2411 ³¹⁰³·

148 2481 322 2576 primitur,
337 2480 386 2553 ad
398 2483 619 2578 reditumque
635 2482 822 2554 Possevini
840 2487 1052 2556 reservatur.
1070 2483 1173 2554 Datee
1188 2481 1236 2554 ad
1259 2481 1471 2577 Gregorium
1493 2483 1700 2557 Pontificem
1718 2483 1776 2556 lit·
1804 2449 1953 2569 &poppam

147 2613 248 2689 terae,
264 2605 312 2676 ad
329 2606 578 2700 imperatorem
591 2605 675 2678 item
692 2605 894 2677 Romanum
918 2610 954 2676 et
970 2603 1148 2689 Venetos;
1177 2604 1304 2700 quibus
1332 2606 1403 2678 dux
1424 2605 1494 2678 fide
1523 2607 1665 2702 publica
1684 2631 1774 2709 mer·
1805 2589 1915 2726 ξζξῑωὶ·

149 2729 329 2801 catoribus
354 2752 476 2802 eorum
499 2737 534 2803 et
552 2729 795 2803 sacerdotibus
822 2727 1005 2801 catholicis
1028 2726 1177 2800 liberam
1206 2729 1243 2801 in
1275 2729 1348 2801 suis
1373 2729 1565 2825 provinciis
1593 2730 1780 2804 habitandi
1851 2709 1858 2724 ⁸

148 2859 363 2946 potestatem
381 2853 477 2940 iacit,
497 2854 682 2948 locumque
696 2853 863 2925 curandis
882 2853 1006 2938 sacris,
1023 2859 1059 2926 et
1075 2852 1265 2928 humandis
1282 2858 1430 2928 mortuis
1438 2857 1614 2930 concedit.
1634 2858 1780 2954 Legatis

149 2977 197 3048 ad
216 2979 348 3051 Persas
361 2987 397 3052 et
410 2982 595 3065 Tartarea,
611 2978 771 3052 Moschis
783 2979 820 3050 in
833 2976 920 3051 Asia
936 2978 1118 3066 finitimos,
1139 2982 1246 3053 duces
1264 2981 1402 3055 itineris
1420 2987 1456 3054 et
1468 2989 1700 3055 commeatum
1717 3009 1780 3080 per

150 3101 356 3174 universam
369 3103 588 3176 Mcscoviam
601 3125 782 3198 regnaque
796 3101 943 3173 Gassani
965 3109 1000 3174 et
1016 3101 1265 3178 Astrachaniae
1288 3103 1378 3201 (quae
1400 3106 1468 3178 duo
1482 3128 1595 3200 regna
1612 3109 1782 3184 Moschus

149 3227 257 3298 annis
274 3229 517 3323 superioribus
537 3229 630 3323 cepit
647 3228 691 3300 de
708 3226 889 3323 Tartaris)
902 3227 1097 3302 liberahter
1118 3229 1315 3324 pollicetur.
1333 3235 1486 3310 Munera
1499 3235 1651 3331 denique
1664 3238 1780 3326 offert,

149 3348 200 3419 ad
218 3349 423 3422 Romanum
440 3351 648 3424 Pontificem
665 3349 886 3446 perferenda.
918 3351 1061 3425 Decimo
1082 3361 1205 3425 octavo
1231 3355 1405 3430 kalendas
1430 3358 1634 3434 decembres
1651 3385 1674 3434 a
1690 3386 1783 3436 com·

149 3473 260 3568 plexu
275 3477 538 3548 carissimorum
552 3477 717 3549 comitum
731 3497 888 3562 suorum,
909 3498 996 3570 quos
1015 3476 1087 3549 dux
1103 3500 1168 3574 pro
1196 3480 1378 3554 obsidibus
1399 3483 1556 3572 retinuit,
1579 3483 1783 3573 distractus,

150 3605 296 3672 cantum
314 3600 455 3674 circiter
477 3601 680 3696 purpuratis
695 3599 870 3695 equitibus
888 3599 1090 3683 comitatus,
1111 3600 1179 3673 iter
1196 3602 1376 3700 Starzycia
1399 3603 1626 3679 Pleshoviam
1646 3631 1783 3694 versus,

150 3721 279 3795 urbem
290 3725 401 3819 copiis
417 3723 596 3798 Polonicis
612 3725 893 3808 circumsessam,
909 3723 1126 3796 Possevinus
1144 3747 1222 3796 cum
1247 3726 1269 3798 J
1273 3748 1388 3798 oanne
1402 3726 1581 3824 Campano
1596 3737 1632 3803 et
1643 3731 1787 3807 Andrea

151 3844 361 3919 Modestinc
392 3847 554 3921 instituit.
590 3848 859 3936 linonicum,
891 3849 1149 3944 quinquaginta
1179 3872 1347 3945 passuum
1378 3853 1492 3926 milha
1524 3874 1788 3953 quaquaversus

150 3967 302 4056 diffuso,
318 3968 507 4065 multisque
522 3970 787 4046 difficultatibus
799 3955 939 4046 itineris
954 3975 1143 4070 superatis,
1155 3978 1252 4050 aucti
1265 3981 1310 4050 e'x
1324 3979 1453 4074 oppido
1463 3980 1658 4056 Mcscoviae
1667 3985 1703 4057 N
1705 4008 1786 4059 ovo-

148 4095 296 4192 gardiae
312 4098 481 4170 comitatu
498 4121 604 4185 novo,
629 4099 765 4172 duobus
783 4101 1017 4173 Tartarorum
1047 4100 1217 4186 millibus,
1237 4100 1285 4172 ad
1310 4109 1429 4176 castra
1451 4107 1546 4200 apud
1564 4089 1786 4182 Plescovialm
1928 4163 1937 4186 .

150 4222 263 4316 regia
278 4220 329 4294 111
348 4243 462 4294 nouas
483 4223 636 4323 octobris
655 4224 876 4319 perveniunt.
900 4225 1218 4320 Expectatissimus
1230 4226 1297 4300 suit
1314 4230 1608 4327 gratissimusque
1626 4235 1790 4310 universo

149 4342 334 4415 exercitui
350 4342 524 4415 adventus
546 4344 756 4432 Possevini;
774 4350 872 4456 pacis
890 4349 951 4422 illo
968 4350 1121 4424 maxime
1138 4349 1283 4422 nuntius
1306 4375 1313 4422 :
1335 4351 1414 4445 jam
1440 4355 1533 4427 enim
1559 4360 1790 4433 castrensium

148 4473 336 4565 pertaesus
351 4488 497 4561 operum
522 4474 558 4539 et
578 4471 799 4564 tempestatis
824 4473 940 4544 variae
968 4495 1011 4545 ac
1028 4473 1287 4556 difficultatum,
1309 4497 1396 4568 quas
1420 4486 1591 4573 appetens
1621 4480 1793 4556 afferebat

147 4591 289 4675 hiems,
311 4589 409 4663 iocos
423 4591 557 4686 patrios
579 4598 615 4664 et
639 4590 741 4666 dulce
768 4594 877 4667 otium
908 4595 1009 4669 miles
1034 4600 1276 4694 respectabat;
1305 4624 1385 4674 cum
1412 4605 1491 4699 regi
1521 4613 1656 4678 certum
1682 4617 1789 4694 esset,

146 4709 228 4784 nisi
247 4719 453 4808 expugnata
467 4712 667 4800 Plescovia,
688 4724 805 4790 castra
817 4739 889 4790 non
909 4742 1052 4794 movere
1073 4744 1096 4793 a
1113 4725 1302 4798 moenibus.
1324 4725 1460 4800 Eodem
1473 4727 1531 4802 die
1545 4728 1684 4802 datusa
1706 4753 1792 4828 rege

146 4845 308 4910 senatus
333 4837 467 4932 legato,
487 4839 645 4912 recitatae
662 4849 745 4914 sunt
774 4847 811 4914 et
834 4852 992 4940 acceptae
1008 4848 1173 4944 utrinque
1191 4847 1413 4925 conditiones
1431 4854 1541 4948 pacis,
1568 4856 1791 4952 partiumque

145 4964 374 5038 auctoritate
388 4989 453 5061 per
469 4966 705 5040 internuntios
717 4967 947 5045 confirmatae.
965 4975 1008 5046 In
1024 4997 1086 5048 aas
1098 4975 1150 5049 ita
1162 4978 1327 5051 convenit
1339 5000 1409 5073 pax
1425 5004 1434 5052 ε
1453 4982 1597 5054 Moscus
1607 4984 1792 5059 decederet
1818 5018 1953 5076 munitio-

146 5090 301 5164 Polono
323 5113 367 5163 ex
383 5093 619 5186 omni-quam
635 5103 855 5187 occupasset,
875 5097 1046 5186 Livonia;
1067 5101 1225 5176 Polonus
1251 5103 1375 5176 Mosco
1393 5105 1535 5200 oppida,
1558 5130 1637 5201 quae
1654 5108 1792 5184 duobus
1818 5098 1953 5168 ¹¹⁰⁸P⁸⁰⁵⁸·

147 5222 246 5289 ante
275 5215 428 5310 cepisset
457 5217 570 5302 annis,
591 5217 805 5291 restitueret.
831 5221 919 5294 Post
951 5225 1079 5297 multas
1110 5225 1193 5299 hinc
1221 5226 1320 5300 illinc
1347 5229 1454 5302 tricas
1483 5231 1598 5325 pactio
1627 5231 1731 5314 facta,
1759 5244 1793 5307 et
