4936 6658
632 844 693 909 342
1000 845 1275 907 LlTUANlGARUll
1298 845 1510 908 secleratis
1530 847 1617 910 lESU
1639 847 1892 909 mercatorum

460 1043 525 1100 1000
634 1051 773 1123 garum,
797 1028 992 1124 principum
1010 1030 1170 1101 Mantuae
1188 1035 1223 1100 et
1241 1027 1492 1116 Montisierati,
1514 1029 1641 1102 ducum
1655 1029 1930 1104 Nivernensium
1944 1036 1979 1102 et
1991 1028 2257 1114 Retelanorum,

458 1123 584 1271 {3522
633 1155 705 1226 divi
723 1153 865 1248 gentilis
882 1154 936 1225 sui
950 1152 1088 1248 Aloysii
1110 1175 1247 1237 amans,
1268 1153 1359 1227 festo
1374 1156 1450 1251 ejus
1469 1154 1538 1241 die,
1554 1156 1592 1228 in
1604 1155 1734 1252 templo
1750 1154 1899 1250 Collegii
1912 1176 1975 1227 suo
1989 1155 2131 1250 pietatis
2144 1177 2260 1228 exem·

457 1280 603 1374 aureuma.
632 1278 690 1373 plo
710 1277 855 1351 Polonis
873 1279 1004 1350 cultum
1022 1277 1126 1351 Beati
1145 1278 1418 1351 commendavit.

457 1360 577 1494 ἓξὲξ.
681 1402 711 1473 E
737 1401 885 1495 collegio
916 1402 1138 1474 Vilnensium
1167 1400 1369 1475 academico
1400 1403 1468 1474 duo
1494 1409 1706 1499 praestantes
1722 1402 1790 1474 viri
1820 1401 2065 1497 demigrarunt
2091 1402 2257 1487 :Patres

458 1517 567 1572 mendas
634 1526 754 1598 Simon
774 1527 1015 1620 Ugnievskius
1034 1533 1069 1598 et
1083 1527 1104 1597 J
1109 1548 1243 1598 oannes
1274 1525 1492 1599 Bielinslrius
1509 1551 1517 1611 ;
1537 1527 1596 1599 hic
1608 1549 1672 1622 pro
1703 1535 1839 1600 rectore
1866 1525 1902 1598 id
1929 1525 2099 1622 temporis
2124 1549 2258 1621 praeses

418 1718 423 1722 .
456 1601 584 1734 :iffi
630 1649 768 1730 domus,
788 1649 848 1722 ille
861 1650 1017 1745 ejusdem
1036 1648 1185 1741 Collegii
1200 1648 1283 1720 olim
1299 1650 1346 1720 ab
1360 1673 1453 1722 anno
1472 1650 1565 1724 1628
1582 1657 1711 1724 rector.
1733 1651 1842 1722 Pater
1856 1647 1979 1722 Simon
1996 1649 2109 1722 nobili
2125 1651 2259 1745 genere

456 1774 603 1894 {gmi-
629 1773 666 1843 in
686 1773 847 1846 Masovia
865 1781 976 1856 ortus,
993 1794 1086 1843 anno
1101 1773 1217 1856 aetatis
1236 1773 1403 1846 vicesimo
1430 1773 1467 1844 in
1485 1775 1698 1848 Societatem
1719 1781 1896 1869 acceptus.
1918 1773 2047 1868 Docuit
2067 1774 2258 1848 oratoriam

457 1879 585 2006 00100-
628 1905 739 1971 artem
769 1892 805 1970 et
829 1899 988 1992 linguam
1005 1921 1150 1971 sacram.
1173 1897 1294 1981 Rexit,
1328 1907 1458 1993 praeter
1475 1899 1713 1972 academicum
1738 1899 1867 1984 Vilnae,
1890 1897 2192 1994 Pultopolitanum
2223 1910 2259 1974 et

453 2007 583 2128 ffif·
628 2021 819 2096 Pinscense
837 2023 997 2116 collegia.
1013 2023 1082 2094 Diu
1101 2045 1139 2094 se
1156 2045 1198 2094 ac
1211 2045 1383 2118 perquam
1400 2022 1532 2096 utiliter
1544 2024 1581 2094 in
1601 2023 1873 2096 concionatoriis
1884 2023 2066 2096 laboribus
2082 2023 2253 2098 exercuit.

452 2153 561 2247 pacida
628 2143 772 2217 Electus
789 2169 851 2240 per
877 2153 1086 2218 conventum
1103 2145 1354 2241 provincialem
1387 2153 1608 2241 procurator,
1632 2148 1670 2219 in
1688 2148 1853 2220 Romana
1883 2147 2161 2242 congregatione
2178 2149 2254 2243 pul-

452 2237 601 2386 ffis‘u'
627 2272 712 2344 chre
729 2272 838 2348 stetit,
862 2273 902 2343 ln
921 2271 1145 2344 moderandis
1164 2271 1387 2343 inferioribus
1401 2279 1437 2344 et
1449 2273 1601 2366 negotiis
1627 2272 1821 2345 tractandis
1837 2271 2025 2368 prudentia
2046 2279 2082 2345 et
2100 2273 2256 2348 navitate

452 2401 573 2470 nuptias.
626 2395 680 2466 vir
693 2394 879 2489 singulari.
896 2395 1128 2467 Excruciatus
1147 2393 1326 2468 doloribus
1347 2394 1517 2491 podagrae
1535 2419 1598 2492 per
1612 2418 1724 2469 annos
1737 2395 1869 2492 plures,
1888 2393 2022 2468 relictis
2038 2395 2252 2483 tolerantiae,

456 2479 566 2614 Vitulago
624 2517 855 2598 fortitudinis,
888 2517 1036 2612 aliisque
1069 2517 1229 2611 religiosi
1260 2517 1414 2591 hominis
1439 2527 1475 2592 et
1504 2521 1599 2592 docti
1621 2520 1656 2616 (ι)
1691 2519 1923 2605 documentis,
1945 2518 2097 2592 excessit
2118 2519 2151 2590 V
2174 2520 2254 2596 idus

452 2637 581 2770 Effig-
625 2643 788 2716 octobris
809 2644 918 2715 Auxit
935 2642 1092 2716 dolorem
1105 2643 1327 2728 academicis
1343 2644 1536 2740 theologiae
1549 2646 1701 2718 maxime
1718 2644 1950 2730 auditoribus,
1967 2644 2072 2718 funus
2086 2645 2249 2740 magistri

451 2793 560 2849 coelati
625 2766 680 2837 sui
710 2766 895 2851 carissimi,
915 2767 1033 2839 Patris
1046 2767 1210 2840 loannis.
1234 2769 1347 2846 Quam
1366 2769 1514 2863 quisque
1531 2770 1674 2842 illorum
1686 2769 1754 2841 1011
1766 2769 1939 2841 doctrinae
1957 2775 1992 2840 et
2010 2767 2152 2864 pietatis
2173 2777 2245 2846 stu·

446 2870 602 3007 {123th
624 2890 857 2974 diosissimus,
878 2899 951 2963 tam
983 2891 1076 2963 hunc
1110 2891 1325 2964 desideravit
1351 2894 1502 2966 maxime
1522 2919 1529 2966 :
1550 2901 1590 2966 ut
1620 2894 1826 2988 magistrum
1852 2893 1899 2964 ad
1929 2891 2140 2986 explicanda
2171 2915 2252 2968 cum

451 3027 581 3096 gnievski.
623 3015 867 3110 philosophica
901 3023 975 3088 tum
1004 3015 1206 3110 theologica
1240 3017 1410 3112 mysteria
1433 3019 1622 3114 insigniter
1651 3027 1779 3089 natura
1814 3025 1849 3088 et
1871 3039 1935 3089 sua
1961 3016 2138 3092 industria
2155 3039 2250 3090 com·

622 3146 807 3234 paratum;
840 3138 890 3211 sic
921 3139 1099 3234 religiosae
1129 3140 1328 3235 disciplinae
1358 3151 1393 3214 et
1423 3165 1559 3214 morum
1584 3141 1768 3237 egregium
1797 3141 1883 3237 ipsis
1908 3140 1993 3212 vitae
2022 3162 2099 3212 suaa
2127 3163 2248 3216 exem-

622 3262 691 3359 plis
718 3272 984 3358 praeoeptorem.

515 3389 547 3484 ²9.
588 3473 594 3486 Ι
669 3387 810 3460 Βο0010
843 3391 976 3484 pariter
999 3391 1132 3474 virum,
1167 3390 1209 3461 P.
1234 3390 1426 3483 Georgium
1441 3389 1631 3484 Benignie
1661 3387 1837 3463 domicilio
1855 3388 2095 3485 professorum
2112 3390 2246 3463 Versa-

448 3471 596 3606 ξῇῗζξζῖἓ
620 3511 733 3584 viensi
755 3535 849 3585 mors
868 3515 961 3585 bona
977 3514 1135 3586 abstulit.
1153 3513 1267 3586 (iente
1283 3515 1340 3586 hic
1358 3516 1549 3600 Prutenus,
1571 3521 1677 3586 aetate
1685 3515 1761 3609 jam
1773 3512 1994 3596 confirmata,
2007 3514 2044 3586 iu
2064 3514 2249 3588 Societate

446 3671 502 3726 Diu
513 3673 592 3728 inca·
621 3659 660 3707 00
677 3636 874 3710 collocavit.
894 3640 927 3710 Α
956 3639 1072 3710 studio
1086 3638 1278 3732 theologiae
1296 3639 1415 3710 statim
1440 3637 1601 3726 difficiles
1632 3637 1772 3710 labores
1789 3639 1955 3732 suscepit,
1976 3638 2013 3710 in
2027 3639 2154 3712 castris
2168 3663 2243 3713 ma·

446 3754 510 3845 stus
524 3753 580 3846 ⁰⁹9
619 3760 712 3832 xime
737 3761 866 3855 regiis;
899 3761 936 3832 in
966 3760 1091 3857 quibus
1120 3761 1282 3833 militiam
1305 3784 1418 3847 suam,
1440 3769 1478 3833 ut
1504 3769 1579 3834 erat
1610 3769 1813 3834 auctoratus
1844 3761 1985 3836 domino
2008 3761 2243 3848 exercituum,

453 3833 591 3888 mmm
620 3884 764 3978 egregie
790 3885 957 3958 sustinuit
982 3907 1094 3957 annos
1127 3885 1277 3980 amplius
1296 3886 1481 3959 duodecim
1506 3911 1513 3957 :
1534 3887 1761 3980 nunoregias
1792 3885 2007 3958 Polonorum
2036 3887 2073 3957 in
2093 3887 2244 3960 Prussia

619 4016 750 4111 copiae,
765 4040 857 4088 nunc
875 4017 1049 4088 exercitus
1067 4015 1288 4110 imperatoris
1306 4015 1342 4084 in
1364 4010 1566 4096 Germania,
1598 4011 1795 4082 (iustarum
1813 4004 2006 4082 Succorum
2022 4010 2147 4082 ducem
2164 4033 2246 4102 per·

619 4148 818 4234 sequentes,
834 4149 996 4212 sectatus.
1029 4139 1078 4210 Ut
1095 4149 1171 4211 erat
1196 4141 1232 4210 in
1261 4139 1354 4210 omni
1372 4137 1515 4231 negotio
1535 4135 1726 4219 animosus,
1749 4135 1784 4204 in
1800 4134 2026 4229 procuranda
2043 4135 2245 4228 praesertim

516 4247 518 4258 ¹
617 4264 766 4337 aliorum
780 4264 895 4337 salute
911 4273 1057 4347 aeterna,
1078 4265 1170 4337 inter
1183 4263 1337 4336 maxima
1352 4262 1491 4334 fortiter
1509 4260 1718 4332 versabatur
1734 4257 1911 4353 pericula;
1933 4258 2067 4331 caedem
2092 4258 2186 4330 inter
2204 4267 2242 4333 et

617 4396 775 4483 stragem
804 4389 841 4460 in
871 4389 948 4462 acie
965 4389 1011 4460 ab
1041 4389 1096 4460 his
1116 4389 1161 4459 ad
1186 4387 1267 4459 illos
1285 4386 1501 4468 discurrens,
1530 4381 1757 4477 pereuntibus
1787 4382 1948 4454 hortator
1965 4381 2011 4454 ad
2037 4403 2241 4475 supremam

617 4513 742 4606 cuique
759 4513 813 4584 sui
831 4535 951 4584 curam
968 4523 1074 4606 atque
1087 4513 1240 4607 adjutor.
1264 4508 1428 4583 Emeritis
1447 4507 1520 4579 suis
1537 4507 1642 4578 heros
1657 4505 1853 4600 stipendiis,
1871 4511 1977 4577 aetate
1986 4505 2061 4599 jam
2079 4503 2239 4599 gravior,
2311 4488 2317 4508 ⁷

618 4637 662 4708 ad
681 4661 829 4711 munera
845 4638 1098 4733 tranquillioris
1123 4639 1204 4709 vitae
1231 4643 1427 4708 revocatus.
1463 4632 1533 4704 Sed
1555 4631 1675 4712 homo,
1695 4628 1876 4701 laboribus
1906 4629 2099 4724 perpetuis,
2118 4630 2242 4724 aisque

616 4761 778 4846 lucrosis,
792 4772 964 4847 assuetus,
986 4762 1167 4835 considere
1185 4763 1221 4833 in
1239 4762 1310 4834 otio
1329 4760 1423 4832 haud
1440 4765 1590 4853 poterat.
1604 4787 1620 4818 a
1635 4758 1769 4830 Orabat
1782 4780 1876 4852 saepe
1890 4757 2061 4852 praesides
2079 4780 2175 4843 suos,
2196 4781 2245 4831 ne

619 4917 636 4948 α
658 4909 696 4960 00
710 4887 846 4960 desidia
864 4911 1080 4962 marcescere
1098 4895 1314 4983 paterentur.
1337 4884 1488 4956 Crudum
1503 4905 1541 4956 se
1555 4891 1590 4956 et
1608 4883 1727 4954 divino
1745 4881 1914 4956 beneficio
1932 4883 2079 4956 viridem
2098 4891 2245 4957 nactum

621 5042 637 5074 a
656 5019 884 5096 senectutem,
900 5011 1053 5085 ferendis
1073 5011 1253 5107 quibusvis
1272 5010 1438 5083 oneribus
1450 5031 1573 5102 parem
1586 5029 1682 5092 esse;
1701 5029 1746 5080 ne
1758 5006 1851 5078 hanc
1870 5007 2027 5080 sinerent
2043 5007 2245 5082 verminare

618 5165 635 5198 u
654 5137 818 5233 ignavia,
856 5138 951 5210 haud
977 5139 1102 5232 perdiu
1151 5138 1218 5211 sibi
1250 5136 1410 5231 capulari
1444 5133 1699 5231 expectandam
1728 5133 1884 5228 requiem
1917 5131 2178 5228 sempiternam.
2219 5168 2238 5200 ι

658 5272 705 5358 (1)
720 5277 823 5337 Libros
838 5292 854 5335 a
869 5293 901 5337 se
915 5280 1038 5352 scriptos
1054 5277 1116 5337 vide
1128 5277 1156 5335 in
1171 5275 1308 5350 catalogo
1325 5275 1504 5350 scriptorum.
