4936 6658
712 829 821 892 LIBER
836 828 1002 894 *DECIMUS
1023 831 1239 910 (1660·1661).
1736 825 1797 892 353

179 1043 193 1077 e
212 1015 327 1089 Deum
344 1019 381 1088 61
405 1014 481 1111 ejus
507 1012 774 1088 sanctissimam
791 1013 947 1088 Matrem
972 1016 1113 1112 pietatis
1142 1015 1288 1090 Polonae
1313 1020 1551 1100 monumento,
1572 1036 1654 1086 mox
1670 995 1716 1085 ad
1734 1036 1793 1086 ex-

178 1171 192 1204 c
211 1140 431 1236 stirpandum
444 1140 550 1214 fidem
567 1141 776 1242 catholicam
792 1141 1074 1236 accingerentur,
1094 1142 1202 1236 inqua
1219 1141 1294 1236 ejus
1310 1141 1428 1214 locum
1444 1140 1668 1236 peregrinam
1685 1138 1792 1211 aliam

178 1267 417 1341 «inducerett
439 1266 531 1340 bona
562 1267 767 1362 reipublicae
797 1266 950 1340 emeritis
981 1267 1116 1344 civibus
1143 1267 1283 1354 collata,
1317 1274 1440 1340 eontra
1466 1267 1689 1363 sponsionem
1722 1263 1792 1336 fide
1833 1346 1835 1355 Ι

170 1415 189 1454 ‘c
208 1392 308 1486 regia
340 1389 529 1473 firmatam,
559 1391 647 1487 66161
671 1416 680 1463 :
707 1392 919 1487 patrimonia
953 1392 1123 1465 Ecclesiae
1158 1389 1385 1463 saecularibus
1423 1371 1583 1486 personis
1618 1389 1789 1474 conferre,

176 1516 317 1590 uetiam
335 1515 385 1589 eis
403 1516 462 1610 qui
488 1515 639 1588 diversae
665 1524 749 1588 6661
775 1516 950 1611 opinionis
967 1517 1004 1587 in
1022 1515 1144 1600 sacris,
1165 1515 1458 1611 praesumpserit:
1480 1537 1521 1588 eo
1551 1513 1635 1600 fine,
1667 1521 1714 1598 ut,
1741 1514 1794 1584 in·

175 1640 378 1735 «terceptis
405 1637 636 1712 ecclesiarum
671 1639 880 1726 redditibus,
909 1639 1050 1714 laudem
1078 1640 1144 1711 Dei
1174 1647 1210 1712 et
1240 1640 1371 1712 cultum
1401 1645 1558 1714 veterem
1588 1637 1728 1732 penitus
1758 1636 1796 1710 in

174 1787 320 1860 “regno
350 1765 418 1837 hoc
446 1765 669 1860 exstirparet.
707 1764 788 1836 Jam
817 1787 902 1838 vero
933 1789 1012 1836 cum
1044 1764 1259 1860 principibus
1289 1787 1400 1859 regno
1427 1763 1548 1836 amicis
1578 1770 1682 1857 pacta
1708 1751 1794 1834 ¹olim

174 1891 299 1964 «inita
316 1889 470 1984 negligit
491 1889 655 1984 :juratos
682 1888 843 1962 Poloniae
866 1889 986 1962 hostes
1013 1889 1059 1962 ad
1088 1913 1266 1962 armorum
1296 1889 1500 1962 societatem
1530 1888 1723 1984 pertrahit;
1758 1894 1796 1959 ut

167 2046 188 2079 -κ
208 2015 475 2112 rempublicam,
494 2020 548 2086 tot
577 2014 753 2108 angustiis
774 2037 945 2110 pressam,
964 2014 1000 2087 16
1024 2021 1218 2088 extremum
1244 2016 1396 2111 denique
1413 2014 1497 2088 belli
1514 2014 1654 2088 Turcici
1672 2013 1793 2086 discri-

172 2163 289 2214 «men
318 2139 526 2237 praecipitet.
562 2139 605 2210 In
635 2161 784 2223 summa,
817 2138 986 2234 quidquid
1019 2138 1224 2236 reipublicae
1251 2147 1286 2214 et
1316 2140 1486 2213 exercitui
1523 2137 1698 2234 pollicitus
1725 2145 1791 2227 661,

171 2290 247 2340 «ac
279 2264 463 2338 litterariis
490 2263 789 2360 stipulationibus,
824 2264 1063 2359 stipulatione,
1096 2273 1159 2338 aut
1192 2265 1300 2338 verbo
1326 2266 1426 2361 regio
1455 2265 1617 2353 66666116,
1655 2265 1746 2338 66611
1784 2291 1817 2339 :-

171 2423 187 2456 c
205 2414 310 2466 omne
325 2390 363 2462 id
397 2389 627 2463 incontinenti
644 2412 787 2484 pessum
804 2389 915 2473 dedit,
937 2390 1098 2475 mutavit,
1120 2387 1271 2464 revellit.
1293 2391 1531 2464 immunitates
1550 2390 1732 2476 Ecclesiae,
1753 2413 1796 2464 ac

170 2517 395 2614 «pristinum
435 2521 567 2588 statum
611 2514 828 2610 reipublicae,
863 2515 1134 2610 libertatemque
1168 2497 1353 2601 Ordinum,
1391 2516 1461 2588 imo
1499 2517 1653 2611 cujusvis
1689 2517 1794 2591 sortis

170 2643 381 2727 6166661666,
413 2631 517 2745 regni
547 2639 659 2711 nostri
688 2638 836 2724 incolas,
872 2639 1082 2733 gravissime
1117 2639 1302 2734 oppressit.
1335 2638 1533 2734 Antequam
1571 2641 1681 2736 igitur
1711 2650 1793 2715 actu

169 2795 185 2828 ι
205 2764 330 2850 durus,
351 2740 422 2837 fide
437 2764 539 2848 levis,
555 2763 663 2836 verbo
680 2763 896 2846 inconstans,
922 2762 1096 2849 dominus,
1117 2763 1276 2858 regimen
1305 2786 1406 2836 suum
1432 2764 1579 2838 ulterius
1605 2767 1788 2860 producat,

168 2918 185 2950 κ
204 2912 247 2962 66
273 2888 409 2962 firmius
444 2887 610 2972 stabiliat,
631 2909 729 2960 arces
755 2910 797 2960 ac
818 2884 988 2959 fortalitia
1011 2895 1166 2983 occupet,
1197 2895 1340 2982 gentem
1369 2897 1475 2985 atque
1506 2891 1698 2966 exercitum
1727 2892 1792 2966 sub

167 3017 331 3112 «jugum
365 3015 565 3111 compellat,
596 3014 793 3088 ambitiosae
821 3015 904 3087 huic
933 3014 1138 3087 dominandi
1166 3015 1304 3088 libidini
1331 3018 1571 3093 obsistendum
1601 3044 1680 3094 esse
1709 3022 1793 3095 totis

167 3171 183 3202 α
204 3141 344 3215 viribus
363 3140 546 3228 duximus;
574 3139 771 3244 praesertim
791 3138 873 3211 dum
898 3139 1144 3213 serenissimus
1172 3141 1330 3214 Joannes
1357 3143 1793 3230 06616616661166616661·

165 3293 181 3325 r
201 3265 332 3362 fragiis
363 3264 508 3352 6166166,
529 3287 593 3338 rex
611 3272 731 3338 noster
752 3263 980 3350 invindictas
1008 3263 1361 3339 catholico-romanae
1378 3265 1464 3340 fidei
1482 3274 1587 3364 atque
1605 3259 1790 3358 Ecclesiae,

164 3417 181 3452 e
202 3388 536 3463 61166611666161661
553 3411 596 3462 ac
613 3395 726 3462 status
744 3387 800 3462 sui
818 3410 903 3460 cura
933 3389 1110 3484 insurgit3
1131 3389 1246 3486 sitque
1275 3397 1435 3486 paratus,
1460 3415 1523 3488 pro
1554 3392 1794 3469 incolumitate

164 3542 180 3588 ‚¹⁶
201 3514 332 3610 patriae
357 3513 468 3586 cuivis
496 3513 691 3585 discrimini
716 3512 854 3608 regium
880 3520 985 3610 caput
1015 3513 1180 3609 objicere,
1202 3522 1237 3587 et
1265 3537 1338 3588 nou
1363 3518 1621 3592 contemnenda
1650 3519 1795 3592 submit-

164 3667 181 3699 «
201 3647 282 3712 1666
300 3637 446 3724 auxilia,
470 3636 689 3733 polliceatur.
711 3637 778 3710 His
799 3637 918 3732 itaque
944 3639 1094 3733 permoti
1123 3639 1330 3727 rationibus,
1359 3649 1549 3738 cognatum
1574 3667 1660 3740 erga
1689 3635 1793 3740 reges

163 3787 364 3838 «amorem
389 3769 426 3837 et
446 3763 551 3837 fidem
570 3763 686 3859 gentis
713 3763 860 3836 Polonae
888 3763 1110 3848 resumendo,
1134 3787 1180 3838 66
1207 3764 1353 3838 61166166
1377 3758 1589 3862 templorum
1618 3770 1794 3866 totiusque

163 3920 179 3951 a
199 3890 334 3988 patriae
359 3888 533 3964 funestior
550 3888 722 3963 desolatio
748 3895 996 3983 consequatur,
1021 3889 1285 3985 prospicientes
1303 3891 1398 3963 omni
1425 3894 1634 3988 protectioni
1663 3919 1794 3970 memo·

160 4043 177 4076 a
198 4015 275 4090 rati
310 4014 444 4099 Caroli,
474 4013 611 4088 Sueciae
641 4013 751 4111 regis,
779 4013 1051 4087 renuntiamus:
1086 3995 1340 4109 protectionem
1369 4016 1571 4092 abdicamus
1593 4045 1600 4093 :
1622 4011 1702 4095 acta
1730 4045 1794 4095 sua

157 4169 175 4201 a
195 4139 374 4214 universa
390 4139 642 4226 rescindimus;
663 4145 699 4214 et
720 4160 926 4234 quocunque
954 4138 1096 4212 nomine
1122 4147 1284 4213 emanata
1301 4140 1490 4239 privilegia
1512 4151 1573 4218 aut
1591 4137 1792 4242 diplomata,

157 4293 173 4326 ⁸
193 4266 306 4339 irrita
325 4271 361 4338 et
378 4263 509 4338 nullius
534 4263 672 4339 roboris
696 4263 989 4361 pronuntiamus:
1013 4262 1197 4360 ipsumque
1223 4288 1302 4338 cum
1320 4267 1481 4342 omnibus
1508 4269 1787 4362 adhaerentibus,

153 4419 170 4454 s
193 4390 430 4490 quantumvis
460 4389 531 4463 sint
559 4389 663 4485 regni
689 4388 796 4475 cives,
820 4388 890 4460 nisi
914 4388 1122 4484 resipiscere
1149 4389 1271 4476 velint,
1291 4390 1411 4465 hostes
1442 4396 1637 4469 eommunis
1664 4399 1791 4493 patriae

153 4545 172 4578 κ
192 4517 427 4594 declaramus
447 4539 455 4588 :
476 4521 670 4610 contraque
698 4509 799 4585 illum
821 4519 884 4584 aut
908 4510 988 4585 illos
1013 4535 1077 4606 pro
1105 4511 1176 4586 fide
1205 4514 1378 4587 catholica
1396 4523 1431 4588 et
1449 4516 1609 4591 Ecclesia
1627 4519 1707 4618 Dei,
1727 4546 1792 4618 pro

154 4673 171 4709 a
191 4649 272 4720 tam
287 4641 473 4718 atrocibus
495 4639 636 4738 injuriis
658 4639 864 4736 damnisque
897 4640 1100 4736 reipublicae
1117 4640 1235 4727 illatis,
1256 4665 1321 4738 pro
1345 4643 1569 4721 libertatibus
1596 4649 1789 4737 convulsis,

152 4805 169 4840 a
189 4783 271 4849 tam
307 4771 524 4869 conjunctim
553 4792 687 4858 omnes,
710 4791 814 4866 quam
840 4768 987 4843 seorsim
1014 4768 1158 4864 singuli,
1178 4767 1261 4853 fide,
1281 4767 1429 4855 honore,
1451 4777 1486 4842 et
1504 4773 1793 4878 conscientiisgin

150 4929 169 4962 κ
190 4922 280 4975 eum
308 4897 450 4972 hostem
484 4918 607 4994 agere,
639 4915 704 4968 nos
732 4893 997 4990 obstringimus.
1031 4894 1189 4967 Interea·
1206 4895 1380 4968 exercitus
1410 4893 1616 4993 reipublicae
1655 4901 1794 4976 exsolu·
1877 4909 1884 4922 ’

151 5054 169 5089 κ
189 5027 341 5101 tionem
358 5022 615 5120 stipendiorum
631 5044 703 5096 non
720 5019 889 5116 requiret,
918 5019 1146 5116 requisitione
1171 5019 1344 5119 ejusmodi
1369 5022 1415 5095 ad
1446 5024 1643 5120 plenariam
1673 5028 1792 5130 reipu-

151 5181 170 5214 oe
192 5153 310 5228 blicae
340 5147 636 5246 tranquillitatem
661 5146 834 5242 tantisper
860 5145 994 5219 dilata:
1015 5169 1070 5234 ac,
1096 5145 1190 5221 bello
1214 5147 1377 5235 durante,
1398 5149 1556 5224 universi
1573 5157 1790 5240 constanter,

154 5305 172 5342 α
193 5273 422 5376 usquedum
443 5275 596 5374 patriam
612 5269 817 5378 insolidum
835 5271 1015 5373 pacificari
1028 5273 1209 5370 permittat
1225 5273 1442 5363 Altissimus,
1465 5299 1649 5354 mansuros
1667 5301 1732 5352 nos
1756 5279 1795 5352 iu
1816 5359 1821 5368 ,

1667 5398 1701 5456 rs
