4906 6642
688 789 729 858 48
1067 790 1340 854 Ll'thNlCdlthl
1364 790 1580 854 socmmxls
1601 792 1688 855 JESU
1711 791 1964 852 HISTORIARUM

518 967 582 1043 1⁵72
686 975 767 1062 bus,
784 975 978 1073 cupiditate
995 976 1202 1050 insatiabili.
1224 975 1318 1049 Illud
1334 976 1476 1062 mirum,
1493 977 1544 1051 sic
1557 977 1621 1051 illa
1634 1000 1720 1051 nece
1736 974 1906 1048 attonitos
1925 975 1962 1046 in
1980 973 2179 1070 frequentia
2196 979 2319 1072 populi

686 1123 817 1196 magna
834 1101 944 1175 fuisse
961 1123 1095 1187 omues,
1117 1108 1157 1173 ut
1172 1124 1218 1174 ne
1230 1099 1385 1174 clamore
1398 1100 1540 1197 quidem
1557 1102 1651 1175 ullus
1668 1098 1880 1174 homicidam
1894 1099 2108 1193 sacrilegum
2123 1102 2318 1195 exceperit.

686 1223 834 1298 Patrata
848 1248 946 1313 nece,
967 1224 1059 1297 latro
1077 1225 1187 1298 tradit
1204 1249 1243 1298 se
1261 1225 1337 1320 ipse
1354 1225 1551 1299 lictoribus.
1574 1229 1614 1298 ln
1629 1225 1824 1321 quaestione
1846 1223 1977 1307 fassus,
1993 1221 2138 1296 inductu
2152 1224 2321 1320 aethiopis

684 1349 832 1424 tartarei
851 1357 885 1424 et
903 1373 1048 1424 suorum
1073 1373 1112 1423 se
1130 1350 1318 1446 impulsum
1346 1373 1424 1424 esse
1450 1349 1697 1446 magnitudine
1709 1354 1954 1444 peccatorum
1976 1346 2103 1444 quibus
2131 1349 2321 1444 expiandis

684 1475 841 1552 remedia
858 1499 981 1550 vecors
996 1482 1129 1571 septem
1142 1475 1272 1549 abhinc
1285 1462 1475 1571 decemque
1488 1499 1602 1548 annos
1620 1473 1849 1569 neglexisset.
1868 1473 2078 1568 Compactus
2097 1472 2135 1544 in
2154 1483 2321 1569 ergastu-

684 1599 771 1686 lum,
800 1601 875 1696 ipse
901 1622 1039 1696 quoque
1056 1601 1230 1672 scelerum
1248 1607 1434 1672 accusator
1461 1623 1605 1672 suorum
1632 1607 1668 1670 61
1678 1598 1802 1694 judex,
1832 1597 2010 1683 monebat,
2039 1604 2145 1692 atque
2163 1599 2322 1694 rogabat

686 1725 805 1828 etiam,
823 1747 867 1798 ne
894 1724 961 1796 sibi
979 1723 1183 1820 parceretur
1213 1749 1220 1796 :
1246 1753 1262 1784 κ
1284 1723 1419 1795 nullum
1437 1713 1516 1796 esse
1541 1747 1655 1818 genus
1674 1721 1848 1818 supplicii,
1877 1721 1972 1816 quod
1989 1745 2052 1794 suo
2070 1723 2197 1796 merito
2223 1725 2321 1796 foret
2444 1811 2447 1820 ,

688 1879 705 1912 a
726 1849 907 1936 acerbius;
930 1874 1039 1922 unum
1053 1872 1091 1921 se
1106 1872 1221 1934 crare,
1239 1847 1434 1920 sacerdotis
1452 1848 1629 1934 catholici,
1648 1869 1716 1941 qno
1730 1847 1903 1942 magistro
1921 1853 1957 1918 et
1983 1853 2132 1940 patrono
2160 1847 2320 1922 divinam

687 1975 893 2047 conciliaret
909 1973 1146 2058 clementiam,
1163 1973 1280 2068 copiat
1293 1971 1407 2045 fieret.
1425 2007 1441 2039 n
1458 1973 1568 2045 Forte
1582 1971 1701 2044 nescio
1720 1971 1850 2055 evenit,
1867 1994 1912 2042 an
1935 1971 2084 2043 consilio
2114 1970 2257 2059 factum,
2279 1983 2323 2045 ut

688 2099 917 2172 concionator
929 2098 1023 2170 idern
1037 2097 1177 2169 oblatus
1191 2097 1237 2168 sit
1254 2119 1315 2168 rec
1333 2095 1380 2167 ad
1396 2119 1516 2169 necem
1533 2096 1781 2192 praeparando.
1799 2095 1978 2191 Quidquid
1990 2096 2158 2168 salutaris
2176 2099 2320 2170 consilii

685 2233 857 2320 praestare
887 2231 1027 2320 poterat
1057 2224 1199 2308 misero,
1233 2245 1365 2316 magna
1399 2220 1460 2294 1116
1491 2221 1664 2294 charitate
1694 2220 1853 2292 exhihuit
1886 2220 1933 2292 ad
1967 2243 2169 2316 supremum
2204 2246 2320 2318 usque

686 2354 824 2444 tempus
842 2349 1018 2444 supplicii.
1035 2346 1373 2421 Decretum'mortis
1399 2367 1482 2418 reus
1502 2345 1638 2439 excepit
1655 2345 1780 2440 plenus
1807 2343 1938 2428 animi,
1959 2344 2043 2439 quin
2062 2345 2196 2418 eferali
2209 2347 2320 2419 etiam

686 2481 851 2568 pegmate
869 2481 1034 2556 contenta
1047 2472 1308 2546 vocehortatus
1327 2477 1382 2542 est
1408 2469 1574 2564 populum
1597 2494 1604 2540 :
1626 2491 1690 2540 suo
1704 2468 1873 2540 mortales
1887 2467 1981 2540 docti
1995 2479 2162 2564 saperent
2175 2471 2282 2544 exitio
2307 2498 2316 2544 :

690 2625 706 2658 κ
727 2599 976 2693 homolcgeses
1004 2620 1137 2682 sacras,
1155 2595 1347 2667 maximnm
1365 2593 1491 2666 salutis
1516 2592 1723 2678 remedium,
1741 2616 1786 2664 ne
1816 2592 2057 2687 imprudentes
2074 2595 2316 2691 negligerent.

689 2721 939 2794 «Sacerdotes
969 2744 1033 2817 pro
1064 2722 1130 2794 Dei
1157 2719 1328 2790 ministris
1358 2707 1533 2789 haberent
1558 2725 1806 2811 amarentque;
1835 2715 1939 2788 aliter
1974 2719 2159 2812 graviores
2189 2719 2316 2804 multo,

687 2873 704 2905 κ
726 2867 827 2939 quam
846 2844 981 2917 subiret
998 2845 1086 2940 ipse,
1103 2843 1249 2916 daturos
1275 2865 1399 2937 poenas
1418 2841 1547 2912 divinae
1555 2841 1744 2937 justitiae„
1765 2839 1891 2912 Multis
1903 2840 1941 2912 id
1958 2841 2109 2938 exempli
2123 2843 2254 2938 profuit
2268 2846 2319 2917 ad

684 2978 863 3064 receptum
881 2969 1024 3042 amalis
1042 2969 1124 3041 vitae
1155 2965 1325 3050 consiliis
1347 2965 1566 3037 diversarum
1585 2965 1691 3038 etiam
1722 2972 1897 3037 sectarum
1915 2967 2130 3040 hominibus.

734 3093 967 3166 Emarserunt
983 3092 1066 3164 inde
1091 3090 1304 3186 complures
1325 3099 1361 3163 61
1385 3089 1432 3160 ad
1448 3089 1587 3183 frugem
1613 3111 1652 3160 se
1682 3095 1892 3183 receperunt
1915 3090 2058 3174 bonam,
2080 3091 2317 3166 adlaborante

574 3233 615 3290 13.
684 3216 719 3288 in
734 3217 856 3311 primis
872 3215 994 3288 eodem
1006 3214 1227 3288 Varsevicio.
1244 3214 1360 3309 Hujus
1375 3211 1645 3309 opera-subinde
1660 3219 1799 3284 centum
1813 3212 2023 3312 ampliusflad
2036 3216 2211 3288 Romanae
2224 3240 2321 3288 com·

512 3313 662 3466 Xssfflf
684 3341 885 3430 munionem
911 3338 1080 3412 Ecclesiae
1098 3337 1249 3421 rediere,
1279 3339 1384 3432 inque
1402 3337 1473 3410 illis
1500 3335 1685 3408 nobilitate
1703 3337 1809 3408 etiam
1827 3339 1970 3433 generis
1985 3339 2157 3434 insignes.
2174 3341 2318 3412 Praeter

513 3477 590 3570 voret·
609 3477 662 3534 hs·
682 3461 772 3535 alios
791 3463 934 3536 Ulricus
949 3464 1095 3549 Hosius
1112 3463 1215 3534 Hcsii
1230 3462 1429 3535 Cardinalis
1442 3460 1664 3532 Vermiensis
1682 3461 1838 3555 episcopi
1864 3485 2056 3556 germanus
2069 3464 2200 3549 frater;
2222 3465 2322 3558 quod

514 3559 600 3612 ‘mm'
683 3585 790 3658 nullis
803 3584 920 3659 adhuc
933 3586 1022 3658 effici
1037 3586 1151 3681 potuit
1168 3586 1325 3659 consiliis
1343 3611 1350 3658 :
1372 3585 1639 3683 Bystrzycensis
1654 3585 1738 3656 item
1754 3585 1955 3680 praefectus,
1977 3585 2154 3680 dignitate
2171 3589 2226 3659 vir
2242 3588 2322 3682 pol·

680 3708 758 3782 lens
782 3717 817 3783 61
830 3709 969 3806 opibus,
991 3711 1041 3782 sic
1066 3710 1289 3783 acatholicis
1324 3710 1565 3782 sacerdotibus
1591 3710 1772 3805 hucusque
1797 3709 1948 3797 alienus
1982 3719 2163 3784 uteorum
2192 3713 2321 3783 fortui-

680 3841 755 3906 tum
768 3833 875 3906 etiam
894 3855 1078 3906 occursum
1096 3833 1372 3940 abominandum
1390 3840 1542 3928 putaret.
1574 3833 1702 3905 Incidit
1719 3833 1780 3906 1116
1811 3835 1847 3905 111
1873 3834 2035 3907 morbum
2053 3835 2288 3908 insanabilem
2306 3865 2316 3922 ;

680 3959 837 4054 nihilque
863 3957 1009 4054 propius
1028 3957 1165 4043 aberat,
1195 3981 1300 4053 quam
1318 3959 1471 4030 animam
1490 3964 1678 4052 utageret.
1708 3958 1939 4032 Deficientem
1958 3960 2089 4032 excitat
2119 3961 2167 4031 ad
2193 3985 2320 4055 supre-

679 4106 772 4156 mam
799 4083 930 4178 utique,
947 4083 1029 4156 dum
1055 4083 1201 4169 liceret,
1220 4083 1346 4155 salutis
1373 4091 1518 4156 aeternae
1544 4106 1664 4154 curam
1690 4082 1974 4156 Varszevichius.
2005 4084 2127 4156 Valuit
2154 4087 2319 4158 suasoris

679 4210 805 4281 oratio.
827 4208 1093 4282 Reconciliatur
1122 4208 1229 4280 homo
1257 4208 1331 4280 Deo
1358 4214 1393 4280 et
1419 4206 1604 4280 Ecclesiae.
1635 4208 1713 4287 Quo
1740 4231 1778 4281 se
1804 4207 1852 4280 ad
1877 4219 2039 4293 mortem,
2069 4218 2104 4282 61
2130 4209 2319 4282 dicendam

679 4355 779 4408 suam
808 4333 903 4430 apud
926 4333 1085 4429 judicem
1115 4353 1317 4427 supremum
1339 4355 1484 4404 eausam
1502 4333 1702 4403 accuratius
1726 4343 1959 4430 compararet,
1988 4335 2148 4406 inducias
2176 4334 2318 4408 dierum

679 4455 877 4551 quindecim
907 4454 1117 4529 moribundo
1148 4455 1241 4528 idem
1272 4456 1432 4528 hortator
1463 4454 1618 4528 creditur
1657 4479 1679 4528 a
1704 4457 1780 4528 Deo
1812 4459 2033 4552 impetrasse.
2065 4460 2190 4555 Neque
2216 4481 2320 4552 aeger

679 4579 807 4652 deinde
824 4579 892 4652 sibi
919 4579 1154 4652 defuitztoto
1180 4579 1241 4652 1116
1268 4580 1404 4674 reliquo
1422 4587 1581 4674 tempore
1610 4579 1668 4674 pie
1699 4589 1837 4664 exacte,
1857 4580 1978 4653 multis
2009 4582 2115 4655 rebus
2145 4583 2181 4652 in
2211 4581 2319 4653 sami-

679 4704 747 4778 lias
763 4704 953 4800 religiosas
973 4703 1184 4790 distributis
1202 4703 1408 4776 confirmata
1427 4727 1490 4798 spe
1507 4704 1552 4776 de
1579 4703 1694 4776 salute
1715 4728 1781 4777 sua
1806 4715 1955 4798 aeterna,
1977 4706 2093 4778 desiit.
2111 4706 2177 4779 His
2203 4705 2318 4780 multo

679 4830 760 4927 plus
776 4830 927 4913 laetitiae,
943 4827 1130 4914 commodi,
1160 4835 1196 4900 61
1222 4829 1419 4902 ornamenti
1437 4827 1643 4923 reipublicae
1661 4830 1779 4902 attulit
1809 4830 1855 4902 ad
1882 4831 2079 4904 Ecclesiam
2104 4830 2319 4904 catholicam

559 4981 599 5035 14.
680 4953 816 5027 reditus
832 4953 984 5027 loannis
1002 4952 1121 5026 Caroli
1151 4953 1410 5038 Ghodkiewicz,
1427 4953 1583 5048 supremi
1608 4959 1681 5024 tum
1707 4955 1742 5024 in
1763 4954 1931 5027 Lituania
1960 4955 2198 5041 mareschalli,
2221 4979 2318 5050 praa-

509 5057 598 5114 ⁰⁸m¹¹
680 5078 763 5151 fecti
777 5077 1303 5174 Samogitiae,administratoris
1318 5077 1490 5151 Livoniae.
1512 5077 1605 5148 Huic
1622 5078 1850 5150 Varsevicius
1869 5102 1938 5150 non
1957 5079 2062 5153 modo
2090 5089 2193 5152 notus
2220 5089 2313 5164 erat,

508 5135 656 5270 (dm-
682 5201 746 5275 scd
764 5203 944 5299 praecipua
958 5203 1064 5276 etiam
1080 5201 1322 5276 familiaritate
1339 5203 1546 5298 conjunctus
1561 5224 1605 5274 ex
1619 5225 1661 5274 eo
1679 5203 1755 5297 jam
1773 5213 2014 5298 temporequo
2032 5205 2150 5286 ambo,
2159 5205 2316 5299 juvenes
