4906 6642
1373 651 1535 702 -x—

633 874 696 924 vos
725 849 855 924 nostris
885 855 1004 944 gestas
1044 849 1262 934 ministeriis,
1299 872 1322 922 a
1367 851 1558 946 majoribus
1587 850 1717 924 nostris
1762 851 1892 946 scripto
1926 851 2088 938 traditas,
2127 875 2249 926 narra-

634 999 724 1050 mus.
774 976 827 1048 De
856 976 963 1049 variis
990 975 1137 1050 subinde
1163 998 1474 1050 commemoramus
1505 976 1659 1048 civilium
1689 999 1806 1048 rerum
1842 978 2136 1072 tempestatibus;
2161 977 2255 1050 unde

634 1101 746 1176 lector
774 1100 965 1196 intelligat,
994 1101 1053 1195 qui
1096 1099 1281 1194 aliquando
1317 1101 1353 1172 in
1387 1102 1502 1196 patria
1535 1108 1658 1173 nostra
1698 1102 1804 1175 fuerit
1830 1101 2000 1176 Ecclesiae
2037 1110 2148 1177 status
2169 1128 2177 1176 ε
2198 1103 2257 1198 qui

634 1235 709 1302 tum
737 1226 925 1298 inclinatas
969 1224 1153 1320 religionis
1185 1225 1243 1299 vel
1293 1225 1495 1320 reipublicae
1537 1233 1655 1321 partes
1703 1224 1878 1299 antistites
1913 1226 1995 1299 boni
2021 1235 2057 1300 et
2081 1226 2257 1322 principes

634 1351 833 1435 industriis,
881 1349 1048 1433 consiliis
1099 1349 1222 1444 opibus
1269 1349 1536 1422 sustinuerint:
1566 1350 1625 1444 qui
1679 1350 1829 1444 denique
1866 1351 1903 1424 in
1949 1352 2101 1448 templis
2152 1351 2255 1436 aulis,

636 1475 781 1560 scholis,
809 1474 948 1561 castris,
981 1472 1083 1569 pagis
1111 1479 1147 1547 et
1188 1473 1333 1545 urbibus
1366 1480 1568 1546 nostrorum
1609 1496 1694 1546 usus
1724 1475 1828 1548 luerit
1864 1475 2059 1548 Sociorum.
2111 1475 2199 1547 Haec
2224 1481 2259 1548 et

633 1600 740 1696 hujus
774 1599 915 1694 generis
941 1596 1023 1683 alia,
1059 1598 1096 1669 in
1128 1620 1235 1669 unum
1262 1596 1422 1681 collecta,
1457 1597 1503 1669 ad
1533 1621 1596 1670 vos
1626 1597 1801 1671 antistites
1835 1607 1976 1673 nostros
2007 1623 2050 1672 ac
2081 1597 2257 1694 principes

635 1724 678 1797 de
712 1725 859 1820 pristino
895 1723 933 1796 in
956 1722 1083 1795 vestris
1114 1721 1301 1817 provinciis
1343 1721 1527 1816 religionis
1574 1729 1665 1794 statu
1687 1747 1695 1816 ;
1716 1723 1762 1795 ad
1786 1745 1850 1795 vos
1898 1730 2093 1809 senatores,
2133 1722 2259 1818 patriae

632 1855 765 1945 patres,
792 1846 964 1922 nonnulla
990 1846 1034 1920 de
1064 1846 1264 1941 republica;
1285 1847 1331 1918 ad
1364 1871 1427 1919 vos
1458 1855 1594 1920 satores
1626 1847 1768 1920 Ordinis
1794 1849 1906 1921 nostri
1932 1857 1968 1922 et
1992 1856 2258 1923 conservatores

633 1973 710 2070 pios
744 1974 788 2046 de
830 1973 935 2046 rebus
982 1979 1114 2044 nostrae
1156 1972 1355 2055 Societatis,
1405 1971 1533 2044 saeculo
1581 1972 1694 2067 primo
1728 1973 1766 2045 in
1791 1974 1859 2046 hac
1900 1975 2081 2069 provincia
2128 1974 2252 2068 gestis,

632 2096 857 2170 conferimus.
908 2097 1019 2176 Quam
1048 2094 1240 2167 officiorum
1272 2103 1307 2168 et
1336 2093 1527 2168 voluntatis
1557 2103 1691 2169 nostrae
1733 2097 2000 2192 professionem,
2043 2105 2149 2192 atque
2179 2120 2259 2169 cum

632 2221 699 2294 hac
729 2221 940 2293 Societatem
970 2220 1183 2304 universam,
1230 2226 1324 2291 tanta
1350 2219 1608 2305 benevolentia,
1650 2242 1847 2316 precamur,
1882 2221 2041 2317 accipite,
2074 2230 2110 2295 et
2138 2244 2260 2318 accep·

632 2353 704 2417 tam
739 2368 844 2440 porro
882 2345 1010 2430 fovete,
1044 2351 1175 2438 quanta
1212 2343 1431 2438 benignitate
1465 2344 1676 2418 sanctissimi
1705 2345 1856 2441 majores
1886 2347 1996 2421 vestri
2030 2347 2161 2443 primos
2196 2348 2258 2420 ad-

632 2491 754 2552 venas,
787 2474 906 2562 patres
936 2474 1089 2550 nostros,
1121 2468 1159 2538 in
1184 2467 1273 2539 hanc
1305 2469 1522 2564 provinciam
1558 2466 1777 2564 collegerint,
1815 2470 1979 2544 collectos
2018 2472 2091 2544 suis
2124 2471 2258 2544 munio-

634 2593 704 2666 rint
729 2593 916 2688 praesidiis,
950 2592 1101 2664 munitos
1131 2591 1282 2664 severint
1322 2591 1512 2666 benefieiis.
1560 2594 1615 2692 ld
1635 2601 1713 2668 orat
1754 2594 1960 2691 suppliciter

1516 3864 1627 3924 minima
1641 3859 1710 3925 Jeso
1724 3861 1852 3923 Societas
1865 3861 1892 3920 io
1907 3859 2050 3936 provincia
2065 3858 2218 3922 Lituanlca.
