4936 6658
676 775 738 844 356
786 797 788 800 ·
1063 771 1341 840 LlTUANlCdRUM
1362 772 1572 836 socturtrls
1594 771 1680 838 Just]
1702 767 1954 836 lllS'l'Olildltllltl

507 973 571 1028 1656
597 1053 604 1067 ·
679 960 983 1058 Transylvaniam,
1004 961 1096 1034 bello
1111 962 1259 1035 Turcico
1283 968 1317 1034 et
1330 961 1423 1034 civili
1450 960 1592 1058 insuper
1619 961 1812 1044 ardentem,
1833 976 1927 1029 anne
1949 947 2043 1063 1657
2060 952 2211 1048 rejectus
2225 957 2290 1026 est.

506 1055 638 1192 gfff
679 1086 827 1182 Reperit
840 1086 900 1160 ille
914 1088 1008 1160 dorni
1025 1088 1131 1182 plena
1148 1088 1265 1160 omnia
1282 1094 1318 1160 et
1329 1087 1436 1182 justis
1462 1087 1678 1160 Polonorum
1701 1083 1866 1182 querelis,
1888 1086 1923 1154 et
1937 1098 2079 1149 suarum
2099 1077 2211 1150 ruinis
2226 1077 2297 1150 for·

508 1217 656 1271 fumantem
680 1215 854 1284 tunarum.
868 1213 1095 1307 Legebantur
1108 1213 1152 1284 ab
1170 1213 1353 1306 Hungaris
1374 1233 1507 1306 sparsae
1524 1212 1737 1285 nostratium
1750 1208 1882 1306 passim
1898 1204 2028 1275 litterae
2044 1226 2052 1288 ;
2071 1224 2158 1298 quas
2177 1201 2215 1274 in
2229 1202 2304 1278 suis

508 1295 657 1428 ζξξὲᾏξὲἓ
686 1342 947 1410 Ctimacteribus
965 1340 1014 1412 ita
1030 1340 1156 1413 recitat
1175 1339 1378 1411 Kochovius
1396 1363 1403 1409 :
1570 1310 1573 1318 Ι

509 1451 631 1596 {ffiff
732 1491 749 1522 κ
771 1463 884 1537 Nemo
919 1464 1068 1549 dubitat,
1097 1471 1235 1538 naturae
1260 1463 1342 1558 lege
1372 1468 1512 1534 cautum
1538 1482 1629 1545 esse,
1658 1438 1763 1530 alteri
1789 1480 1862 1529 non
1895 1456 2011 1530 facere
2042 1477 2098 1540 ea,
2132 1450 2307 1548 quaesibi
2423 1499 2424 1520 .

684 1616 700 1648 κ
720 1586 883 1661 facienda
896 1589 973 1684 quis
987 1589 1130 1661 minime
1148 1595 1245 1683 optet
1261 1612 1269 1658 :
1287 1586 1474 1682 prohibere
1489 1595 1605 1659 tamen
1618 1584 1777 1678 injurias,
1799 1604 1841 1653 ac
1858 1581 1929 1652 vim
1947 1581 1981 1653 ri
1995 1577 2181 1674 repellere,
2196 1577 2306 1664 licet;

684 1741 701 1774 e
721 1713 777 1785 vel
793 1737 840 1804 ex·
852 1715 927 1808 ipso
944 1721 1082 1786 naturae
1100 1713 1282 1797 instinctu,
1299 1736 1377 1808 quae
1394 1711 1556 1784 leonibus
1567 1731 1717 1804 ungues,
1735 1707 1833 1801 equis
1847 1705 2012 1802 ungulas,
2030 1704 2142 1778 tauris
2156 1726 2305 1785 cornua,

684 1867 700 1899 κ
722 1840 868 1911 canibus
883 1837 1005 1912 dentes
1015 1837 1153 1910 dederit
1174 1863 1181 1910 ε
1204 1838 1311 1909 etiam
1329 1836 1529 1931 hominibus
1542 1835 1683 1906 diversa
1697 1854 1876 1904 armorum
1894 1853 2027 1926 genera
2045 1829 2199 1925 elargita
2212 1856 2220 1916 ;
2234 1829 2310 1923 qui·

683 1991 700 2022 a
721 1964 787 2035 bus
804 1963 1199 2058 propriadefenderent,
1213 1962 1328 2034 illatas
1344 1961 1491 2056 injurias
1508 1958 1779 2032 ulciscerentur.
1799 1957 1933 2028 Notum
1952 1954 2132 2051 gentibus,
2155 1953 2311 2027 Polonos

683 2115 700 2146 a
721 2110 799 2160 cum
817 2085 1085 2182 Transylvaniae
1116 2085 1314 2180 principatu
1331 2083 1465 2156 nullum
1484 2105 1637 2176 unquam
1656 2081 1844 2154 discrimen
1871 2089 1933 2153 aut
1962 2079 2237 2152 controversiam
2256 2077 2312 2150 vel

684 2240 701 2273 a
721 2212 899 2296 amicitiae,
920 2212 974 2284 vel
1015 2211 1170 2296 confinii,
1190 2209 1247 2282 vel
1271 2217 1403 2282 mutuae
1431 2206 1765 2302 correspondentiae,
1787 2206 1831 2277 ab
1861 2205 2131 2278 immemorabili
2155 2211 2313 2300 ternpore

684 2366 701 2398 ιι
721 2337 916 2410 habuisse:
939 2337 1023 2433 quin
1049 2338 1119 2408 imo
1138 2359 1216 2408 curn
1229 2335 1364 2430 inclyta
1382 2340 1488 2428 gente
1506 2333 1704 2427 hungarica
1726 2354 1878 2427 semper,
1908 2331 2059 2404 maxime
2075 2353 2097 2402 a
2115 2329 2308 2414 Ludorico‚

665 2481 699 2521 ’κ
720 2461 879 2548 Alberto,
913 2461 1064 2546 Mathia,
1093 2461 1240 2554 aliisque
1271 2458 1433 2544 dominis,
1474 2458 1673 2530 Pannoniae
1699 2457 1858 2552 regibus,
1893 2462 2173 2529 sacro-sanctum
2211 2455 2308 2551 pacis

683 2616 699 2648 a
719 2587 835 2660 foedus
874 2587 944 2659 imo
958 2594 993 2658 et
1009 2609 1119 2680 usque
1138 2609 1230 2658 nunc
1247 2583 1461 2656 laudabilem
1476 2583 1625 2656 coluisse
1640 2581 1828 2654 amicitiam
1845 2607 1853 2654 :
1870 2589 1909 2653 ut
1926 2581 2144 2654 Polonorum
2158 2579 2314 2676 Huuga·‚

685 2742 701 2774 a
722 2713 809 2796 rica,
841 2713 1092 2806 Hungarorum
1118 2710 1290 2783 Polonica
1309 2709 1483 2806 capitibus
1514 2732 1611 2804 saepe
1639 2707 1840 2780 diademata
1865 2708 2141 2802 imponerentur.
2160 2705 2261 2786 Quod
2279 2707 2308 2778 si

686 2871 703 2902 ι
722 2845 826 2913 vacat
842 2837 975 2934 retusti
991 2837 1161 2932 temporis
1193 2843 1270 2908 acta
1287 2809 1478 2930 respicere,
1510 2833 1545 2904 in
1566 2832 1747 2927 Stephano
1767 2833 1935 2905 Bathorio
1954 2832 2162 2906 recentioris
2180 2855 2308 2906 memo-

686 2995 702 3028 «
725 2964 789 3037 riae
807 2963 1054 3037 documentum
1071 2968 1204 3033 manet.
1225 2961 1302 3034 Nec
1333 2959 1518 3032 defuerunt
1537 2959 1635 3054 genti
1652 2959 1689 3030 in
1706 2958 1824 3047 bellis,
1859 2967 1982 3032 contra
2000 2961 2154 3032 Turcam
2184 2959 2307 3054 gestis,

687 3120 704 3154 κ
725 3090 1003 3187 praesentissima
1035 3087 1252 3158 Polonorum
1284 3085 1464 3170 subsidia3
1499 3085 1605 3170 oliam
1623 3084 1660 3155 in
1677 3085 1791 3159 turbis
1809 3085 2010 3159 domesticis
2028 3084 2193 3180 Bockaji,
2228 3085 2309 3158 Bet-

688 3245 704 3276 κ
723 3215 820 3298 lemi,
837 3212 949 3286 Mosis
962 3209 1085 3295 Siculi,
1105 3209 1161 3282 vel
1172 3210 1283 3304 ipsius
1294 3209 1488 3306 Stephani,
1514 3208 1667 3304 Ragecii
1675 3209 1800 3305 patris,
1815 3208 2090 3282 mediationibus
2104 3217 2140 3282 et
2155 3209 2310 3282 consiliis
2423 3193 2424 3230 ³

689 3367 705 3400 κ
726 3335 1124 3414 fraternuminmodum
1138 3335 1330 3430 Hungaros
1349 3334 1525 3429 prosecuti
1536 3332 1663 3405 Poloni
1675 3358 1682 3404 :
1695 3332 1936 3406 incolumitate
1954 3333 2109 3420 illorum,
2126 3357 2168 3407 ac
2186 3335 2216 3406 si
2233 3357 2312 3430 pro·
2423 3335 2424 3338 ’

689 3492 705 3525 κ
727 3463 854 3560 priam,
875 3486 919 3536 ex
936 3463 1049 3534 animo
1069 3461 1282 3534 curavimus.
1308 3459 1511 3532 Novissime
1540 3459 1661 3532 hostes
1687 3459 1856 3554 professis
1887 3459 2066 3533 Vallachis
2102 3460 2313 3555 Cosacisque
2423 3459 2424 3500 l

689 3617 705 3648 a
726 3588 901 3682 Ragocio,
923 3609 991 3682 qua
1010 3585 1080 3658 fide
1109 3609 1151 3657 ac
1180 3583 1392 3659 dexteritate
1411 3605 1469 3656 res
1488 3583 1564 3678 ejus
1585 3583 1744 3676 adjutum
1769 3583 1883 3656 nostri
1911 3584 2021 3670 ivere,
2050 3606 2153 3657 nemo
2185 3586 2314 3679 estqui
2423 3631 2424 3650 .

690 3741 706 3774 a
725 3713 878 3808 ignoret.
899 3712 1006 3795 Hinc,
1023 3711 1320 3806 consurgentibus
1334 3709 1372 3781 in
1394 3731 1506 3802 regno
1525 3707 1683 3780 Poloniae
1708 3707 1824 3795 bellis,
1846 3709 2022 3782 anemine
2035 3709 2134 3805 prius
2149 3731 2255 3805 quam
2266 3711 2311 3782 ab
2423 3779 2424 3794 ,

691 3866 707 3899 κ
729 3837 879 3932 ipsomet
895 3836 1058 3930 Ragocio
1072 3836 1270 3930 flagitatum
1283 3833 1465 3907 auxilium.
1488 3832 1723 3928 compellatus
1738 3833 1880 3926 quidem
1898 3834 2095 3907 eonomine
2123 3833 2169 3906 D.
2189 3835 2312 3907 Ferdi·

693 3993 709 4026 κ
729 3963 868 4036 nandus
882 3964 1077 4057 Imperator
1094 3989 1103 4048 ;
1125 3968 1180 4034 ast
1199 3959 1280 4033 dum
1293 3960 1449 4054 longiori
1466 3958 1721 4032 deliberatione
1739 3959 1956 4054 postulatum
1970 3960 2101 4046 differt,
2124 3984 2236 4056 neque
2255 3983 2314 4034 res

693 4116 710 4148 κ
731 4091 863 4157 nostrae
876 4107 1010 4157 moram
1028 4085 1223 4180 patiuntur,
1245 4084 1291 4156 ad
1309 4085 1503 4179 principem
1516 4083 1789 4180 Transylvaniae
1807 4085 1984 4158 desideria
2013 4085 2216 4181 reipublicae
2234 4108 2315 4159 con·
2423 4065 2424 4138 l

691 4238 708 4270 κ
729 4232 833 4289 versa
847 4215 940 4294 sunt,
962 4208 1150 4303 oblataque
1166 4209 1208 4279 ei
1227 4230 1368 4281 coronae
1387 4232 1489 4304 spes3
1511 4209 1541 4279 si
1555 4231 1657 4303 opem
1682 4208 1777 4280 ferre
1793 4207 1961 4282 laceratae
1984 4209 2137 4305 undique
2155 4209 2316 4283 Poloniae
2423 4179 2424 4256 l

692 4362 708 4394 a
731 4332 950 4428 dignaretur.
963 4332 1095 4403 Verum
1108 4330 1168 4402 ubi
1177 4329 1246 4402 mel
1260 4331 1481 4426 sperabatur,
1501 4331 1644 4403 inventa
1657 4339 1741 4404 sunt
1755 4333 1912 4428 spicula:
1926 4357 2123 4407 cumvanus
2137 4335 2315 4430 princepe,

690 4486 707 4519 a
728 4457 897 4551 requisita
920 4479 985 4550 ope
1015 4454 1141 4540 elatae,
1163 4455 1333 4548 majorem
1358 4455 1396 4527 in
1414 4456 1532 4548 animo
1549 4454 1667 4526 locum
1694 4455 1877 4527 ambitioni
1895 4454 2033 4528 dederit
2051 4478 2154 4552 quam
2170 4455 2317 4538 rationi,
2423 4455 2424 4484 .

682 4613 708 4646 ια
729 4583 914 4680 potiusque
929 4582 1039 4666 duxit,
1053 4583 1208 4655 violenta
1221 4585 1411 4679 tyrannide
1427 4606 1598 4680 occupare
1611 4603 1775 4676 regnum,
1796 4603 1901 4675 quam
1914 4579 2002 4652 illud
2015 4581 2130 4655 amica
2144 4581 2321 4656 electione

693 4737 710 4771 α
731 4731 915 4805 quaerere:
938 4708 1085 4802 ignarus
1103 4708 1378 4802 consequentiae,
1408 4708 1502 4805 quod
1532 4708 1592 4803 qui
1617 4707 1818 4778 libertatem
1844 4705 1925 4777 aliis
1951 4707 2087 4792 adimit,
2108 4728 2206 4780 suam
2236 4708 2322 4805 ipse
2423 4789 2424 4814 ,

695 4834 870 4937 «perdat,
887 4855 1044 4921 necesse,
1062 4841 1128 4906 etc.
1146 4841 1212 4906 etc.
1226 4833 1344 4906 Nullis
1360 4833 1478 4928 itaque
1487 4831 1647 4926 legitime
1665 4831 1881 4925 adipiscendi
1899 4832 2002 4928 regni
2016 4834 2179 4907 admissis
2192 4833 2321 4906 mediis

696 4990 713 5022 κ
736 4968 771 5032 et
787 4959 954 5046 consiliis,
975 4959 1068 5031 fastu
1086 4959 1252 5044 tumidus,
1288 4959 1449 5032 Poloniae
1468 4981 1617 5053 regnum
1635 4957 1765 5052 scripto
1797 4953 1958 5054 dictoque
1983 4983 2085 5033 suum
2103 4983 2180 5034 esse
2205 4961 2324 5032 divul-

697 5113 714 5147 ι
735 5107 839 5180 gans,
856 5083 992 5156 infestis
1006 5083 1113 5156 armis
1126 5085 1215 5158 fines
1228 5085 1373 5158 nostros
1386 5083 1534 5167 involat,
1552 5084 1715 5156 Romano
1733 5083 1947 5178 imperatore
1968 5109 2010 5159 ac
2027 5085 2324 5161 benevolentibus
2423 5087 2424 5110 .

697 5237 714 5270 a
735 5209 860 5283 vicinis
875 5209 1230 5287 frustraimmeritam
1251 5211 1322 5286 vim
1348 5207 1631 5310 deprecantibus,
1656 5215 1724 5285 etc.
1741 5215 1810 5284 etc.
1832 5207 2019 5306 Ingressus
2036 5211 2154 5308 itaque
2167 5234 2323 5309 regnum
