4936 6658
677 799 786 862 LIBER
808 797 967 863 DECIMUS
989 800 1205 879 (1650-1661).
1742 797 1802 866 371

173 1001 312 1056 sacram
328 984 513 1080 processit.
534 985 602 1060 Hie
629 986 860 1062 investibulo
883 986 1056 1061 exclamat
1072 986 1255 1072 ¹fanaticus
1277 1012 1285 1060 :
1310 1013 1326 1048 e
1347 987 1436 1062 heus
1462 993 1514 1072 16,
1536 985 1705 1062 servator
1732 983 1801 1058 La·
1830 996 1896 1054 1656

176 1137 193 1168 e
214 1109 359 1182 chorum
394 1110 657 1206 (catholicorum
688 1113 835 1196 scilicet,
877 1111 912 1182 iu
948 1110 1071 1206 primis
1109 1110 1350 1204 Polonoruml,
1376 1112 1493 1208 gentis
1523 1111 1617 1185 idern
1654 1115 1802 1183 vexator
1829 1084 1956 1226 {32:05⁵

175 1263 192 1294 e
213 1232 465 1318 Moscoviticae,
482 1236 541 1330 qui
559 1236 642 1310 hinc
667 1243 747 1310 tuos
774 1236 882 1310 tutari
916 1234 1083 1319 crederis,
1106 1235 1351 1331 Jagellonidel
1384 1243 1420 1309 te
1445 1236 1503 1309 hic
1527 1258 1594 1330 ego
1622 1259 1701 1308 cum
1730 1232 1801 1306 tuis
1830 1248 1963 1322 sacrilegi.

173 1357 461 1454 «semipedibus
491 1361 755 1458 comigerisque
781 1358 1012 1448 daemonibus,
1052 1359 1213 1442 Jesuitis,
1250 1366 1427 1455 potestate
1455 1358 1558 1434 Sedis
1586 1357 1802 1455 Apostolicae

173 1511 190 1544 α
213 1483 614 1580 Constantinopolitanae
645 1487 766 1559 divina
796 1489 1068 1572 anathematizo,
1101 1489 1282 1575 apharim,
1304 1507 1428 1558 exesse
1452 1485 1535 1558 hinc
1563 1491 1598 1557 16
1628 1507 1707 1556 cum
1730 1483 1802 1557 tuis

171 1605 355 1691 «166116,
384 1630 532 1703 cumque
556 1609 627 1681 tuis
653 1609 863 1707 cornigeris,
889 1610 1055 1684 redituris
1080 1632 1274 1704 nunquam,
1288 1610 1364 1704 jam
1391 1632 1484 1683 nuuc
1504 1609 1627 1705 jubeo,
1655 1608 1798 1693 maudo,

169 1757 187 1789 κ
208 1728 366 1824 impero;
386 1736 468 1803 tuos
486 1731 633 1826 insuper
658 1735 825 1821 cultores,
845 1738 954 1822 cives,
975 1736 1121 1810 clientes
1136 1758 1219 1809 6166
1232 1736 1366 1830 6611161
1384 1758 1505 1809 omnes
1519 1736 1687 1809 devoveo.
1707 1771 1724 1803 a
1747 1737 1803 1808 lta

165 1851 394 1938 vociferatus
426 1863 623 1950 exaugurat
647 1859 774 1931 ritibus
801 1860 875 1950 suis
907 1860 1094 1936 ecclesiam
1115 1887 1122 1933 :
1143 1866 1262 1955 postes
1291 1859 1473 1932 excindit:
1496 1883 1577 1932 aras
1603 1860 1798 1933 deturbat:

164 1999 271 2050 sacra
298 1978 417 2049 omnia
441 1980 659 2074 pessumdat.
688 1982 718 2054 Ε
749 1984 861 2058 161616
888 1984 1010 2081 templi
1041 1984 1182 2058 domum
1212 1984 1406 2080 sacrilegus
1439 1983 1573 2080 pariter
1601 1983 1801 2078 pariterque

163 2101 350 2197 gemonias
369 2101 435 2174 sibi
456 2103 572 2176 scalas
590 2107 716 2202 erigit;
746 2116 873 2183 nactus
895 2134 977 2183 mox
993 2110 1052 2183 ille
1078 2110 1115 2182 iu
1141 2132 1205 2183 suo
1223 2109 1372 2183 aedificio
1398 2109 1535 2182 trabem
1560 2106 1727 2193 seralem;
1757 2131 1801 2182 ex

163 2248 237 2320 qua
253 2225 404 2321 denique
429 2230 614 2323 suspendit
651 2254 703 2318 se,
719 2239 833 2306 tortor
858 2235 935 2329 ipse
964 2243 999 2308 et
1023 2234 1168 2308 sceleris
1193 2232 1289 2304 ultor
1306 2231 1362 2304 sui
1383 2258 1390 2304 :
1412 2232 1538 2327 quibus
1555 2233 1591 2304 in
1609 2232 1800 2306 evertendo

161 2347 296 2442 templo
321 2349 475 2443 agitatus
500 2359 606 2437 esset,
628 2354 761 2428 eisdem
787 2356 891 2428 modo
919 2357 1107 2431 instinctus
1125 2357 1250 2429 Ι161116.
1271 2354 1376 2429 Anno
1407 2356 1548 2429 demum
1569 2355 1675 2451 1660,
1697 2356 1798 2430 caesis

159 2471 311 2565 passim,
333 2474 484 2547 maxime
503 2477 594 2571 apud
621 2477 813 2552 Polancam
830 2503 974 2576 pagum,
991 2481 1165 2566 hostibus,
1187 2478 1368 2553 Polociam
1387 2503 1465 2552 cum
1488 2480 1622 2554 civibus
1640 2479 1733 2552 Socii
1751 2479 1799 2552 ad

159 2595 344 2668 ruinarum
361 2617 508 2672 acervos
539 2609 764 2676 revenerunt.
795 2603 908 2677 Plena
938 2629 1102 2678 curarum
1135 2604 1202 2676 luit
1227 2627 1292 2677 666
1313 2603 1480 2676 11616166
1506 2603 1663 2677 Polociee
1690 2603 1796 2676 statio

159 2720 210 2791 61
243 2743 376 2794 annum
411 2745 521 2817 usque
558 2724 664 2813 1667,
698 2727 972 2824 irrumpentibus
1002 2730 1039 2803 in
1068 2728 1285 2824 provinciam
1316 2752 1338 2802 a
1363 2728 1547 2808 Moscovia
1586 2729 1666 2801 aliis
1689 2750 1796 2824 super

159 2841 256 2916 alias
281 2845 437 2918 hostium
472 2847 594 2943 copiis.

212 2972 470 3069 Saepeiuterim
496 2982 571 3049 tum
589 2973 687 3049 salus
712 2975 956 3051 subtrahenda
985 2983 1063 3052 erat
1079 2977 1166 3072 fuga
1191 2976 1435 3050 clandestina:
1457 2998 1553 3072 saepo
1580 2975 1793 3072 quaerendus

155 3098 312 3193 requieti
325 3097 425 3172 locus
444 3083 481 3171 16
498 3099 586 3195 16616
603 3100 759 3173 16161616
777 3101 961 3176 661111166.
984 3101 1150 3198 Undique
1167 3102 1302 3197 fragor,
1324 3109 1359 3176 et
1377 3103 1496 3197 gravis
1510 3102 1645 3174 sonitus
1662 3101 1790 3174 ruiuae.

156 3225 204 3296 16
221 3223 353 3298 Russia
374 3231 410 3298 61
426 3227 596 3320 proximis
614 3228 806 3322 provinciis
824 3225 979 3299 hostium
1003 3226 1174 3300 tumultus
1193 3252 1200 3298 :
1222 3227 1259 3299 16
1282 3227 1448 3300 Lituania
1468 3226 1580 3299 sames
1597 3227 1741 3321 insuper
1758 3240 1794 3300 61

153 3347 375 3443 66611166116.
397 3350 556 3424 Nesvisii
573 3373 631 3424 res
649 3357 725 3424 tota
753 3350 949 3425 incendiis:
970 3350 1101 3436 Vilnae,
1123 3351 1267 3438 Cannae,
1290 3352 1422 3436 Piusci,
1448 3360 1485 3426 61
1501 3352 1586 3426 61111
1615 3352 1793 3448 pestilenti

152 3472 249 3545 coelo
267 3473 438 3570 disperiit.
461 3475 614 3571 Pagani,
635 3498 719 3571 pars
738 3476 911 3572 dissipati,
928 3497 1011 3570 pars
1028 3477 1124 3562 caesi,
1145 3499 1229 3572 pars
1243 3475 1386 3549 abducti
1400 3477 1445 3549 ab
1458 3477 1630 3550 hostibus.
1652 3478 1792 3551 Funera

151 3598 292 3694 passim
310 3605 346 3674 et
365 3607 506 3696 strages
523 3623 721 3695 corporum.
744 3600 842 3673 Inter
859 3599 988 3672 civium
1004 3599 1126 3672 ruinas
1144 3606 1353 3676 corruerunt
1378 3600 1416 3673 in
1442 3599 1565 3674 officiis
1591 3601 1789 3688 charitatis,

151 3722 376 3796 memorandi
414 3730 497 3797 6616
533 3723 636 3809 alios,
673 3722 797 3798 Patres
835 3749 843 3795 ε
881 3722 1057 3819 Georgius
1093 3722 1269 3820 Gedroye,
1311 3722 1469 3796 Adamus
1507 3721 1790 3809 Slonczevskius,

151 3845 329 3920 Nicolaus
356 3847 598 3934 Trzcinskins,
622 3848 779 3921 Thomas
810 3847 1039 3936 Porzechius,
1072 3847 1094 3920 J
1098 3869 1231 3920 oannes
1262 3847 1418 3933 Κ11666,
1453 3846 1587 3921 Ρ66166
1618 3848 1792 3946 Proszyn·
1816 3811 1901 3943 pm?

149 3969 268 4055 skius,
285 3971 440 4045 Mathias
471 3971 727 4064 Sobothievicz.
750 3973 792 4045 P.
820 3970 996 4067 Georgius
1013 3970 1132 4044 Vilnee
1159 3972 1350 4045 intercidit.
1370 3971 1547 4066 Acceptus
1571 3971 1608 4044 in
1635 3972 1790 4046 Societa-
1816 3968 1919 4066 subpar

148 4103 227 4168 tem
255 4117 315 4169 66.
353 4095 460 4180 1633,
481 4117 655 4170 annorum
681 4095 810 4192 viginti
830 4097 985 4192 juvenis,
1014 4096 1141 4170 exinde
1168 4119 1248 4170 oum
1273 4096 1496 4193 perficiendae
1533 4096 1673 4169 virtutis
1713 4049 1950 4198 6661111111,

147 4219 314 4315 6661166,
351 4229 426 4294 tum
451 4222 579 4297 alienae
605 4221 730 4295 salutis
762 4221 915 4315 diligens
957 4228 1178 4317 procurator.
1218 4223 1300 4295 Jam
1342 4222 1543 4295 scholarum
1581 4220 1787 4296 inferiorum
1816 4211 1910 4268 vilre.

144 4345 336 4440 magister,
356 4368 422 4421 666
438 4346 521 4419 dum
539 4347 716 4431 66661166,
738 4345 893 4420 Ρ6166166
919 4345 1056 4419 nobiles
1074 4345 1211 4442 aliquot
1226 4346 1323 4420 viros
1340 4369 1363 4418 a
1373 4346 1575 4442 graecanico
1598 4346 1785 4421 schismate
1812 4389 1843 4446 p,
1857 4389 1919 4448 otc·

144 4467 202 4542 ad
218 4469 415 4544 Romanam
433 4472 630 4547 Ecclesiam
655 4471 873 4545 revocandos
899 4472 1053 4556 curavit;
1083 4470 1203 4567 plures
1221 4470 1268 4543 ad
1292 4469 1473 4565 religiosae
1489 4470 1687 4544 institutum
1701 4473 1785 4546 vitae
1813 4469 1892 4566 onya
1900 4471 1953 4530 010·

143 4596 338 4691 permovit.
355 4596 472 4693 Saepe,
494 4597 617 4670 116166
634 4596 786 4670 maxime
811 4595 924 4683 festis,
952 4595 1173 4670 suburbanos
1190 4596 1328 4670 visebat
1344 4595 1518 4691 agricolas
1536 4621 1544 4669 :
1562 4596 1652 4670 bene
1666 4595 1783 4672 valen·
1812 4569 1897 4625 pum.

141 4719 247 4792 tibus
260 4719 431 4815 magister
448 4743 581 4808 eorum,
599 4744 678 4817 quae
691 4719 737 4794 ad
754 4721 906 4794 salutem
918 4727 1087 4796 aeternam
1104 4719 1274 4808 facereut;
1291 4719 1549 4818 aegrotantibus
1567 4720 1780 4810 consolator,

141 4843 338 4940 egentibus
369 4845 472 4940 stipis
498 4844 664 4941 largitor.

199 4967 272 5040 Ubi
290 4967 351 5040 ubi
376 4990 458 5066 spes
476 4969 649 5044 commodi
675 4968 842 5043 salutaris
868 4967 1073 5056 affulsisset,
1094 4970 1317 5044 occasionem
1347 4967 1465 5043 omisit
1489 4970 1645 5059 nullam;
1674 4995 1785 5069 quan·

141 5097 266 5190 doque
278 5093 402 5168 eadem
420 5117 528 5169 causa
557 5097 641 5171 vitae
654 5095 759 5169 etiam
781 5095 984 5168 amittendae
997 5102 1125 5168 certus.
1147 5096 1202 5168 116
1221 5095 1368 5184 Cannae,
1389 5119 1468 5170 cum
1489 5097 1618 5170 civium
1635 5096 1779 5194 aliquis,

143 5219 371 5318 intemperiis
380 5227 497 5309 66166,
521 5220 617 5297 rabie
634 5221 769 5296 furiosa
796 5218 1028 5318 dentibusque
1053 5220 1089 5294 in
1116 5222 1336 5311 omnesiret,
1351 5223 1496 5320 jamque
1514 5223 1782 5322 aliquemjugu-
