4930 6634
752 788 861 848 trous
884 786 1049 850 oorsvus
1070 789 1282 867 (resource).
1782 790 1842 855 303
1919 743 1921 748 ⁵

209 969 372 1042 Andreas
388 969 448 1063 agi
463 990 593 1063 magno
605 967 844 1063 juvandorum
858 968 1059 1042 Sinensium
1078 967 1423 1062 desideri0,eamque
1441 968 1508 1042 sibi
1525 969 1742 1064 provinciam
1755 993 1836 1064 pre·
1862 977 1941 1034 1631¹
1967 1018 1970 1028 .

209 1095 307 1166 cibus
321 1094 525 1189 deposcere.
545 1093 672 1186 Neque
688 1093 811 1165 abnuit
824 1092 1035 1188 praepositus
1048 1091 1235 1164 Societatis
1254 1091 1445 1187 generalis
1462 1093 1598 1166 Mutius
1609 1093 1836 1168 Vitellescus.

258 1218 414 1290 Decurso
433 1217 553 1311 itaqua
579 1216 771 1311 theologici
793 1216 900 1288 studii
926 1215 1113 1302 curriculo,
1135 1238 1263 1289 navem
1281 1215 1484 1289 conscendit
1501 1215 1631 1290 alacer.
1654 1220 1695 1290 ln
1712 1218 1838 1292 itinere

208 1341 379 1414 molestiis
397 1341 597 1435 morbisque
615 1341 852 1427 conflictatus,
871 1340 922 1412 ita
939 1363 978 1413 se
1003 1345 1202 1413 constanter
1220 1341 1343 1434 gessit,
1366 1349 1403 1412 ut
1428 1347 1547 1414 nautae
1576 1340 1756 1414 Andream
1774 1365 1837 1437 pro

208 1463 348 1558 Angelo
363 1465 489 1538 comite
503 1464 676 1538 haberent
690 1472 931 1559 amarentque.
953 1464 1058 1537 Prius
1076 1487 1181 1559 quam
1198 1465 1310 1538 Goam
1328 1465 1498 1562 appulsus
1515 1473 1620 1552 esset,
1644 1465 1836 1551 convaluit.

209 1594 287 1679 Hic,
309 1593 513 1666 valetudine
526 1617 599 1666 non
613 1593 700 1667 satis
714 1593 933 1678 confirmata,
950 1592 996 1664 ad
1011 1592 1263 1676 nosocomium,
1278 1590 1413 1685 linguae
1426 1590 1547 1663 sinicae
1560 1597 1596 1666 et
1608 1591 1748 1664 virtutis
1762 1615 1837 1665 suae

207 1716 424 1812 palaestram,
445 1740 484 1791 se
502 1718 661 1791 eontulit.
685 1719 884 1803 Institutus,
914 1740 996 1790 mox
1022 1739 1144 1790 omnes
1162 1716 1222 1790 ille
1240 1716 1390 1811 plateas,
1415 1716 1525 1800 vicos,
1554 1715 1697 1788 navalia
1722 1716 1833 1802 obire,

205 1838 376 1914 doctrinae
393 1841 565 1936 magister
590 1842 811 1916 christianae.
842 1842 895 1914 Εο
919 1842 1042 1915 labore
1062 1849 1098 1914 et
1114 1841 1243 1914 ardore
1268 1841 1378 1912 animi
1402 1862 1554 1912 accensa
1569 1841 1678 1912 febris
1703 1842 1832 1914 acrior.

204 1965 360 2038 Consilio
373 1966 499 2040 medici
513 1967 723 2040 mutandum
741 1973 819 2040 erat
842 1965 997 2038 Andreae
1015 1964 1152 2037 eoelum.
1175 1964 1342 2036 Macaum
1352 1971 1539 2059 propterea
1548 1966 1716 2060 trajectus
1735 1967 1833 2052 G0a;

204 2091 286 2164 hinc
301 2093 339 2164 in
353 2093 535 2188 regionem
550 2093 757 2168 salubrioris
774 2091 859 2166 coeli
874 2088 1042 2174 Sinicam,
1059 2089 1277 2183 provinciam
1288 2088 1438 2173 Fokien,
1452 2088 1644 2162 translatus
1662 2088 1709 2186 (1).
1731 2090 1836 2162 Omni

205 2240 246 2290 co
259 2217 351 2303 loco,
369 2216 486 2313 quoad
510 2225 659 2314 poterat,
686 2241 806 2292 rerum
823 2239 983 2301 suarum,
1004 2239 1120 2310 praeco
1139 2216 1282 2303 Christi,
1303 2216 1470 2292 ardenter
1488 2218 1685 2312 satagebat.
1707 2218 1835 2292 Morbo
1942 2265 1945 2272 ·

204 2341 251 2414 ad
265 2349 461 2414 extremum
484 2342 656 2437 pertinaci
676 2349 711 2414 et
730 2363 794 2413 suo
811 2339 997 2434 religionis
1015 2338 1221 2412 christianae
1239 2339 1355 2412 studio
1372 2339 1568 2413 conficitur.
1589 2340 1725 2415 Abiite
1752 2343 1834 2415 civi·

205 2470 276 2536 tate
290 2464 432 2538 Sinensi
449 2464 643 2550 Tecbenfu,
665 2465 822 2561 principe
843 2465 981 2536 urbium
1013 2464 1048 2534 in
1080 2487 1191 2558 regno
1216 2461 1367 2547 Folsien,
1384 2464 1458 2536 sive
1475 2465 1646 2551 Foohieu,
1667 2467 1713 2538 ad
1734 2489 1834 2539 coro-

205 2612 300 2676 nam,
320 2612 432 2684 nuper
451 2591 518 2662 sibi
534 2612 598 2683 per
616 2589 730 2661 visum
748 2590 861 2661 allec
888 2589 1113 2683 promissam,
1139 2589 1243 2662 nonis
1261 2590 1537 2684 septembribus;
1558 2591 1834 2686 quinquennium

205 2715 242 2786 in
265 2738 307 2787 eo
330 2713 464 2786 difficili
481 2714 572 2799 loco,
594 2737 694 2809 aegra
712 2721 881 2809 perpetuo
899 2711 1112 2798 valetudine,
1133 2712 1265 2808 insigni
1281 2733 1361 2786 cum
1382 2714 1488 2786 laude
1509 2721 1545 2785 et
1557 2714 1671 2786 fructu
1690 2714 1834 2787 salutari

206 2847 382 2916 versatus.
399 2842 641 2913 Parentarunt
649 2840 804 2911 Andreae
817 2835 982 2910 catholici
996 2835 1212 2908 Fochieveni
1225 2837 1319 2911 cives
1328 2836 1425 2910 luctu
1438 2846 1473 2910 et
1485 2837 1617 2932 pietate
1630 2839 1831 2934 praecipua3

204 2965 473 3060 appositumque
503 2961 638 3035 tumulo
669 2968 931 3033 monumentum
961 2960 1204 3064 honorificum.
1240 2961 1377 3035 Haece
1407 2962 1586 3056 Japonicis
1618 2964 1662 3035 P.
1696 2963 1835 3036 Alberti
1860 2977 1952 3036 uonn-

206 3088 407 3162 Mencinski
425 3088 551 3162 Poloni
568 3087 696 3160 litteris
714 3087 784 3159 huc
802 3086 931 3159 nostris
953 3077 1072 3160 verbis
1087 3085 1343 3159 transtulimus.
1859 3063 1980 3192 ’ἓξὲξ

252 3211 501 3285 Academicum
514 3210 632 3283 Vilnae
646 3210 856 3305 Collegium,
874 3209 1031 3303 ejusdem
1045 3210 1210 3283 eximium
1223 3211 1341 3294 decus,
1357 3211 1399 3282 P.
1417 3210 1669 3309 Constantinus
1687 3214 1836 3311 Szyrvid
1927 3217 1943 3268 ⁵

209 3336 327 3410 valere
340 3335 451 3432 jussit
468 3335 553 3408 anni
566 3335 671 3430 hujus
693 3334 730 3406 X
746 3332 920 3407 kalendas
934 3332 1162 3428 septembres.
1185 3334 1220 3406 Is
1239 3341 1316 3408 erat
1328 3336 1395 3418 vir,
1411 3337 1471 3430 qui
1487 3337 1561 3410 suis
1580 3339 1748 3434 exemplis
1766 3339 1835 3412 vir·
1860 3293 1997 3416 {addila

206 3468 319 3533 tutum
349 3461 464 3534 studia
495 3459 771 3544 commendaret,
800 3457 1020 3530 castimoniae
1048 3457 1085 3528 in
1116 3458 1254 3551 primis,
1276 3459 1456 3532 alustrico
1486 3461 1650 3557 baptismi
1671 3463 1768 3538 sonte
1789 3466 1835 3537 ad
1859 3437 1971 3575 {ff

205 3604 408 3677 supremum
429 3584 513 3657 vitae
539 3584 632 3656 diem
650 3589 803 3656 servatae
825 3571 1052 3677 integerrime
1070 3607 1077 3654 :
1097 3590 1172 3655 tum
1198 3581 1380 3668 doctrinae,
1399 3583 1579 3669 navitatis,
1599 3585 1782 3660 industriae
1797 3588 1835 3660 in

204 3708 300 3779 omni
318 3707 446 3790 officio,
464 3731 576 3802 eoque
598 3706 797 3802 multiplici.
819 3706 924 3802 Saepe
937 3706 997 3780 ille
1014 3706 1137 3781 eodem
1155 3705 1213 3778 die
1224 3705 1329 3778 modo
1342 3705 1406 3778 tibi
1419 3707 1557 3780 divinas
1574 3708 1712 3784 litteras
1725 3710 1833 3806 expli·

203 3831 309 3904 cabat
330 3832 530 3928 interpres:
561 3832 679 3917 modo,
700 3853 916 3905 concursans
948 3831 1084 3916 domos,
1104 3831 1250 3926 aegrotis
1279 3829 1404 3904 aderat
1428 3831 1584 3906 medicus
1609 3835 1831 3908 animorum:
1958 3901 1960 3904 .

203 3981 311 4042 nunc,
323 3958 497 4030 matutino
514 3965 687 4053 tempore,
700 3957 738 4028 in
749 3954 880 4050 templo
898 3954 1098 4028 academico
1113 3954 1332 4040 Lituanicus,
1353 3978 1434 4027 mox
1451 3956 1487 4026 in
1505 3980 1569 4029 suo
1587 3959 1835 4032 canonicorum

205 4081 410 4166 polonicus,
444 4082 671 4153 concionator
701 4079 931 4175 praedicabat,
969 4079 1154 4173 utrobique
1189 4100 1397 4174 semperque
1426 4080 1571 4153 utiliter.
1600 4081 1759 4154 Monitus
1789 4085 1834 4156 ab

203 4205 338 4289 amicis,
360 4213 399 4276 ut
425 4203 492 4276 sibi
505 4211 679 4298 parceret,
696 4226 811 4297 neque
827 4211 900 4276 tam
921 4203 1025 4277 facile
1040 4204 1152 4278 multa
1171 4228 1262 4278 unus
1284 4207 1476 4300 susciperet
1494 4208 1651 4302 negotia,
1670 4231 1836 4302 quorsum

202 4329 329 4426 igitur,
367 4330 616 4425 respondebat,
654 4353 693 4402 se
725 4329 857 4414 vivere,
896 4328 966 4402 nisi
995 4335 1036 4400 ut
1064 4329 1191 4423 gloriae
1221 4328 1351 4402 divinae
1381 4353 1488 4402 causa
1518 4331 1711 4405 laboraret.
1743 4333 1836 4430 Ejus

202 4453 315 4526 animi
332 4453 388 4526 sui
411 4460 636 4528 monumenta
665 4453 701 4523 in
732 4451 833 4525 libris
851 4453 970 4538 etiarn,
996 4475 1020 4524 a
1041 4475 1079 4525 se
1102 4453 1322 4548 conscriptis,
1344 4453 1517 4548 editisque
1536 4455 1572 4526 in
1593 4454 1721 4541 lucem,
1736 4458 1835 4552 genti

204 4599 282 4650 suae
291 4576 456 4649 Lituanae
473 4574 615 4670 reliquit
631 4574 807 4671 praeclara
820 4573 871 4672 (2).
897 4575 1015 4648 Morte
1032 4574 1248 4662 imminente,
1266 4599 1396 4671 magna
1418 4600 1497 4649 cum
1512 4579 1621 4651 animi
1638 4579 1831 4675 voluptate,

204 4725 350 4797 compos
362 4702 423 4775 ille
436 4703 577 4774 omnino
592 4703 750 4786 rationis,
762 4699 920 4772 narravit
934 4701 1053 4786 sociis,
1064 4702 1269 4797 apparuisse
1282 4699 1350 4773 sibi
1363 4724 1464 4773 suum
1490 4702 1629 4776 beatum
1654 4712 1835 4800 parentem

206 4823 400 4919 ignatium,
422 4847 529 4919 seque
546 4825 592 4897 ab
609 4825 670 4897 illo
690 4825 735 4897 ad
754 4825 966 4898 Societatem
984 4825 1258 4919 triumphantem
1272 4849 1349 4899 esse
1366 4827 1564 4902 invitatum.

258 4947 486 5023 Vilnensibus
503 4972 618 5023 annus
642 4950 700 5021 hie
725 4949 894 5044 pestilens
923 4973 931 5021 :
965 4949 1192 5045 quamobrem
1217 4955 1334 5024 rector
1358 4951 1571 5025 novitiorum
1597 4952 1720 5027 Simon
1747 4952 1830 5028 Blo-

252 5061 300 5180 ll)
328 5102 443 5162 Librum
472 5119 487 5162 a
514 5103 545 5165 Ρ.
572 5103 684 5164 hadrec
714 5103 841 5162 editum:
873 5101 996 5162 Fortuna
1024 5100 1149 5162 Panstw.
1179 5097 1254 5181 [sire
1280 5103 1313 5160 dc
1338 5107 1488 5162 malcaim
1515 5102 1673 5190 regnorum]
1705 5108 1768 5168 ride
1802 5110 1832 5169 in

208 5209 341 5290 melego
355 5212 526 5286 scriptorum
537 5217 712 5272 nostrorum.
729 5241 764 5253 -
779 5204 824 5288 (t)
845 5202 916 5268 Vide
931 5209 1072 5268 eumdem.
1470 5197 1473 5204 '
