4948 6654
659 813 721 880 226
1047 805 1323 870 LlTUleCdRUM
1345 805 1555 867 suciamus
1576 805 1661 868 lusu
1684 803 1936 865 utstuatlauu

662 1025 679 1058 α
700 995 879 1069 servulum
897 1017 999 1068 suum
1015 999 1205 1087 conspectu
1230 1014 1307 1076 suo,
1326 991 1439 1086 Virgo
1457 990 1522 1062 Dei
1535 1011 1664 1085 parens
1689 989 1836 1062 Domina
1858 997 1993 1074 nostra,
2016 990 2126 1062 nostri
2153 1011 2275 1062 aman·

660 1150 677 1183 0
698 1121 846 1207 1100100,
867 1119 983 1192 Maria
1003 1117 1217 1191 Beatissima
1251 1116 1298 1190 Et
1319 1113 1395 1209 jam
1414 1136 1481 1208 ego
1507 1120 1586 1209 post
1615 1113 1736 1184 heram
1759 1135 1874 1184 meam
1892 1113 2070 1198 abieram,
2091 1113 2160 1185 nisi
2189 1112 2277 1188 lacta

659 1271 676 1304 a
697 1243 819 1316 fuisset
841 1242 960 1337 aliqua
987 1242 1141 1338 supremi
1170 1238 1340 1336 temporis
1357 1238 1439 1324 mei,
1456 1239 1531 1312 Deo
1560 1238 1611 1310 ita
1634 1237 1796 1334 jubente,
1823 1237 2040 1332 prorogatio.
2061 1237 2113 1310 Te
2139 1260 2206 1332 ego
2237 1247 2277 1312 ut

659 1395 676 1428 s
696 1367 864 1440 haberem
882 1366 1057 1449 comitem,
1075 1364 1195 1450 oravi;
1224 1362 1347 1436 abnuit
1367 1362 1561 1449 Dominus;
1585 1367 1855 1433 conservaturus
1879 1368 1915 1432 te
1932 1361 2026 1432 inter
2045 1360 2213 1434 mortales
2230 1362 2278 1434 ad

659 1519 676 1552 a
697 1513 827 1562 annum
852 1487 936 1560 binc
956 1511 1067 1582 usque
1083 1487 1318 1571 tricesimum
1350 1484 1418 1559 boc
1434 1492 1473 1558 tu
1490 1486 1647 1559 consecto
1672 1484 1757 1556 vitae
1773 1483 1960 1570 curriculo,
1982 1486 2027 1556 ad
2053 1508 2118 1558 nos
2136 1485 2279 1558 commi·

658 1644 676 1677 a
696 1613 829 1709 grabis.
854 1611 993 1692 Custos,
1015 1609 1145 1704 gaudio
1162 1608 1268 1680 simul
1291 1631 1332 1680 ac
1362 1617 1455 1680 metu
1485 1607 1705 1703 perstrictus,
1740 1608 1823 1681 dum
1853 1632 1891 1682 se
1918 1608 2083 1703 proripit;
2105 1609 2275 1694 Jacobus,

658 1767 675 1800 a
695 1748 797 1810 caute
807 1743 858 1821 tu,
870 1733 995 1828 inquit,
1005 1732 1114 1805 frater
1126 1757 1133 1802 :
1147 1731 1252 1804 viden
1266 1730 1439 1803 illustrem
1453 1732 1543 1804 adeo
1557 1731 1800 1828 triumphalem
1813 1731 1925 1817 illum,
1934 1732 1971 1804 in
1987 1732 2102 1805 medio
2120 1713 2275 1818 currum,

657 1892 675 1925 α
695 1886 835 1935 currum
852 1861 922 1933 huc
938 1882 960 1931 a
974 1856 1186 1931 Beatissimo
1204 1857 1354 1928 Domina
1371 1878 1450 1929 mea
1465 1855 1552 1928 mihi
1569 1853 1760 1929 auferendo
1773 1853 1855 1926 hinc
1873 1855 2042 1928 missuml
2057 1857 2125 1928 hoc
2142 1856 2276 1932 scilicet

657 2016 674 2049 u
695 1986 839 2059 clientes
856 1983 911 2056 sui
936 2006 980 2056 ex
1004 1981 1075 2054 ista
1094 2003 1331 2053 aerumnarum
1356 1979 1449 2053 valle
1476 1980 1522 2051 ad
1550 1980 1733 2052 beatarum
1760 1978 1929 2051 mentium
1953 1980 2106 2074 patriam
2133 1987 2279 2054 ovantes

658 2139 674 2171 u
695 2112 989 2202 transportantur.
1002 2105 1093 2178 Tum
1111 2103 1236 2198 cupide
1258 2103 1402 2199 gestire,
1423 2101 1510 2175 illud
1524 2110 1711 2198 repetens:
1734 2100 1911 2174 evidere!
1932 2103 2105 2176 oamarel
2130 2102 2234 2176 oire!
2256 2126 2278 2176 o

659 2262 675 2294 u
697 2233 764 2305 sibi
773 2230 886 2328 perire
899 2231 907 2302 1
920 2229 996 2302 oad
1006 2229 1117 2301 Deum
1129 2227 1330 2322 pervenire!
1349 2225 1523 2299 Postridie
1536 2227 1707 2320 quaerenti
1721 2225 1837 2310 Socio,
1850 2249 1999 2320 an,quaa
2014 2226 2161 2300 vidisset
2173 2237 2276 2304 nocte

658 2386 676 2419 α
698 2354 890 2451 superiore,
911 2351 1125 2426 meminisset
1147 2375 1154 2422 :
1175 2348 1377 2436 enimvero,
1395 2349 1457 2434 ait,
1476 2349 1631 2433 memini,
1653 2372 1739 2422 sane
1759 2357 1874 2422 mente
1887 2350 1992 2422 etiam
2005 2357 2080 2423 tum
2091 2352 2279 2447 animoque

659 2510 675 2542 u
695 2479 746 2552 fui
762 2476 965 2572 tranquillo.
985 2476 1037 2549 Te
1055 2496 1205 2569 quoque,
1222 2474 1332 2546 frater
1345 2474 1405 2557 mi,
1426 2474 1515 2548 bene
1534 2480 1776 2568 comparatum
1793 2471 1950 2546 offendat
1966 2483 2005 2546 ut
2018 2496 2126 2558 mors,
2144 2449 2280 2551 mature

658 2633 675 2665 α
695 2602 856 2698 provide;
873 2598 1208 2695 temporepraedicto
1221 2597 1425 2670 moriturus.
1438 2631 1454 2662 n
1468 2598 1552 2670 Non
1562 2598 1620 2669 diu
1631 2605 1722 2691 post,
1735 2597 1927 2692 suspirans,
1938 2605 1974 2672 01
1983 2599 2278 2693 quemadmodum

658 2758 674 2789 κ
694 2727 792 2799 rultu
822 2724 905 2797 laeto
936 2731 1109 2819 gestuque
1138 2721 1320 2804 indicavit,
1349 2721 1394 2794 ad
1420 2733 1644 2816 conspectum
1670 2721 1793 2794 Beatae
1824 2721 1984 2794 Dominae
2014 2745 2090 2796 suae
2116 2723 2273 2811 evolans,

652 2851 750 2924 illam
767 2848 929 2921 thensam
959 2868 1059 2917 suam
1085 2845 1287 2917 conscendit
1315 2844 1406 2916 XIV
1431 2845 1600 2918 kalendas
1629 2847 1759 2942 apriles
1784 2846 1831 2943 (1),
1855 2847 2015 2919 octennio
2038 2847 2075 2918 in
2101 2847 2277 2922 Societate

654 2979 790 3046 exacto.
811 2969 946 3042 Eodem
964 2991 1084 3041 mense
1111 2991 1153 3041 ac
1174 2968 1245 3053 die,
1266 2969 1303 3040 in
1331 2968 1490 3063 Collegio
1517 2969 1797 3043 Pultoviensium
1816 2971 2001 3064 repentina
2019 2977 2130 3042 morte
2143 2971 2276 3044 interiit

654 3098 696 3170 P.
710 3095 884 3190 Georgius
893 3091 1164 3190 Skaraynskius,
1177 3091 1304 3164 nobilis
1315 3091 1484 3178 Polonus,
1496 3093 1659 3165 Lomsam
1676 3094 2272 3182 Ρο11001010000101100000νο100,

653 3218 884 3292 Varsaviensi
912 3217 1093 3298 canonico,
1113 3215 1304 3310 praeposito
1323 3216 1520 3300 Lomsensi,
1537 3218 1582 3288 ad
1596 3217 1846 3290 instituendam
1870 3218 2164 3314 praeceptionibus
2186 3218 2276 3290 cbri-

653 3343 776 3416 stianis
790 3363 965 3436 paganam
978 3338 1116 3433 plebem
1132 3346 1168 3411 et
1183 3338 1342 3422 civicam,
1359 3341 1583 3434 apraeposito
1596 3340 1802 3435 provinciali
1818 3340 1928 3414 Paulo
1947 3341 2085 3414 Boksza
2102 3364 2162 3414 an.
2183 3342 2278 3416 1609

654 3489 733 3539 cum
754 3461 858 3537 Socio
873 3462 915 3533 P.
935 3461 957 3533 J
961 3460 1068 3532 acobo
1098 3460 1321 3534 Lachovskio
1335 3463 1475 3535 missus.
1494 3463 1645 3535 Tantam
1660 3463 1717 3535 hic
1731 3448 1797 3536 sibi
1811 3472 1846 3536 et
1859 3464 1972 3537 Sociis
1985 3465 2113 3537 civium
2127 3466 2280 3539 benevo-

656 3589 801 3662 lentiam
821 3585 1049 3659 sanctimonia
1065 3584 1161 3669 vitae,
1176 3586 1331 3658 doctrina
1349 3595 1385 3659 et
1398 3587 1553 3660 navitate
1569 3587 1778 3670 conciliavit,
1788 3593 1827 3659 ut
1844 3587 2001 3684 plerique
2015 3612 2092 3662 cum
2106 3613 2170 3662 suo
2187 3601 2283 3685 prae-

653 3715 767 3810 posito
797 3711 978 3797 canonico,
997 3710 1034 3782 in
1060 3709 1182 3805 primis
1208 3711 1423 3783 Nicodamus
1440 3710 1730 3782 Kossakovskius
1755 3718 1790 3784 01
1813 3733 1878 3784 000
1904 3712 2031 3807 conjux
2059 3712 2205 3786 1011000
2233 3716 2281 3789 de

653 3837 784 3911 familia
802 3833 1063 3914 Voloviciorum
1080 3842 1250 3919 matrona,
1266 3835 1422 3928 praelecti
1438 3836 1660 3919 Lomsenses,
1679 3835 1804 3907 Patres
1821 3859 1841 3908 e
1860 3835 2035 3908 Societate
2049 3835 2168 3931 plures
2187 3836 2283 3912 desi-

654 3963 820 4034 derarent
832 3957 1055 4030 vehementer
1068 3982 1076 4041 ;
1093 3955 1283 4052 diligenter
1295 3957 1413 4052 itaque
1426 3957 1470 4031 de
1483 3956 1687 4030 collocando
1702 3957 1815 4030 Sociis
1829 3957 2003 4031 domicilio
2015 3959 2277 4036 consultarent.

543 4111 559 4167 4
654 4087 695 4159 Ρ.
718 4082 893 4176 Georgius
921 4079 1073 4166 interim,
1091 4087 1278 4154 revocatus
1294 4084 1508 4167 Pultoviam,
1528 4085 1611 4155 dum
1628 4083 1696 4162 sibi
1717 4084 1926 4155 Lomsenses
1943 4083 2208 4178 praestolantur,
2229 4089 2281 4160 ad

477 4187 583 4340 ἓξὲξ
651 4214 781 4285 lectum
794 4205 993 4281 moribundi
1010 4205 1108 4290 civis,
1129 4229 1231 4302 quern
1253 4208 1299 4281 ad
1322 4207 1455 4280 obitum
1481 4208 1628 4280 curabat
1644 4205 1793 4292 felicem,
1814 4207 1998 4301 repentino
2016 4207 2139 4301 capitis
2153 4209 2284 4284 dolore

478 4345 560 4400 cutio
579 4344 625 4402 Βο-
652 4333 883 4430 praestrictus,
899 4327 1031 4402 ibidem
1048 4329 1229 4402 emoritur.

478 4437 587 4554 comp.
702 4431 896 4529 Enumero
913 4452 1258 4548 Brunsbergensium
1275 4454 1340 4526 sub
1356 4453 1447 4526 idem
1466 4461 1603 4548 tempus
1621 4451 1766 4525 defluxit
1779 4452 2067 4548 religiosissimus
2078 4455 2145 4540 Vir,
2157 4456 2286 4534 dome·

477 4577 578 4710 {3¹²⁸-
654 4582 819 4654 sticarum
834 4578 975 4673 adjutor
988 4599 1146 4673 operum,
1164 4575 1359 4652 Gulielmus
1374 4580 1485 4664 Oben,
1505 4589 1611 4677 gente
1626 4583 1803 4667 Geldrius,
1825 4583 1999 4657 eclritate
2019 4585 2285 4684 Neomagensi,

478 4731 511 4790 o,
522 4671 605 4791 gabon·
653 4728 765 4779 annos
781 4709 886 4776 natus
905 4701 1045 4774 circiter
1060 4701 1261 4796 octoginta;
1282 4725 1325 4775 ex
1339 4703 1395 4776 bis
1411 4711 1545 4800 septem
1562 4713 1598 4778 et
1615 4708 1851 4804 quadraginta
1864 4707 2029 4806 religiose
2046 4711 2083 4782 in
2101 4711 2289 4790 Societate

653 4831 782 4926 exegit.
805 4826 890 4901 Fuit
910 4819 1143 4900 submissione
1160 4827 1265 4899 animi
1287 4829 1479 4925 praecipua,
1504 4831 1689 4926 studioque
1712 4831 1879 4905 orationis
1905 4834 2185 4909 commendabili.
2210 4839 2289 4914 Cu-

652 4955 755 5050 pidus
772 4952 975 5026 meritorum
993 4949 1178 5036 bonorum,
1200 4951 1317 5047 quoad
1345 4952 1480 5025 valeret
1500 4953 1650 5054 uiribus,
1678 4953 1858 5028 laboribus
1881 4979 1921 5030 se
1943 4958 2152 5045 exercebat;
2176 4963 2290 5057 quid-

693 5105 732 5182 11)
749 5105 791 5164 lta
804 5103 892 5162 babet
903 5102 1022 5161 historia
1033 5100 1155 5176 Cottegii
1169 5101 1301 5178 Rigeusis
1317 5103 1420 5178 scripta
1431 5111 1529 5163 contra
1546 5121 1626 5178 quarn
1640 5107 1666 5164 iu
1682 5107 1744 5165 otiis
1761 5107 1873 5181 scriptis
1889 5109 2065 5184 desupremo
2078 5124 2137 5170 suar
2150 5113 2220 5171 vitae
2234 5117 2289 5178 die

649 5214 782 5294 legimus.
