4896 6650
682 823 790 886 LIBER
813 823 967 885 TERTIUS
991 825 1200 900 (taso-1590).
1283 873 1286 880 .
1708 817 1768 885 145

197 1007 330 1080 Extant
346 1031 421 1081 suae
438 1009 475 1080 in
492 1007 605 1081 Deum
623 1009 776 1103 pietatis,
792 1015 828 1082 et
844 1006 1070 1102 amplissimae
1086 1006 1124 1078 in
1142 1005 1354 1079 Societatem
1372 1005 1522 1101 plurima
1538 1006 1574 1077 in
1596 1005 1765 1102 Transyl-
1794 1008 1861 1064 1586

148 1132 268 1216 vania,
284 1133 443 1218 Polonia,
466 1133 645 1218 Lituania,
675 1132 822 1214 Russia,
849 1131 999 1204 Livonia
1016 1129 1265 1203 munificentiae
1290 1139 1515 1204 monumenta
1540 1130 1762 1216 immortalia,
1795 1086 1943 1236 ffiste‘

146 1256 183 1326 in
197 1256 323 1351 primis
341 1256 509 1340 Polociae,
527 1259 640 1340 Orsae,
662 1257 823 1354 Derpati,
840 1257 959 1350 Rigas,
984 1253 1086 1326 Albae
1103 1255 1125 1325 J
1128 1253 1220 1338 uliae,
1239 1253 1458 1351 Claudiopoli
1473 1255 1652 1350 Collegia;
1674 1256 1764 1327 Cra-

147 1382 260 1454 coriae
274 1383 358 1456 item
371 1383 505 1456 Domus
523 1382 748 1455 Probationis
767 1383 808 1454 ab
822 1381 945 1454 eodem
959 1379 1113 1464 condita,
1130 1379 1361 1474 ampliterque
1378 1383 1526 1468 donata;
1543 1381 1659 1454 Vilnae
1677 1381 1765 1454 Aca-

144 1505 284 1578 demica
297 1507 516 1579 Universitas
534 1505 727 1601 privilegiis
745 1512 861 1578 aucta.
880 1506 1016 1577 Praeter
1032 1504 1122 1575 alias
1140 1504 1177 1574 in
1192 1503 1260 1574 hoc
1276 1503 1432 1600 principe
1443 1504 1567 1578 laudes
1585 1505 1768 1600 religionis

144 1629 385 1725 propagandae
403 1630 570 1714 studium,
586 1630 793 1724 magnitudo
811 1629 931 1715 animi,
960 1628 1107 1701 virtutes
1125 1627 1247 1722 regiae,
1271 1627 1457 1720 splendore
1477 1630 1656 1724 praecipuo
1683 1631 1768 1700 emi-

144 1755 291 1828 nebant.
325 1755 535 1827 Tribunalia
565 1756 715 1826 maximo
746 1753 948 1850 reipublicae
981 1752 1163 1852 commodo
1192 1753 1383 1824 constituit.
1402 1753 1551 1825 0Praeter
1577 1753 1768 1849 Gasparem

144 1877 386 1962 Bekiessium,
404 1902 462 1951 res
480 1901 591 1953 novas
609 1881 647 1950 in
664 1877 923 1974 Transylvania
942 1875 1159 1958 molientem,
1178 1882 1214 1947 et
1239 1875 1520 1948 Maximilianum
1546 1879 1768 1951 archiducem

143 2002 317 2092 Austriae,
349 2002 515 2075 aemulum
547 2004 591 2075 de
616 2025 728 2096 regno
759 2003 796 2073 in
826 2000 989 2085 Polonia,
1011 2000 1276 2085 MoscoviticOS,
1297 2023 1426 2096 magno
1445 2025 1588 2075 numero
1623 2002 1768 2074 Polonis

144 2126 293 2199 inlestos
315 2127 490 2200 exercitus
503 2125 599 2220 apud
615 2124 809 2208 Polociam,
827 2124 1009 2209 Sokolum,
1026 2124 1164 2210 Susam,
1182 2126 1371 2211 Krasnam,
1390 2127 1585 2214 Usviatam,
1606 2127 1765 2210 Disnam‚

144 2248 381 2337 Zavolociam‚
404 2251 539 2336 Lukos,
567 2250 791 2332 lezeniciam,
821 2249 1049 2334 Kossianum,
1074 2249 1307 2334 Neseerdam,
1341 2251 1527 2336 Nevelum,
1558 2253 1767 2336 Ostroviam,

143 2373 373 2447 Pleslroviam
395 2399 403 2445 :
428 2373 614 2447 vindicatis
645 2374 795 2446 Livonia
824 2381 860 2446 et
889 2372 1034 2448 Polocia
1063 2374 1264 2468 provinciis,
1290 2382 1326 2446 et
1354 2374 1534 2471 peramplo
1561 2374 1771 2449 Vielissensi

143 2497 433 2592 agro„victricia
456 2497 704 2572 circumferens
728 2521 837 2582 arma,
859 2497 1046 2591 superavit.
1078 2496 1282 2570 Perduelles
1300 2498 1460 2571 Dantisci
1479 2499 1675 2583 haereticos,
1697 2508 1770 2572 tum

143 2621 267 2718 praelio
286 2621 519 2705 Dirsaviensi,
552 2629 625 2692 tum
651 2621 748 2694 urbis
774 2621 878 2693 etiam
905 2622 1167 2716 expugnatione
1193 2619 1376 2706 edomitos,
1409 2621 1456 2694 ad
1481 2623 1631 2695 officium
1661 2646 1768 2696 revo-

141 2746 246 2818 cavit.
269 2745 464 2819 Victoriam
492 2768 630 2818 omnem
662 2745 852 2819 clementer
875 2746 1049 2848 exercuit.
1084 2747 1125 2816 ln
1153 2746 1371 2818 facinorosos
1396 2747 1699 2821 animadvertebat
1728 2772 1771 2820 ex

141 2869 282 2965 legibus
302 2871 465 2967 justitiae,
486 2871 604 2943 animo
622 2869 792 2943 adversus
821 2870 1006 2943 obstacula
1037 2869 1260 2964 periculaque
1290 2869 1391 2942 lirmo
1415 2893 1553 2966 semper
1579 2874 1769 2945 constanti-

142 3018 222 3090 que.
244 2996 332 3069 (lum
349 2995 505 3091 insignis
518 3019 581 3091 per
609 2995 778 3069 Russiam
797 2995 988 3069 Vallachus
1013 2995 1146 3090 praede,
1168 3005 1400 3090 cognomento
1435 2997 1628 3081 Podlrowa,
1649 3009 1771 3092 captus

144 3117 180 3190 in
196 3119 312 3192 lorum
340 3121 603 3216 produceretur,
625 3121 812 3193 damnatus
830 3123 957 3217 capite,
987 3143 1169 3215 procerum
1196 3122 1335 3196 interim
1360 3123 1488 3217 aliquis
1518 3123 1657 3200 decreto
1676 3126 1772 3218 regis

143 3245 400 3332 intercederet;
433 3251 558 3318 senatu
582 3245 830 3339 judicibusque
854 3244 995 3330 coactis,
1016 3244 1174 3340 gladium
1199 3252 1235 3318 et
1260 3245 1380 3340 legum
1403 3247 1597 3341 patriarum
1616 3246 1769 3319 codicem
1801 3274 1804 3285 ¹

141 3370 262 3444 afferri
279 3373 318 3443 in
344 3371 477 3444 curiam
508 3371 724 3466 proponique
750 3355 1042 3445 intercessoribus
1053 3369 1175 3466 jussit,
1196 3377 1301 3465 atque
1318 3370 1410 3442 hanc
1435 3393 1499 3442 suo
1517 3371 1657 3445 nomine
1686 3396 1772 3467 pro-

141 3495 293 3567 nuntiari
314 3495 527 3568 sententiam
549 3520 556 3566 :
581 3523 598 3554 κ
620 3495 650 3566 si
680 3494 763 3589 quid
788 3493 939 3587 iniquius
961 3514 983 3564 a
1008 3513 1045 3564 se
1072 3491 1250 3565 decretum
1279 3500 1385 3577 esset,
1406 3501 1442 3565 et
1471 3491 1607 3586 legibus
1626 3495 1718 3567 cives
1736 3505 1771 3569 et

142 3647 158 3677 u
182 3617 314 3692 ultores
333 3618 452 3712 gladio
471 3616 643 3690 adversus
669 3622 879 3710 potestatem
899 3637 998 3687 suam
1020 3621 1224 3700 uterentur;
1258 3616 1312 3686 sin
1341 3615 1470 3699 minus,
1492 3614 1636 3689 malefici
1655 3627 1769 3713 patro-

142 3769 160 3802 «
182 3745 289 3838 nique
307 3743 546 3816 maleficorum
559 3741 641 3834 jure
659 3739 853 3831 meritoque
871 3739 943 3811 suis
961 3737 1108 3833 quisque
1125 3739 1298 3836 capitibus
1323 3746 1529 3813 metuerent.
1555 3776 1571 3806 2,

191 3869 262 3940 Per
292 3869 536 3962 interregnum
565 3863 685 3936 oblata
719 3871 772 3935 est
794 3864 1020 3952 adversariis,
1054 3865 1092 3936 in
1121 3865 1244 3960 primis
1269 3864 1418 3938 Nicolao
1449 3865 1767 3960 Dorohostayskm,
1799 3841 1940 3972 Ραιξέὠ

141 3992 391 4068 Polocensium
411 3988 591 4069 Palatino,
615 3985 742 4058 idonea
773 3987 924 4058 vexandi
949 4010 1072 4060 rursus
1097 3987 1246 4084 Collegit
1280 3989 1486 4062 Polocensis
1512 3989 1767 4083 opportunitas.
1799 3994 1948 4084 Polocensis

139 4120 234 4193 Tum
255 4120 318 4192 ille
343 4117 495 4191 maxime
525 4123 561 4188 et
590 4111 662 4185 suis
684 4111 796 4183 ardua
822 4107 978 4182 consiliis
998 4118 1034 4182 et
1064 4111 1193 4182 nostris
1216 4110 1370 4182 violenta
1390 4111 1549 4183 tentabat
1578 4112 1695 4183 omnia
1726 4111 1773 4184 ad
1799 4071 1917 4216 sedili?

139 4267 344 4342 supremum
361 4265 472 4339 usque
490 4239 606 4322 diem;
631 4259 735 4332 quem
758 4233 907 4328 denique
929 4233 1035 4316 1597,
1056 4232 1093 4304 in
1111 4255 1188 4318 sua,
1210 4257 1315 4328 quam
1341 4235 1516 4307 obstinato
1542 4236 1773 4330 profitebatur
1801 4225 1920 4280 noritur.

138 4371 270 4454 animo,
292 4369 424 4442 haeresi
444 4365 552 4452 obiit;
577 4362 698 4435 relicto
717 4369 752 4434 et
770 4360 847 4433 loco
869 4358 1117 4454 tranquillitati
1144 4365 1274 4430 nostrae
1301 4365 1336 4431 et
1356 4380 1501 4430 munere
1529 4359 1662 4432 meritis
1688 4359 1772 4431 boni
1905 4443 1911 4458 .

136 4494 311 4590 principis
345 4491 500 4566 Andreae
529 4487 696 4583 Sapieha,
718 4484 786 4557 sibi
809 4483 931 4555 liberis
958 4481 1086 4554 civium
1116 4479 1296 4576 suffragiis
1320 4481 1514 4575 subrogati.
1537 4481 1661 4554 Virum
1677 4481 1772 4554 hunc
1800 4443 1927 4592 ξζωάή

136 4625 272 4714 praeter
297 4617 387 4690 alios
407 4612 598 4690 cardinalis
617 4609 750 4682 Hosius
768 4608 804 4680 in
822 4605 971 4701 epistola
996 4628 1061 4678 sua
1085 4603 1132 4676 ad
1156 4627 1277 4698 regem
1304 4603 1463 4693 poloniae
1481 4605 1710 4700 Stephanum,
1736 4605 1772 4677 in
1800 4597 1923 4734 3123?

137 4769 214 4841 qua
242 4746 407 4817 hortatur
438 4740 646 4836 principem,
676 4733 930 4808 catholicorum
968 4741 1006 4804 ut
1035 4731 1151 4827 potins
1189 4752 1292 4825 quam
1327 4729 1574 4802 haereticorum
1604 4737 1773 4826 opereat
1838 4694 1854 4748 p
1917 4719 1923 4732 ’

137 4865 253 4940 armis
288 4867 326 4937 in
366 4871 529 4960 suscepto
555 4861 639 4934 belli
665 4865 785 4933 contra
815 4856 1030 4930 Moscovitas
1057 4856 1202 4949 negotio
1231 4861 1401 4940 uteretur,
1435 4853 1599 4927 eximium
1643 4855 1773 4928 Christi

137 4965 329 5074 cultorem,
354 4987 487 5083 pietate
512 4983 644 5080 insigni
667 4979 851 5078 praeditum
876 4982 985 5054 civem
1013 4979 1179 5075 appellat,
1199 4977 1501 5072 commendatque.
1529 4977 1709 5050 Praeclaro
1737 4979 1774 5052 id

141 5117 225 5212 ipse
252 5113 412 5210 exemplo
432 5113 497 5185 sub
515 5112 714 5205 ingressum
741 5128 842 5178 suum
875 5109 909 5178 in
936 5107 1058 5179 urbem
1085 5104 1283 5178 Palatinam
1315 5103 1566 5177 Polocensibus
1591 5103 1774 5178 confirma·

149 5241 221 5311 vit.
245 5239 369 5334 lniquo
385 5239 436 5312 ita
452 5259 550 5311 more
568 5236 605 5306 in
623 5255 666 5306 ea
688 5229 865 5326 provincia
888 5238 1127 5325 comparatum
1151 5237 1240 5310 erat,
1264 5236 1300 5300 ut
1327 5227 1607 5321 ingredientibus
1630 5226 1778 5321 primum

1614 5347 1644 5402 re
