4906 6642
682 678 721 742 18
1047 687 1323 749 LITUANICARUM
1346 686 1560 748 soclnrdnls
1578 687 1664 748 JESU
1687 686 1938 751 lllSTOlllARUM

686 890 863 964 purpureo
879 869 941 944 illo
971 873 1123 945 nominis
1139 873 1226 972 Jesu
1255 874 1470 958 charactere,
1491 896 1658 968 expresso
1684 873 1830 948 mirifice
1858 875 1896 948 in
1921 881 2063 971 pectore
2081 873 2305 970 Margaritae,

684 990 751 1064 hoc
768 1015 877 1088 puero
895 995 1065 1089 gravidae.
1087 999 1209 1091 ltaque
1223 997 1516 1090 monitaparens,
1537 998 1747 1070 nascituram
1773 1022 1816 1072 ex
1841 1021 1878 1072 se
1902 998 2035 1094 prolem
2059 999 2215 1094 impense
2233 999 2309 1070 Deo

684 1117 931 1192 commendare
953 1144 960 1190 :
981 1119 1131 1192 invitare
1148 1121 1316 1193 familiam
1334 1144 1433 1194 suam
1451 1122 1496 1193 ad
1514 1123 1819 1217 comprecandum.
1841 1091 1988 1206 ilatum,
2009 1144 2089 1194 mox
2109 1130 2310 1216 susceptum

683 1261 703 1312 e
721 1261 822 1312 sacro
841 1241 950 1327 fonte,
971 1243 1157 1329 Prasnisii,
1177 1244 1215 1316 in
1236 1245 1366 1340 templo
1393 1245 1488 1318 beati
1505 1243 1701 1330 Adalberti,
1722 1245 1880 1319 Adamus
1898 1247 2058 1318 Andreas
2093 1246 2311 1319 Radvanov-
2431 1273 2432 1298 ³

684 1361 797 1446 skius,
818 1362 872 1435 vir
902 1387 947 1437 ex
976 1367 1099 1440 ordine
1118 1369 1307 1454 senatorio,
1337 1377 1417 1441 ante
1446 1392 1546 1440 aram
1576 1369 1764 1463 deposuit;
1786 1370 1943 1464 beneque
1963 1375 2126 1464 precatus
2143 1370 2306 1465 puerulo,

684 1487 863 1582 praecipua
894 1489 1024 1582 pietate
1041 1492 1116 1562 Deo
1149 1493 1320 1565 infantem
1350 1493 1495 1573 obtulit:
1517 1501 1761 1588 comprecante
1779 1494 1875 1581 ,aula
1905 1501 1942 1566 et
1957 1492 2086 1589 populo
2113 1492 2306 1588 frequenti.

687 1611 884 1706 Superesse
902 1613 1022 1686 adhuc
1051 1617 1127 1710 ejus
1146 1617 1267 1712 templi
1293 1624 1327 1690 at
1345 1616 1463 1712 oppidi
1481 1617 1659 1690 Kostkani
1676 1618 1865 1704 cineribus,
1886 1618 2070 1713 aliquoties
2090 1619 2135 1690 ab
2151 1617 2313 1690 hostibus

688 1737 830 1810 Cosacis
853 1739 980 1822 exusti,
1001 1741 1111 1834 ajunt,
1141 1740 1224 1813 felix
1241 1741 1329 1814 illud
1360 1741 1525 1814 Stanislai
1543 1743 1734 1827 lavacrum,
1761 1752 1797 1816 at
1825 1745 1862 1814 in
1886 1744 2020 1816 honore
2038 1766 2115 1816 esse
2133 1742 2314 1838 praecipuo

514 1903 644 1960 necatio
687 1861 781 1957 apud
811 1886 996 1937 memores.
1028 1865 1320 1938 Domieducatus
1346 1866 1594 1940 honestissime
1616 1867 1793 1962 :primum
1825 1868 1949 1941 habuit
1976 1868 2176 1940 litterarum
2202 1867 2315 1960 magi·

513 1985 661 2041 comestio.
688 1993 800 2059 strum
819 1986 1029 2082 Gregorium
1042 1989 1285 2084 Vigilantium‚
1306 1991 1419 2061 virum
1438 1991 1598 2063 doctrina
1616 1999 1652 2066 et
1670 1992 1801 2087 pietate
1819 1993 1856 2064 in
1869 1993 1991 2088 primis
2005 1993 2215 2067 academicis
2228 1993 2314 2065 (lra-

689 2111 908 2184 coviensibus
926 2112 1078 2185 nobilem
1092 2139 1100 2197 ;
1120 2114 1245 2188 deinde
1259 2115 1433 2187 loannem
1446 2115 1680 2189 Bielinshium
1690 2119 1841 2212 equitem
1857 2103 2037 2213 polonum,
2050 2120 2088 2191 S.
2104 2117 2315 2211 Theologiee

686 2238 878 2321 doctorem,
900 2237 1107 2312 Plocensem
1124 2245 1159 2312 et
1172 2240 1435 2314 Pultoviensem
1452 2240 1672 2313 canonicum.
1696 2242 1774 2313 Hoc
1793 2227 1991 2336 paedagogo
2008 2266 2094 2315 usus
2111 2243 2261 2316 Viennae
2278 2243 2316 2314 in

645 2373 647 2377 '
688 2357 834 2433 Austria
849 2362 896 2434 ad
914 2383 1114 2456 supremum
1131 2369 1281 2458 tempus,
1315 2387 1382 2458 quo
1402 2364 1552 2458 denique
1570 2365 1723 2437 Romam
1742 2387 1780 2438 se
1795 2365 1953 2438 abstulit.
1974 2367 2045 2438 Sed
2073 2367 2255 2460 ingenium
2280 2375 2316 2440 et

690 2507 806 2559 mores
836 2486 915 2580 ipsa
942 2485 1112 2560 formasse
1138 2486 1226 2571 visa,
1246 2486 1353 2560 altrix
1379 2489 1479 2583 pueri
1503 2489 1549 2560 ab
1578 2487 1813 2572 incunabulis,
1847 2512 1889 2562 ac
1920 2491 2132 2586 praeceptrix
2164 2490 2316 2574 assidua,

691 2610 758 2684 Dei
775 2611 904 2705 gratia.
1970 2605 1972 2610 ⁸

517 2744 639 2836 Formido
743 2735 831 2808 Haec
848 2735 969 2831 primis
994 2735 1113 2808 statim
1136 2735 1238 2808 annis
1256 2735 1410 2808 animum
1428 2735 1595 2809 Stanislai
1612 2736 1759 2808 horrore
1776 2759 1880 2808 noxae
1898 2736 2010 2808 omnis
2036 2736 2086 2808 sic
2103 2735 2239 2822 imbuit,
2260 2743 2313 2818 ut,

517 2840 636 2976 {22⁸¹
694 2861 725 2935 si
755 2861 851 2954 quid,
884 2882 923 2933 se
939 2869 1128 2955 praesente,
1148 2859 1206 2933 vel
1221 2859 1346 2932 leviter
1371 2859 1500 2931 dictum
1530 2867 1636 2943 esset,
1657 2859 1751 2955 quod
1774 2860 1886 2934 oleret
1903 2859 2113 2940 Fescennia‚
2143 2859 2188 2930 ad
2206 2859 2316 2953 pesti-

692 2985 824 3060 lentem
858 2983 955 3056 velut
983 2983 1153 3068 afflatum,
1177 2983 1461 3077 perhorresceret
1478 2984 1655 3067 continuo,
1689 2991 1724 3057 et
1754 2984 1930 3056 interdum
1963 2983 2146 3078 repentino
2179 2983 2317 3054 solutus

521 3105 656 3198 nucum
692 3109 865 3204 languore
894 3108 1106 3189 concideret.
1128 3109 1180 3180 lta
1197 3130 1305 3203 purus
1323 3107 1460 3180 animus
1478 3107 1662 3203 pulchrum
1692 3131 1842 3203 quoqne,
1863 3129 1969 3202 saque
1987 3106 2131 3201 dignum
2161 3106 2314 3201 hospite,

521 3185 597 3319 ffb
613 3201 670 3318 lli
694 3242 819 3307 nactus
837 3233 1060 3306 domicilium.
1082 3233 1213 3304 Forma
1225 3233 1392 3327 juvenem
1408 3233 1529 3318 fuisse,
1550 3234 1663 3328 ajunt,
1691 3233 1842 3305 honesta
1865 3240 1997 3328 praeter
2013 3241 2161 3305 caeteros
2178 3241 2214 3306 et
2229 3230 2318 3302 libe-

523 3348 577 3436 tus.
695 3356 764 3430 rali
780 3381 787 3428 :
803 3355 892 3430 facie
910 3357 1036 3430 decore
1053 3357 1217 3439 rotunda,
1234 3355 1386 3430 colorem
1398 3355 1587 3429 lacteolum
1599 3379 1702 3429 roseo
1720 3356 1849 3450 integri
1868 3355 2050 3450 sauguinis
2068 3357 2105 3428 in
2124 3357 2225 3451 genis
2245 3354 2318 3426 dis·

694 3481 901 3576 tinguenta;
927 3479 1020 3554 inter
1036 3479 1131 3552 hunc
1159 3479 1257 3552 tenui
1274 3479 1498 3553 internitente
1516 3501 1649 3576 cyaneo
1671 3505 1678 3551 :
1699 3478 1826 3574 capillo
1854 3479 2024 3574 subnigro
2045 3505 2053 3552 :
2074 3479 2184 3552 oculis
2201 3479 2320 3574 perlu-

693 3605 794 3690 cidis,
826 3628 922 3700 saepe
939 3603 1183 3690 madentibus;
1211 3616 1302 3676 aestu
1319 3604 1430 3675 divini
1448 3601 1575 3676 amoris
1601 3604 1716 3677 ciente
1732 3603 1905 3700 lacrymas
1927 3612 2088 3677 :statura
2107 3606 2153 3677 ad
2175 3611 2320 3676 aetatem
2354 3593 2364 3604 ’

693 3728 873 3800 commoda
890 3754 897 3800 :
914 3735 989 3801 tota
1006 3727 1121 3821 specie
1138 3727 1184 3798 ad
1202 3727 1408 3821 dignitatem
1421 3728 1596 3823 apposita.
1613 3728 1701 3806 Quae
1718 3751 1784 3801 sua
1801 3727 1955 3800 exterior
1971 3728 2196 3823 pulchritudo
2211 3728 2321 3800 index

693 3859 769 3924 erat
787 3851 898 3925 felicis
917 3851 1037 3937 animi,
1070 3850 1285 3944 perlucentis
1307 3852 1556 3946 prudentisque
1576 3874 1615 3924 se
1633 3851 1814 3948 quasiper
1831 3852 1947 3925 velum
1976 3861 2094 3939 tenue,
2128 3853 2322 3946 floremque

563 4041 565 4046 .
692 3976 910 4049 castimoniae
935 3975 1214 4070 integerrimum,
1235 3975 1270 4046 in
1296 3974 1397 4048 vultu
1423 3975 1612 4071 expiatum,
1633 3975 1756 4048 animis
1784 3976 1994 4048 intuentium
2024 3976 2319 4049 commendantis.

692 4099 819 4173 Fiebat
831 4101 962 4194 itaque,
983 4106 1024 4172 ut
1035 4099 1112 4194 ipse
1129 4097 1296 4171 Stanislai
1308 4107 1528 4195 conspectus,
1542 4101 1649 4173 castis
1665 4099 1806 4194 quidem
1822 4121 1979 4172 amorem
1993 4100 2131 4172 virtutis
2149 4100 2321 4194 majorem

693 4233 729 4297 et
757 4224 962 4319 diligentem
981 4223 1243 4295 commendaret
1269 4244 1434 4295 sensuum
1453 4224 1666 4307 custodiam
1688 4206 1853 4294 salutaris
1879 4245 1961 4294 vero
1991 4222 2137 4318 pudoris
2167 4229 2203 4294 et
2221 4244 2322 4294 vere·

696 4348 834 4420 cundiae
853 4355 1102 4421 commoneret.
1127 4347 1218 4418 Tam
1244 4346 1392 4442 elegans
1412 4347 1553 4443 juvenis
1571 4347 1647 4442 ipse
1666 4345 1793 4431 Paulo,
1810 4367 1979 4440 germano
1997 4367 2073 4430 suo,
2093 4345 2233 4440 placere
2250 4368 2326 4416 non
2431 4333 2432 4344 ¹

696 4478 854 4567 poterat;
873 4471 1014 4544 tametm
1026 4471 1121 4543 hunc
1134 4471 1264 4567 infimis
1282 4471 1387 4544 etiam
1406 4471 1582 4565 obsequiis
1598 4470 1754 4544 studeret
1771 4471 1944 4543 demereri
1964 4495 1971 4541 :
1989 4468 2213 4543 abalienabat
2229 4467 2326 4540 seili-
2431 4475 2432 4534 ἴ

699 4603 755 4670 cet
770 4594 988 4668 voluntatem
1005 4593 1124 4666 fratris
1143 4617 1279 4666 morum
1297 4601 1333 4667 et
1346 4594 1541 4666 studiorum
1553 4595 1645 4667 ratio
1659 4594 1800 4666 omnino
1818 4593 2010 4666 dissimilis.
2032 4595 2118 4673 Quae
2133 4593 2225 4664 domi
2243 4616 2326 4686 quae
2431 4625 2432 4648 i

700 4727 736 4794 et
754 4719 904 4793 Viennae
922 4720 1109 4792 immerens
1122 4718 1304 4814 pertulerit
1323 4719 1533 4806 Stanislaus
1549 4726 1634 4792 nota
1645 4719 1722 4813 jam
1734 4719 1851 4803 nimis,
1871 4719 2058 4814 multisque
2072 4717 2176 4790 Pauli
2190 4717 2327 4790 abolita
2431 4805 2432 4808 Ἴ

700 4844 879 4944 lacrymis,
900 4845 1026 4918 leviter
1038 4845 1329 4940 perstringemus.
1715 4835 1717 4838 ’

532 4973 664 5032 viennen-
751 4970 832 5043 Jam
859 4969 1038 5042 institutus
1061 4967 1311 5064 grammaticis,
1334 4989 1427 5041 anno
1465 4967 1570 5050 1564,
1589 4969 1742 5041 aetatulae
1776 4991 1850 5040 suae
1883 4967 2004 5061 quinto
2036 4966 2186 5050 decimo,
2213 4967 2328 5062 poeti·
2431 5011 2432 5022 ,

527 5055 675 5196 wli&
701 5094 752 5168 cis
774 5105 810 5170 et
836 5093 1020 5169 rhetoricis
1048 5092 1274 5179 excolendae,
1296 5093 1470 5166 Viennam
1496 5117 1574 5166 cum
1606 5093 1716 5166 Paulo
1747 5100 1783 5166 at
1809 5093 2007 5188 paedagogo
2036 5090 2230 5167 Biolinshio
2263 5090 2328 5164 tri.
