4930 6634
718 767 826 826 LIBER
849 766 1012 828 OCTAVUS
1034 769 1245 844 (roso-toto).
1770 767 1831 834 315

253 961 526 1040 Gasimrrianum
550 961 739 1040 oratorem,
760 961 899 1050 poetam
917 953 1017 1028 illum
1045 955 1227 1052 inclytum,
1247 953 1416 1026 Mathiam
1448 951 1658 1026 casimirum
1681 953 1828 1028 Sarbie·
1858 965 1922 1020 lotss

208 1091 319 1175 vium,
333 1088 410 1183 jam
439 1088 522 1155 ante
548 1079 656 1174 probe
685 1077 878 1172 cognitum,
913 1086 949 1152 et
977 1101 999 1150 a
1028 1078 1231 1174 proceribus
1263 1077 1329 1150 sibi
1361 1077 1652 1164 commendatum,
1687 1078 1827 1152 Vladis·
1857 1045 1975 1178 Sflbss,

205 1212 283 1286 laus
300 1212 486 1283 adamaret
506 1232 514 1278 :
536 1227 615 1278 eum
634 1225 709 1288 rex,
730 1201 767 1272 in
785 1200 897 1273 aulam
915 1199 1051 1294 accepit
1076 1223 1194 1287 suam;
1215 1201 1275 1296 qui
1300 1201 1557 1274 concionatoris
1586 1202 1678 1296 regii
1699 1223 1826 1273 munus
1857 1199 2003 1296 empedoc-

200 1344 237 1408 et
260 1333 418 1427 theologi
437 1334 621 1426 praestaret
646 1348 710 1421 pro
729 1325 770 1396 P.
793 1323 1002 1397 Sebastiano
1029 1323 1305 1410 Laiszczevslrio‚
1326 1347 1438 1418 nuper
1463 1325 1658 1397 demortuo.
1680 1324 1825 1398 Menses
1854 1281 2001 1410 iffi&

200 1458 335 1554 aliquot
360 1457 397 1528 in
429 1455 509 1526 aula
540 1457 715 1534 versatus,
749 1447 1041 1520 existimationem
1070 1447 1212 1542 pietatis
1247 1471 1321 1520 suae
1347 1454 1382 1521 et
1408 1446 1578 1521 doctrinae
1608 1447 1826 1521 confirmavit
1856 1434 1941 1526 Vi¹¹¹⁸⁹
1960 1452 2001 1490 ‘⁹'

201 1581 360 1676 adeoque
379 1578 490 1660 auxit,
511 1583 550 1647 ut
565 1574 643 1669 jam
658 1571 834 1667 princepe,
854 1593 924 1666 qua
940 1571 1055 1642 virum
1072 1571 1222 1644 maxime
1247 1579 1390 1644 ornaret
1413 1571 1533 1654 laude,
1554 1572 1741 1665 cogitaret.
1763 1571 1822 1643 Di·
1853 1529 2000 1651 ppqpnrna

201 1729 281 1777 rum
307 1725 409 1776 suum
447 1700 600 1773 abavum
625 1695 865 1770 celebraturus
886 1717 961 1780 rex,
980 1695 1150 1790 postridie
1168 1719 1272 1789 quam
1289 1694 1430 1766 Vilnam
1448 1695 1555 1780 venit,
1572 1694 1617 1766 ad
1636 1695 1824 1789 collegium
1852 1675 1923 1730 ³⁸¹⁰·

201 1825 451 1909 academicum,
473 1822 592 1895 multis
615 1820 798 1892 comitatus
823 1798 1040 1914 proceribus,
1061 1819 1252 1892 descendit.
1275 1817 1415 1890 Mature
1450 1827 1623 1890 rectorem
1648 1819 1822 1891 academi-

201 1973 278 2024 cum
296 1954 493 2033 monuerat,
513 1946 598 2041 qnid
616 1944 751 2018 vellet:
776 1967 891 2028 suurn,
912 1941 1139 2038 praeteralia,
1160 1950 1312 2038 poetam,
1333 1941 1537 2036 theologum
1573 1950 1608 2016 et
1637 1944 1822 2017 conciona-

198 2081 312 2147 torem
346 2071 568 2147 Sarbievium
601 2069 654 2142 ire
691 2075 855 2143 ornatum
891 2067 1013 2139 laurea
1046 2066 1093 2139 ad
1132 2067 1183 2138 ΙΙΙ
1215 2089 1326 2142 nonas
1358 2064 1478 2161 julias.
1514 2065 1592 2138 Hoc
1617 2066 1736 2162 itaque
1766 2067 1823 2144 die

198 2195 438 2270 academicum
469 2192 640 2287 templum
670 2192 768 2287 regia
795 2192 997 2286 praesentia,
1032 2168 1231 2286 frequentia
1260 2192 1410 2263 maxima
1443 2192 1583 2276 ciuium,
1613 2213 1654 2262 ac
1689 2215 1825 2267 summo

198 2319 388 2415 splendore
406 2316 633 2390 celebratum.
649 2314 785 2388 Aderat
802 2339 879 2387 curn
899 2315 1081 2388 Vladislao
1099 2323 1134 2389 et
1151 2317 1251 2412 regia
1278 2299 1399 2390 sorore
1423 2318 1528 2389 Anna
1547 2324 1677 2412 praeter
1693 2318 1822 2394 multos

195 2443 337 2538 legatus
359 2441 514 2514 Romani
533 2438 725 2512 Pontificis.
748 2438 820 2511 Ubi
845 2439 1090 2513 consedissent
1106 2441 1295 2536 principes.
1315 2441 1475 2536 interque
1499 2464 1560 2513 eos
1578 2464 1641 2514 rex
1658 2442 1694 2514 in
1713 2441 1817 2529 solio,

198 2577 282 2666 post
302 2574 427 2640 cantus
444 2564 609 2649 musicos,
625 2565 663 2636 in
683 2564 788 2659 plura
800 2564 890 2636 odea
913 2572 949 2637 et
970 2587 1095 2636 vocum
1112 2566 1306 2638 certamina
1327 2567 1544 2653 distributos,
1565 2589 1627 2662 per
1648 2568 1822 2640 academi-

198 2717 278 2766 cum
294 2691 419 2765 laurea
436 2697 598 2763 ornatum
616 2688 663 2761 ad
679 2711 800 2782 regem
814 2696 849 2761 et
867 2711 1030 2783 proceres
1046 2689 1167 2761 habita
1185 2690 1298 2762 oratio
1321 2715 1328 2762 :
1350 2691 1546 2786 depositum
1562 2691 1598 2762 in
1616 2691 1760 2786 pulvillo
1779 2693 1822 2765 ad

198 2816 309 2913 pedes
334 2815 516 2912 principis,
545 2814 724 2911 proprium
755 2813 831 2908 ejus
861 2812 1052 2885 academiae
1080 2813 1233 2908 insigne,
1254 2821 1443 2909 sceptrum.
1470 2815 1598 2888 decere
1622 2815 1660 2886 id
1683 2816 1735 2888 ita
1759 2840 1821 2890 rex
1905 2791 1907 2796 ,

198 2941 307 3015 decus
328 2937 538 3012 litterarium
560 2961 631 3010 non
655 2958 793 3031 pessus.
815 2935 954 3032 Excipit
980 2937 1145 3008 continuo
1170 2935 1378 3032 depositum,
1403 2937 1572 3033 vultuque
1597 2946 1632 3011 ct
1662 2941 1822 3015 oratione

197 3072 340 3161 gratum
361 3064 540 3160 professus
557 3063 723 3146 animum,
745 3061 877 3133 oratori
895 3060 1062 3146 restituit,
1081 3062 1283 3156 pariterque
1304 3062 1386 3157 jura
1402 3063 1595 3136 academiae
1609 3071 1645 3136 et
1661 3064 1822 3138 immuni-

193 3197 289 3262 tates
304 3187 516 3260 anctoritatc
533 3186 673 3282 publice
692 3184 887 3258 confirmat.
909 3183 1077 3278 Assurgit
1094 3185 1139 3256 ad
1156 3185 1234 3258 haec
1250 3185 1441 3258 Doctorum
1459 3194 1615 3260 senatus.
1636 3188 1740 3273 Tum,
1762 3191 1821 3284 qui

194 3337 259 3411 pro
276 3311 488 3386 cancellario
506 3311 707 3430 academico
728 3309 867 3392 aderat,
892 3308 1104 3403 praepositus
1123 3309 1315 3404 provinciae
1340 3311 1497 3384 lacobus
1516 3311 1759 3386 Lachovslu'us
1776 3314 1820 3387 de

195 3438 320 3511 officiis
349 3435 526 3520 Doctoris,
551 3435 664 3528 deque
694 3431 904 3526 sapientium
933 3432 1127 3526 principum
1157 3432 1318 3507 laudibus
1344 3435 1527 3530 praefatuS,
1551 3437 1704 3533 primum
1727 3438 1816 3534 ipse,

193 3560 323 3636 deinde
347 3559 407 3632 alii
426 3560 508 3646 duo,
529 3556 720 3650 theologiae·
749 3555 923 3650 magistri,
945 3555 1106 3641 Mathiae,
1128 3556 1300 3631 doctrines
1329 3580 1404 3632 suae
1435 3558 1675 3655 periclitandae
1693 3583 1813 3647 causa,

193 3709 238 3759 ex
255 3684 482 3758 interioribus
511 3681 715 3775 theologiae,
737 3679 884 3752 seclusis
910 3679 980 3752 illis
1012 3681 1134 3767 sacris,
1155 3680 1381 3756 dissolvenda
1407 3683 1593 3779 objectant.
1616 3684 1816 3759 Secundum

192 3811 285 3894 haec,
307 3831 351 3882 ex
363 3807 568 3904 praescripto
586 3803 733 3878 Goncilii
751 3803 949 3876 Tridentini
966 3803 1165 3900 profitenda
1190 3806 1383 3900 magistris,
1404 3807 1584 3880 ornandus
1609 3809 1811 3904 profitetur;

191 3932 391 4027 excipiente
417 3935 675 4002 sacramentum
702 3925 949 4000 scholasticum
977 3927 1099 4002 nuntio
1125 3929 1327 4024 apostolico.
1351 3931 1506 4003 Ornatur
1527 3932 1737 4006 academicis
1762 3936 1813 4007 in·

190 4055 367 4151 signibus,
384 4059 419 4126 et
436 4053 529 4127 iuter
552 4052 630 4124 haec
658 4052 757 4146 regio
782 4049 928 4137 annulo,
950 4073 1013 4145 per
1033 4051 1056 4124 J
1059 4073 1208 4126 oannem
1235 4053 1490 4138 Gembickium,
1510 4056 1612 4149 regni
1637 4057 1813 4132 tabulario

188 4177 409 4276 preelectum,
431 4176 548 4248 oblato
574 4198 597 4248 a
618 4175 788 4270 principe.
809 4174 1057 4248 Munusculum
1086 4177 1154 4249 hoc
1184 4177 1375 4250 academici
1393 4178 1485 4251 inter
1516 4188 1724 4253 ornamenta
1749 4204 1814 4255 sua

189 4303 382 4397 diligenter
394 4300 568 4395 hodieque
585 4304 805 4372 conservant.
828 4299 952 4394 Itaque
972 4307 1118 4372 ornatus
1136 4299 1270 4386 doctor,
1291 4309 1329 4374 ut
1348 4309 1424 4375 erat
1440 4301 1527 4374 satis
1540 4304 1709 4376 doctrinae
1725 4328 1815 4402 pree-

189 4430 292 4504 sidiis
314 4427 557 4501 addicendum
574 4434 731 4521 paratus,
752 4425 883 4499 diserte
896 4425 1061 4499 munifico
1078 4427 1227 4523 principi
1240 4429 1316 4523 agit
1333 4430 1482 4524 gratias,
1499 4437 1572 4503 turn
1590 4453 1653 4504 suo
1670 4439 1745 4504 tum
1759 4433 1814 4506 sui
1845 4503 1847 4508 .

189 4552 356 4648 Collegii,
371 4557 445 4623 tum
470 4552 644 4624 universae
661 4549 847 4623 Societatis
875 4551 1025 4626 nomine.
1053 4552 1258 4626 Orationem
1282 4553 1436 4627 doctoris
1466 4557 1602 4651 excepit
1626 4578 1812 4651 procerum

185 4675 408 4774 gratulatio:
432 4675 525 4748 hauc
542 4674 689 4758 musica,
706 4674 824 4746 choris
843 4674 974 4748 circum
991 4676 1240 4772 complaudens
1258 4677 1433 4750 omnibus.
1455 4679 1551 4752 Inter
1572 4679 1659 4752 istos
1676 4679 1812 4756 laetitiee

184 4799 350 4874 fremitus
367 4819 431 4869 rex
446 4795 587 4869 domum
613 4797 695 4869 visit
712 4797 862 4892 Collegii
884 4825 891 4871 :
912 4799 1174 4887 bibliothecam,
1196 4801 1503 4898 exprimendarum
1531 4802 1706 4876 officinam
1721 4804 1813 4882 litte·

186 4947 324 5006 rarum,
344 4919 581 5017 gymnasium,
602 4927 761 4993 amanter
775 4922 895 4994 Socios
913 4923 971 4996 vel
994 4903 1156 5010 laudans,
1174 4925 1242 5009 vel,
1263 4925 1349 5020 quid
1365 4925 1582 5000 desideraret
1596 4929 1639 5000 ad
1659 4952 1811 5002 commo·

184 5047 286 5132 dum,
307 5043 514 5130 admonens,
542 5043 773 5117 collustravit.
795 5043 932 5116 Visenti
964 5045 1075 5118 oratio
1105 5046 1221 5119 soluta
1251 5047 1392 5120 nomine
1413 5048 1572 5145 religiosi
1599 5051 1760 5147 Collegii,
1789 5075 1812 5126 a

189 5168 431 5268 typographio
448 5168 590 5241 nomine
608 5166 807 5240 scholarum
825 5189 951 5263 poema
968 5168 1012 5242 de
1030 5169 1103 5241 suis
1118 5169 1301 5245 Vladislao
1322 5173 1496 5258 laudibus,
1514 5175 1687 5249 dedicata.
