4896 6650
666 773 775 834 ulons
797 772 986 835 sucunous
1007 773 1221 850 (tovi-raso).
1741 766 1781 832 67

167 961 294 1033 «νοω
324 959 369 1032 de
399 958 465 1030 hoc
499 956 604 1053 plane
630 955 748 1029 divino
780 957 854 1030 viro
898 957 967 1031 dici
996 957 1134 1052 potuit,
1171 955 1265 1051 quod
1306 955 1342 1027 in
1385 955 1480 1028 omni
1510 955 1584 1028 vita
1618 977 1683 1028 sua
1711 976 1782 1025 non
1804 975 1875 1042 ‚1579

166 1115 181 1146 κ
198 1083 283 1156 abiit
319 1082 358 1153 in
382 1080 527 1154 consilio
553 1081 751 1175 impiorum,
786 1081 881 1153 etin
915 1083 970 1155 via
1002 1087 1223 1177 peccatorum
1256 1103 1326 1152 non
1353 1079 1462 1164 stetit,
1486 1087 1526 1152 et
1546 1081 1582 1150 in
1616 1077 1785 1151 cathedra

166 1206 407 1304 “pestilentiae
432 1228 504 1279 non
530 1204 636 1278 sedit..
654 1204 709 1277 Ab
727 1211 828 1278 utero
847 1208 941 1279 enim
968 1206 1088 1280 matris
1114 1228 1188 1277 suae
1215 1227 1356 1298 egressa
1384 1211 1438 1277 est
1461 1227 1578 1276 secum
1604 1203 1730 1298 pietas,
1750 1209 1786 1274 et
1878 1259 1880 1264 ,

167 1331 362 1404 vadiebus
389 1311 547 1401 infantiae
577 1352 653 1400 suae
683 1329 791 1400 crevit
820 1329 1022 1416 miseratio;
1056 1351 1157 1424 quam
1177 1351 1240 1422 per
1268 1351 1406 1400 omnem
1431 1327 1513 1399 vitae
1547 1350 1622 1398 suae
1645 1349 1785 1398 cursum

168 1478 336 1528 «summo
355 1477 494 1548 semper
520 1454 635 1526 studio
662 1445 839 1547 animique
866 1453 1089 1525 contentione
1119 1452 1359 1537 conservavit;
1392 1474 1458 1523 nec
1483 1473 1637 1544 unquam
1666 1451 1703 1521 in
1729 1452 1788 1521 via

167 1611 182 1642 κ
200 1581 366 1654 vanitatis
399 1579 605 1664 ambulavit,
625 1601 691 1651 nec
721 1591 842 1651 curam
860 1600 961 1650 snam
974 1578 1011 1649 in
1029 1579 1153 1651 studiis
1167 1579 1374 1650 invanitatis
1392 1599 1547 1671 unquam
1571 1576 1701 1670 posuit,
1722 1598 1788 1647 nec

64 1691 71 1708 ⁸
167 1728 237 1778 sse
266 1703 323 1778 vel
349 1704 463 1775 virum
495 1705 552 1804 vel
577 1703 746 1798 juvenem
772 1725 852 1774 esse
886 1703 922 1773 in
952 1702 1170 1796 perferendis
1203 1701 1496 1796 exantlandisque
1525 1724 1588 1795 pro
1626 1700 1790 1774 adeunda

167 1859 182 1889 a
202 1829 309 1902 totins
325 1829 469 1924 pietatis
494 1827 719 1921 possessione
748 1826 930 1898 laboribus
955 1834 1120 1920 expertus
1146 1835 1200 1899 est
1222 1852 1229 1898 :
1253 1828 1346 1921 quod
1376 1850 1440 1898 suo
1467 1834 1625 1920 ternpore
1653 1833 1689 1899 et
1713 1824 1790 1897 loco

168 1981 183 2012 κ
202 1953 236 2024 in
256 1951 368 2024 oculis
386 1959 421 2022 et
439 1951 476 2021 in
504 1950 648 2021 auribus
677 1949 832 2021 omnium
862 1948 1022 2042 gentium
1048 1973 1091 2021 ac
1118 1951 1301 2023 nationum
1324 1943 1431 2044 longe
1462 1948 1589 2022 clarius
1620 1957 1654 2020 et
1680 1950 1790 2021 mani·

168 2106 184 2136 «ι
202 2077 325 2150 festius
351 2075 558 2148 innotescet.
579 2073 670 2144 Mihi
687 2073 725 2143 in
742 2073 810 2146 hoe
836 2079 995 2167 tempore
1012 2074 1101 2146 nihil
1119 2074 1218 2147 aliud
1244 2075 1472 2147 constitutum
1497 2097 1539 2148 ac
1557 2073 1790 2146 deliberatum

168 2229 184 2260 κ
204 2207 270 2284 est,
303 2221 406 2294 quam
423 2205 462 2270 ut
486 2198 530 2269 ad
546 2205 583 2278 te
601 2196 705 2269 simul
718 2219 797 2268 cum
813 2195 908 2267 fama
922 2196 1037 2269 obitus
1055 2199 1145 2292 ejus,
1167 2221 1247 2293 qnae
1266 2199 1426 2292 protinus
1453 2198 1576 2270 orbern
1589 2198 1794 2269 universum

168 2321 443 2418 «proculdubio
467 2320 677 2416 pervolabit,
695 2321 771 2414 ejus
784 2342 922 2414 quoque
939 2321 990 2394 rei
1003 2321 1217 2415 significatio
1236 2322 1424 2416 perveniat
1440 2346 1448 2405 ;
1466 2343 1571 2415 qnam
1597 2320 1704 2393 luerit
1722 2343 1793 2393 om·

169 2476 184 2507 a
203 2447 306 2520 nibus
325 2455 408 2520 ante
432 2455 522 2520 actae
547 2447 629 2518 vitae
647 2444 773 2517 studiis
798 2445 1023 2520 consentiens
1043 2453 1082 2518 et
1096 2454 1354 2520 consentaneus
1371 2446 1431 2518 hic
1456 2447 1532 2541 ejus
1551 2469 1595 2518 ex
1612 2447 1681 2518 hac
1705 2469 1796 2518 mor·
1842 2493 1849 2507 ·

169 2599 185 2630 κ
205 2570 268 2642 tali
284 2571 359 2642 vita
384 2592 562 2654 excessus,
591 2577 627 2642 et
643 2591 747 2663 quem
764 2576 939 2663 praeterea
954 2569 1114 2643 ordinem
1143 2570 1180 2642 in
1206 2571 1323 2644 anima
1341 2593 1406 2642 sua
1420 2568 1573 2654 Christo,
1593 2592 1616 2641 a
1633 2593 1701 2664 quo
1719 2593 1796 2643 eam

170 2723 185 2754 u
204 2701 406 2790 acceperat,
426 2694 723 2789 repraesentanda,
748 2715 960 2765 conservare
987 2694 1151 2778 voluerit,
1172 2718 1344 2790 quamque
1368 2717 1490 2766 verum
1504 2695 1548 2767 sit
1579 2694 1678 2780 illud,
1703 2697 1797 2789 quod

170 2848 185 2879 κ
206 2820 290 2893 olim
307 2827 451 2893 sanctus
465 2820 607 2914 quidam
626 2825 728 2913 pater
746 2817 835 2889 dixit
856 2842 863 2889 :
885 2841 957 2890 non
974 2826 1090 2914 potest
1106 2821 1199 2892 male
1217 2821 1319 2906 mori,
1332 2820 1530 2915 quicunque
1547 2821 1637 2892 bene
1657 2820 1793 2894 vixerit.

215 2975 234 3038 ,κ
254 2947 276 3018 J
279 2968 337 3018 am
351 2944 487 3039 aliquot
500 2965 639 3015 menses
657 2941 948 3027 intercesserant,
965 2965 1009 3014 ex
1027 2967 1096 3038 quo
1117 2943 1402 3038 languidiuscule
1420 2953 1577 3040 coeperat
1596 2946 1742 3032 habere,
1764 2953 1800 3020 et

172 3097 187 3129 κ
207 3068 282 3140 alvi
299 3068 395 3140 fluxu
416 3066 521 3162 paulo
540 3052 794 3138 vehementiori
818 3064 1003 3152 laborare;
1024 3090 1203 3162 nunquam
1225 3075 1343 3141 tamen
1369 3069 1497 3140 adduci
1513 3070 1640 3164 potuit,
1662 3077 1701 3142 nt
1716 3071 1797 3165 plu-

175 3221 191 3252 «
214 3191 350 3264 sculum
365 3189 498 3284 aliquid
511 3213 554 3262 ex
567 3190 639 3262 otio
657 3195 693 3260 et
718 3189 898 3283 quietibus
925 3192 1062 3263 caeteris
1078 3191 1230 3286 vitaeque
1257 3193 1561 3266 commoditatibus
1577 3193 1798 3289 indulgeret3

176 3345 191 3377 a
212 3314 327 3387 sedin
340 3321 506 3409 suscepta
519 3313 769 3408 propositaque
784 3313 960 3385 sententia
974 3316 1256 3388 constantissime
1266 3317 1521 3410 perseveravit;
1539 3340 1604 3389 nec
1618 3318 1661 3390 de
1676 3319 1801 3393 studiis

176 3467 192 3498 a
207 3461 277 3512 nec
284 3438 328 3510 de
341 3437 493 3510 lectione
507 3437 564 3510 vel
579 3437 770 3533 scriptione
783 3437 990 3531 caeterisque
1007 3439 1149 3533 pietatis
1164 3441 1340 3513 exercitiis
1355 3440 1544 3536 quidquam
1560 3440 1697 3516 remisit
1710 3467 1718 3528 ;
1740 3443 1803 3515 sed

176 3591 192 3623 κ
212 3583 354 3634 omnem
367 3561 476 3634 animi
495 3561 549 3633 sui
567 3561 840 3645 contentionem,
858 3561 952 3633 sicut
970 3561 996 3632 ii
1010 3561 1137 3648 solent,
1158 3564 1218 3657 qui
1231 3565 1276 3636 ad
1290 3579 1419 3636 metam
1436 3565 1586 3636 instituti
1604 3589 1727 3638 cursus
1744 3589 1802 3639 ac-

176 3715 192 3746 ⁸
218 3686 390 3767 celerant,
410 3685 524 3778 magis
550 3686 595 3757 ad
613 3707 751 3756 omnem
767 3684 911 3778 pietatis
934 3687 1199 3760 meditationem
1217 3688 1390 3761 incitavit.
1407 3690 1494 3762 Cum
1511 3697 1630 3762 autem
1653 3691 1804 3762 inomni
1831 3711 1946 3781 Jejunio-

178 3853 194 3870 -
215 3810 291 3881 vita
308 3831 372 3882 sua
399 3810 475 3881 dies
488 3808 705 3905 jejuniorum
723 3809 768 3880 ab
786 3808 947 3882 Ecclesia
965 3811 1144 3884 institutos
1157 3811 1423 3906 religiosissime
1447 3813 1712 3909 certissimeque
1730 3838 1803 3887 ser·
1831 3790 1977 3930 {ffimffi'

178 3963 194 3994 κ
214 3941 347 4018 vasset‚
368 3955 415 4005 ne
428 3933 466 4003 in
481 3933 549 4005 hac
566 3931 707 4025 quidem
732 3938 837 4004 aetate
855 3956 921 4032 sua
935 3934 1114 4030 decrepita
1133 3937 1318 4008 sententiae
1332 3959 1407 4008 snae
1432 3938 1667 4009 constantiam
1688 3937 1805 4028 voluit

180 4085 196 4116 a
219 4059 419 4128 immutare.
438 4056 552 4135 Quam
570 4055 614 4126 ob
627 4077 701 4127 rem
716 4062 751 4127 et
764 4057 981 4150 superiorem
1012 4059 1315 4153 quadragesimam
1342 4083 1476 4133 summa
1501 4083 1580 4132 cum
1597 4061 1706 4132 animi
1729 4060 1804 4134 ala-

180 4209 197 4242 «
218 4181 346 4254 oritate
370 4182 407 4253 in
432 4203 569 4268 summa
597 4179 811 4252 abstinentia
828 4189 877 4285 et
890 4182 927 4253 in
946 4206 1010 4254 usu
1036 4182 1397 4278 quadragesimalium
1421 4185 1578 4257 ciborum
1608 4187 1801 4280 transegit;

181 4333 199 4366 ι
218 4327 288 4376 nee
302 4304 415 4399 potuit
431 4303 513 4375 ullis
531 4311 593 4375 aut
614 4302 828 4376 medicorum
859 4311 920 4376 aut
938 4328 1234 4400 quorumcumque
1253 4305 1397 4380 tandem
1415 4307 1579 4401 precibus
1593 4315 1628 4380 et
1646 4309 1805 4382 cohorta-

182 4427 392 4512 u'tionibus,
412 4435 450 4498 ut
470 4449 558 4520 qnos
583 4425 636 4498 illi
654 4434 793 4511 vocant,
823 4427 909 4500 cibis
928 4435 1084 4501 uteretur
1110 4428 1377 4512 salubrioribus,
1401 4432 1612 4525 expugnari.
1632 4433 1706 4504 lmo
1722 4457 1807 4506 vero

183 4579 201 4611 ιι
223 4549 352 4623 solitus
369 4557 446 4622 erat
459 4550 588 4634 dicere,
605 4557 794 4646 propterea
812 4573 850 4624 se
862 4552 1077 4646 jejuniorum
1090 4553 1165 4626 dies
1183 4554 1227 4624 ab
1242 4553 1405 4657 Ecclesia
1420 4556 1602 4628 institutos
1620 4556 1810 4652 diligenter

183 4709 200 4739 a
221 4677 418 4748 observare
431 4675 667 4761 consuevisse,
688 4674 783 4771 quod
808 4674 914 4748 vellet
933 4698 1011 4749 esse
1028 4676 1213 4771 longaevus
1232 4701 1336 4774 super
1365 4687 1509 4752 terram.
1531 4679 1708 4774 Scriptum
1734 4703 1812 4754 esse

185 4835 201 4866 κ
224 4801 446 4876 memorabat
480 4827 487 4874 :
521 4803 657 4874 honora
685 4810 821 4898 patrem
851 4810 950 4874 tuum
978 4811 1012 4875 et
1042 4810 1186 4874 matrem
1216 4809 1325 4886 tuam,
1344 4812 1383 4875 ut
1413 4804 1463 4892 sis
1490 4803 1675 4899 longaevus
1706 4826 1812 4898 super

186 4959 202 4988 a
226 4937 363 5002 terram
384 4952 391 4998 :
413 4927 521 5000 Pater
538 4941 637 4998 meus
663 4933 716 4998 est
743 4927 839 4998 Deus
857 4927 894 4999 in
912 4926 1032 5010 coelis;
1063 4928 1180 4999 Mater
1197 4949 1278 5000 mea
1300 4936 1354 5000 est
1379 4926 1537 5000 Ecclesia
1554 4927 1591 4998 in
1609 4928 1727 5010 terris.
1750 4928 1814 4999 Ille

192 5084 208 5114 a
230 5050 395 5146 praecipit
421 5058 459 5122 ut
470 5073 642 5146 JeJunem,
667 5058 706 5123 ut
731 5051 786 5121 his
810 5050 865 5121 vel
891 5050 960 5127 illis
986 5051 1122 5132 diebus,
1144 5058 1179 5122 et
1208 5052 1276 5124 isto
1300 5051 1354 5123 vel
1381 5052 1447 5122 isto
1466 5058 1622 5145 tempore
1641 5051 1811 5144 jejunem.

191 5207 208 5236 κ
231 5177 430 5271 Utrumque
451 5174 683 5249 libentissime
699 5174 816 5257 audie,
837 5181 1039 5269 certamque
1053 5197 1150 5269 spem
1174 5176 1345 5270 concipio,
1366 5176 1533 5259 futurum,
1551 5183 1590 5246 ut
1607 5175 1830 5247 obedientiae¹
