4896 6650
702 757 744 824 96
1071 765 1347 830 mruANlcnuuu
1370 765 1583 828 SOCIETthS
1603 764 1688 828 insu
1712 764 1962 826 HlS‘l'OlllhRUlll

703 951 740 1017 et
763 948 1049 1041 responsionibus
1076 951 1127 1023 uti
1145 959 1223 1026 erat
1239 951 1406 1024 solemne.
1427 950 1515 1030 Quae
1531 970 1619 1043 gens
1645 947 1750 1021 hodie
1776 969 1879 1041 quam
1905 945 1952 1018 sit
1967 947 2120 1032 exculta,
2129 947 2205 1042 jam
2222 971 2325 1022 nemo

704 1066 859 1161 ignorat.
880 1072 1022 1146 Tertius
1039 1081 1119 1168 post
1135 1081 1170 1148 et
1183 1062 1472 1168 deinde'quartus
1490 1069 1630 1168 praefati
1646 1073 1783 1158 eadem,
1799 1072 1857 1144 hic
1873 1095 1951 1146 sese
1973 1074 2019 1145 ad
2044 1072 2197 1146 officium
2223 1095 2326 1148 omne

702 1189 833 1286 legato,
862 1194 922 1268 ille
950 1220 1076 1293 equum
1105 1199 1223 1284 etiam,
1255 1197 1341 1270 luxu
1375 1199 1596 1294 phaleratum
1626 1196 1821 1283 barbarico,
1850 1221 1918 1293 quo
1949 1199 1985 1269 in
2022 1197 2145 1271 urbem
2179 1199 2327 1272 vehatur

524 1312 677 1448 233*sssp
705 1315 902 1410 magnifice,
918 1321 1057 1394 nomine
1076 1321 1184 1394 Ducis
1198 1322 1325 1418 Magni
1341 1323 1505 1397 offerunt.
1533 1323 1673 1418 Majore
1699 1324 1826 1400 deinde
1852 1347 1957 1420 quam
1983 1325 2191 1411 Smolensci,
2213 1327 2326 1398 Anto-

525 1485 567 1522 res
580 1469 660 1538 prisci
703 1440 783 1514 nius
808 1444 1012 1520 celebritate
1036 1455 1201 1544 acceptus
1229 1457 1265 1522 et
1290 1473 1430 1545 pompa,
1463 1472 1542 1523 cum
1577 1448 1649 1520 suis
1683 1456 1834 1545 quatuor
1864 1471 1884 1522 e
1918 1449 2091 1524 Societate
2125 1450 2323 1538 comitibus

524 1545 663 1681 ᾗζζξζω
702 1566 903 1666 Stamyciae,
920 1571 1024 1646 biduo
1052 1581 1132 1669 post
1157 1577 1204 1677 ad
1224 1583 1447 1671 conspectum
1474 1577 1527 1648 M.
1555 1575 1662 1648 Ducis
1688 1574 1896 1649 admittitur.
1918 1572 2089 1668 cupiebat
2114 1574 2266 1670 quidem,
2287 1582 2327 1647 ut

697 1716 802 1788 quam
832 1697 974 1770 minima
1005 1722 1134 1794 pompa
1161 1700 1391 1776 deduceretur
1416 1705 1462 1777 ad
1500 1705 1714 1801 principem;
1750 1701 1812 1775 scd
1837 1700 2094 1775 consuetudini
2127 1703 2325 1798 parendum

695 1820 761 1894 fuit
780 1847 787 1894 :
807 1845 867 1909 ne,
884 1824 915 1896 si
941 1825 1093 1897 officium
1119 1826 1361 1912 detrectasset,
1383 1827 1520 1903 animus
1548 1828 1787 1902 offenderetur
1811 1824 2000 1920 principis;
2020 1825 2080 1919 qui
2104 1847 2186 1898 cum
2213 1825 2326 1900 hono-

695 1968 769 2019 rem
799 1947 836 2019 in
860 1948 981 2043 legato
1006 1949 1081 2021 ibat
1108 1949 1269 2023 Pontifici
1297 1953 1449 2024 maximo
1480 1951 1688 2025 exhibitum.
1710 1951 1832 2042 ltaque
1857 1947 2006 2043 pannosi
2024 1946 2187 2052 ‚quinquo
2212 1970 2233 2020 e
2260 1948 2326 2022 soa

695 2068 818 2143 rietatc
834 2072 857 2144 J
860 2095 923 2146 esu
944 2073 1116 2159 homines,
1135 2075 1229 2148 inter
1251 2083 1520 2170 purpuratorum
1542 2074 1699 2170 agmina,
1716 2079 1790 2144 tota
1811 2071 1898 2146 urbe
1916 2093 1979 2166 per
1998 2071 2172 2144 instructa
2189 2072 2325 2144 ordini·

693 2195 760 2270 hus
777 2197 905 2271 civium
925 2199 1142 2295 militumque
1168 2202 1286 2273 omnia
1307 2201 1353 2273 ad
1378 2198 1610 2272 diversorium
1636 2197 1857 2269 deducuntur
1882 2194 2114 2290 peramplum.
2147 2195 2324 2269 Ornatum

695 2342 737 2393 eo
763 2321 820 2394 die
845 2327 1125 2418 apparatumque
1150 2323 1385 2415 convivium:
1412 2324 1482 2406 cui,
1514 2328 1643 2419 praeter
1668 2342 1742 2406 cos,
1771 2343 1793 2392 a
1819 2319 1947 2415 quibus
1971 2319 2110 2414 legatus
2137 2327 2320 2416 exceptus,

693 2465 926 2538 proceresac
951 2447 1139 2539 sexaginta
1175 2446 1314 2520 circiter
1350 2446 1523 2518 minorum
1552 2445 1711 2541 gentium
1743 2447 1851 2531 viros,
1881 2445 2084 2542 praenobilis
2114 2445 2324 2522 adolescens

693 2562 864 2652 interfuit,
898 2569 1027 2642 missus
1062 2591 1085 2641 a
1117 2570 1289 2665 principe,
1318 2577 1485 2662 tanquam
1519 2591 1604 2642 suus
1640 2570 1687 2642 ad
1722 2569 1874 2642 officium
1909 2570 2074 2642 vicarius.
2108 2570 2252 2646 Assedit
2288 2571 2323 2643 is

692 2686 826 2784 legato,
854 2693 900 2765 ad
930 2717 1047 2779 omne,
1077 2694 1169 2789 quod
1207 2701 1456 2789 apponeretur,
1488 2694 1659 2767 ferculum
1692 2692 1905 2788 assurgebat
1934 2693 2081 2788 primus,
2114 2701 2162 2783 qt,
2196 2701 2323 2790 aperto

691 2814 820 2908 capite,
839 2815 950 2890 titulis
976 2795 1157 2912 principis
1170 2819 1225 2890 sui
1256 2817 1411 2890 recitatis
1437 2816 1611 2902 omnibus,
1641 2815 1743 2901 illud,
1760 2817 1861 2911 quasi
1887 2815 2043 2889 solemne
2068 2815 2323 2911 hospitalitatis

691 2959 845 3027 carmen,
874 2943 1032 3015 convivae
1055 2941 1256 3016 inculcabat
1285 2966 1293 3013 :
1327 2963 1478 3035 magnus
1503 2942 1575 3013 dux
1600 2940 1669 3012 hac
1694 2939 1759 3010 tibi
1785 2939 1872 3034 dape
1896 2937 2090 3034 gratificari
2125 2938 2232 3032 cupit.
2261 2935 2322 3009 Ad

691 3062 832 3136 ultimos
863 3065 1013 3162 denique
1039 3066 1181 3152 missus,
1209 3087 1273 3160 pro
1307 3062 1480 3135 colutheis
1513 3063 1643 3145 illatos,
1673 3063 1720 3134 ad
1746 3084 1873 3156 panem
1904 3083 2095 3134 conversus
2121 3067 2158 3134 et
2186 3059 2316 3143 salem,

691 3186 778 3254 Kteb
802 3187 850 3256 da
874 3188 944 3272 Sol,
972 3185 1088 3279 patria
1112 3183 1237 3278 lingua
1257 3182 1370 3260 hilare
1391 3189 1597 3283 pronuntiat
1618 3210 1626 3256 ε
1649 3208 1717 3280 quo
1739 3186 1834 3280 apud
1852 3208 1931 3258 eam
1951 3191 2099 3279 gentem.
2116 3182 2323 3278 significare

691 3314 936 3389 convivatores
963 3314 1142 3401 volebant,
1173 3337 1300 3410 panem
1329 3323 1365 3388 et
1390 3315 1501 3388 salem
1526 3331 1686 3409 suprema
1712 3330 1790 3381 esse
1819 3307 1972 3380 convivii
1997 3308 2052 3380 sui
2077 3305 2209 3380 edulia.
2239 3307 2319 3380 Ista

691 3452 766 3518 tum
790 3446 877 3542 ipsis
895 3453 973 3519 erat
990 3446 1155 3520 solemnis
1172 3446 1237 3518 sub
1254 3446 1360 3520 finem
1377 3443 1604 3541 phiditiorum
1621 3461 1763 3513 suorum
1781 3435 1953 3522 formula;
1974 3458 2134 3530 eamque,
2154 3434 2318 3531 ajebant,

692 3569 894 3662 superiores
920 3591 1003 3642 suos
1029 3592 1048 3640 a
1075 3569 1201 3663 Sergio
1227 3570 1398 3672 monacho
1424 3564 1625 3659 accepisse:
1654 3585 1757 3657 quem
1786 3567 1869 3634 ante
1886 3559 1972 3632 ι190
1997 3581 2110 3630 annos
2135 3565 2320 3630 mortuum

690 3713 755 3786 pro
781 3693 872 3764 Divo
900 3693 1080 3789 praeoipua
1105 3694 1268 3767 colebant
1295 3693 1439 3787 pictate.
1469 3690 1605 3782 Nempe
1640 3687 1713 3771 ille,
1742 3688 1825 3760 dum
1859 3673 1952 3782 apud
1987 3707 2025 3758 sc
2060 3706 2210 3778 magnus
2242 3684 2322 3756 dux

689 3813 898 3890 Russorum'
916 3818 1116 3891 Demetrius
1141 3817 1374 3901 accumberet,
1403 3815 1447 3886 iis
1472 3811 1590 3885 verbis
1620 3810 1812 3884 daemonem
1838 3832 1859 3884 e
1884 3809 1975 3882 cella
1998 3808 2146 3903 fugasse
2170 3807 2316 3880 dicitur.

692 3941 873 4016 Putabant
885 3943 1006 4037 itaque
1032 3950 1168 4016 veteres
1184 3942 1235 4013 illi
1254 3941 1386 4014 eisdem
1402 3935 1533 4010 malum
1547 3956 1649 4006 omne
1670 3929 1893 4004 averruncari
1911 3949 2025 4022 posse.
2045 3926 2190 3999 Decimo
2203 3924 2319 3996 tertio

691 4066 765 4139 lral.
805 4091 877 4163 sep.
918 4067 1108 4140 secundum
1146 4088 1221 4139 rem
1253 4065 1428 4149 divinam,
1460 4060 1623 4157 privatim
1654 4059 1691 4128 in
1727 4053 1863 4126 aedibus
1897 4057 2098 4147 peractam,
2131 4071 2318 4145 proceres,

550 4263 553 4268 .
692 4192 802 4264 multo
829 4191 1082 4287 splendidoque
1108 4189 1226 4283 stipati
1256 4187 1437 4268 comitatu,
1454 4184 1613 4258 revisunt
1630 4180 1800 4273 legatum,
1815 4181 2040 4269 monentque,
2056 4193 2183 4246 vacare
2208 4194 2321 4244 suum

693 4315 900 4412 principem,
931 4313 1132 4410 expeditum
1156 4314 1202 4384 ad
1228 4309 1421 4384 faciendam
1446 4306 1577 4404 hospiti
1601 4299 1837 4386 audientiam
1866 4299 1952 4382 sive,
1983 4307 2021 4370 ut
2046 4295 2167 4393 phrasi
2188 4319 2322 4370 eorum

683 4435 817 4529 gentili
851 4443 1004 4519 utamur,
1031 4441 1242 4531 potestatem
1275 4433 1395 4529 legato
1430 4433 1521 4518 lieri,
1549 4427 1712 4502 veniendi
1746 4425 1792 4498 ad
1825 4423 2129 4498 serenissimorum
2166 4442 2322 4493 suorum

685 4563 799 4634 ‘Ducis
824 4531 1005 4635 oculorum
1032 4569 1269 4656 conspectum.
1304 4559 1436 4632 Omitto
1461 4555 1612 4630 civitatis
1639 4575 1681 4624 eo
1707 4550 1764 4622 die
1797 4547 2050 4629 celebritatem,
2076 4551 2322 4640 ornatumque

692 4685 873 4759 visendum
900 4706 1051 4757 omnem.
1085 4684 1165 4779 lpse
1190 4685 1318 4756 suain
1346 4682 1426 4754 aula
1453 4682 1534 4753 Dux
1557 4674 1757 4771 magnifice,
1784 4695 1827 4746 ac
1852 4693 1939 4744 sano
1971 4692 2035 4765 pro
2068 4674 2187 4742 suaet
2219 4689 2319 4762 pon-

690 4813 801 4887 tificia
826 4811 992 4906 Gregorii
1017 4819 1052 4885 et
1086 4812 1187 4906 regia
1217 4808 1388 4906 Stephani
1422 4805 1595 4900 dignitate
1619 4796 1846 4898 spectabilem
1870 4785 1909 4868 se
1934 4790 2069 4876 obtulit,
2101 4813 2143 4865 ac
2165 4813 2320 4866 sereno·

692 4962 769 5012 rum
788 4937 850 5010 illo
868 4943 1055 5030 conspectu
1082 4934 1262 5008 oculorum
1288 4934 1526 5028 dignatusest
1550 4935 1727 5001 oratorem
1748 4926 1786 4998 in
1811 4927 1936 4996 senatu
1960 4919 2254 5016 frequentissimo.

739 5050 866 5138 Hic'ad
884 5066 1108 5155 conspectum
1120 5059 1231 5153 legati
1244 5059 1401 5153 assurgit
1417 5063 1619 5132 senatorum
1644 5053 1790 5149 primus,
1811 5045 2026 5138 solemnique
2041 5043 2079 5115 in
2096 5041 2319 5137 accipiendis

688 5190 820 5287 legatis
845 5191 929 5272 ritu,
946 5185 1163 5262 contentiore
1184 5185 1291 5281 paulo
1309 5207 1418 5258 voce:
1442 5182 1594 5257 maxime
1618 5180 1794 5292 princeps,
1821 5171 1947 5266 inquit,
1975 5166 2150 5284 Antonius
2176 5165 2318 5240 Posse-
