4936 6658
634 749 635 752 ¹
657 719 719 787 402
1369 723 1604 790 deessemus,

707 909 751 982 P.
772 904 984 981 Franciscus
1013 904 1152 979 Sunner
1180 902 1320 978 nuntiat
1350 904 1521 978 cardinali
1549 907 1675 996 Hosio,
1694 903 1922 986 scholasticos
1948 915 2096 1010 juvenes
2118 915 2280 990 Kostkas

655 1020 780 1116 fugere
809 1017 1051 1113 Brunsberga,
1071 1021 1166 1089 metu
1191 1014 1414 1112 pestilentiae.
1435 1017 1580 1102 Suadet,
1596 1019 1758 1114 juvenes,
1780 1045 1867 1116 quos
1897 1024 2091 1120 sumptibus
2109 1030 2279 1104 0010000-

658 1131 786 1205 dinalis
816 1129 937 1216 aleret,
957 1128 1026 1203 alio
1058 1135 1160 1201 curet
1185 1128 1460 1203 transferendos.
1482 1129 1617 1202 Mentio
1648 1132 1822 1207 Bernardi
1852 1135 2028 1223 monachi,
2058 1139 2117 1233 qui
2147 1140 2278 1216 restitit

658 1242 912 1336 ansbergae,
932 1248 1012 1337 post
1027 1239 1161 1314 abitum
1179 1260 1321 1312 suorum
1340 1240 1524 1315 sodalium.

711 1353 815 1430 1567.
846 1353 889 1426 Ρ.
922 1351 1161 1448 Hieronymus
1191 1350 1333 1424 Natalis
1367 1353 1464 1426 card.
1497 1351 1620 1426 Hosio.
1654 1354 1809 1428 Excusat
1842 1355 2044 1430 tarditatem
2077 1356 2277 1432 litterarum

657 1487 825 1540 suarum:
862 1463 1007 1560 negotia
1032 1461 1193 1560 quaedam
1210 1461 1432 1558 Augustam,
1457 1463 2150 1561 Ηο010100111000,801000010,1111001000
2182 1490 2276 1542 com-

656 1582 841 1651 memorat.

607 1755 614 1764 .
705 1692 749 1766 P.
769 1692 928 1766 1000000
955 1685 1112 1762 Polanus
1137 1686 1234 1759 card.
1255 1685 1403 1770 Hosium
1425 1693 1542 1781 rogat,
1561 1685 1652 1759 bens
1677 1685 1728 1757 nti
1758 1684 1930 1773 consulat,
1952 1685 2045 1781 quod
2071 1686 2116 1760 P.
2145 1687 2276 1762 Petrus

656 1801 758 1876 Phae
782 1799 1010 1892 Brunsbeiga
1027 1795 1249 1893 Herbipolim
1262 1799 1507 1874 transferatur.
1530 1798 1682 1871 Nuntiat
1695 1797 1906 1871 Torrensem
1933 1806 2116 1894 acceptum
2141 1819 2220 1872 esse
2237 1801 2275 1871 in

655 1913 876 1996 Societatem,
896 1930 1043 2004 eumque
1059 1907 1194 1980 laudat.

704 2023 845 2098 Cardin.
868 2021 1001 2094 Hosius
1017 2018 1209 2094 Benedicto
1232 2021 1421 2110 Herbest0,
1442 2022 1610 2118 cogitanti
1628 2027 1665 2096 et
1680 2023 1877 2096 consulenti
1899 2024 1942 2098 de
1954 2026 2134 2122 proposito
2152 2026 2217 2101 sibi
2237 2028 2278 2101 in

659 2136 836 2211 Societate
865 2134 950 2228 Ι01100
982 2132 1158 2205 100111010.
1174 2172 1223 2187 -
1242 2132 1341 2206 ldem
1369 2135 1414 2207 ad
1433 2135 1475 2207 P.
1498 2133 1685 2207 Polanum.
1719 2134 1897 2221 Queritnr,
1933 2135 2026 2231 quod
2046 2137 2090 2210 P.
2116 2137 2274 2226 Natalis,

653 2256 692 2322 01
709 2247 929 2343 Herbipolim
948 2251 1061 2327 emet,
1080 2244 1367 2342 Brunsbcrgensi
1386 2245 1544 2340 Collegio
1562 2245 1657 2317 viros
1675 2243 1821 2319 idoneos
1839 2245 2022 2320 subducat.

705 2361 809 2436 1568.
833 2357 938 2432 Gard.
960 2356 1093 2430 Hosius
1106 2357 1152 2428 ad
1165 2357 1271 2431 Joan.
1290 2358 1506 2432 Demetrium
1521 2354 1797 2439 Solikovskium,
1817 2357 2047 2431 secretarium
2063 2357 2212 2454 regium,
2228 2359 2278 2433 de

653 2470 799 2545 Merlini
823 2467 982 2541 haeretici
1007 2465 1213 2540 ferocitate:
1240 2466 1284 2541 de
1313 2467 1527 2555 Sebastiam,
1556 2467 1705 2542 satanici
1736 2468 1924 2564 praeconis,
1943 2468 2195 2567 blasphemiis:
2228 2471 2276 2547 de

651 2582 763 2657 Sociis
780 2580 945 2674 Elbingae
964 2599 1076 2676 nuper
1093 2578 1284 2654 0011000110.

703 2690 923 2788 sigismundi
955 2688 1111 2785 Augusti
1142 2691 1239 2786 regis
1271 2690 1318 2764 ad
1349 2689 1597 2785 Elbingcnses.
1631 2691 1739 2766 Jubet
1772 2693 2031 2778 Sebastianum,
2065 2692 2275 2768 haereticum

651 2805 862 2890 ministrum,
884 2825 928 2874 ex
944 2801 1031 2874 urbe
1051 2801 1141 2896 ejici.
1171 2802 1219 2875 Et
1234 2801 1346 2877 altera
1372 2802 1521 2898 epistola
1538 2802 1574 2874 iu
1591 2803 1696 2876 simili
1712 2812 1921 2899 argumento
1943 2827 2004 2878 00.
2028 2805 2134 2879 1569.
2163 2803 2271 2878 Card.

651 2917 785 2990 Hosius
800 2913 846 2988 ad
863 2914 907 2987 P.
928 2913 1036 2986 Laur.
1056 2913 1218 3009 Magium
1231 2914 1275 2987 de
1292 2915 1520 3003 Lutberanis,
1541 2914 1628 2989 actis
1652 2915 1940 3012 Elbingensibus,
1962 2915 2118 2990 Sanouia
2143 2915 2275 2988 00180-

651 3017 1037 3110 clesiamrerocauda.
1057 3027 1292 3124 -Ejusdem
1318 3028 1366 3102 ad
1394 3029 1436 3102 P.
1454 3029 1708 3114 Salmeronem,
1741 3027 1978 3124 gratulantem
2006 3026 2073 3100 sibi
2101 3027 2276 3102 cardinali

651 3143 696 3215 de
712 3161 856 3214 munere
873 3138 1127 3236 poenitentiarii
1148 3129 1315 3226 Romani,
1337 3139 1486 3236 00101010
1503 3140 1609 3236 plena
1625 3139 1843 3236 eutrapeliae.

704 3253 810 3327 1569.
832 3252 873 3326 Ρ.
894 3245 1061 3324 Laurent.
1078 3249 1224 3345 Magius
1237 3250 1282 3323 ad
1297 3250 1526 3326 Valerianum
1540 3252 1740 3350 episcopum
1752 3251 1967 3326 Vilnensem.
1982 3251 2276 3326 Benevolentiam

650 3367 816 3442 antistitis
832 3364 969 3438 laudat.
989 3364 1181 3460 Negotium
1209 3363 1253 3437 de
1271 3365 1393 3453 xSociis
1410 3365 1553 3439 Vilnam
1580 3364 1761 3439 mittendis
1786 3364 2110 3438 commendaturum
2139 3387 2178 3438 se
2208 3389 2276 3439 suo

648 3477 846 3578 Praeposito
864 3475 1029 3554 Generali
1046 3475 1241 3572 pollicetur.

701 3591 740 3665 S.
759 3587 940 3688 Francisoi
966 3587 1111 3683 Borgiee
1128 3585 1175 3658 ad
1192 3577 1420 3660 Valerianum
1439 3587 1546 3682 episc.
1567 3587 1664 3661 Vilu.
1685 3588 1890 3685 accipientis
1915 3589 2071 3666 oblatum
2088 3592 2219 3666 donum
2235 3592 2276 3666 in

652 3701 833 3778 condendo
850 3698 969 3772 Vilnae
983 3696 1168 3792 Collegio‘:
1189 3695 1348 3795 epistolae
1367 3697 1460 3770 duae.

703 3812 808 3886 1570.
830 3811 873 3884 Ρ.
907 3807 1052 3904 Magius
1074 3807 1231 3881 Martius
1258 3808 1436 3895 Cromero,
1465 3811 1634 3884 canonico
1664 3811 1879 3902 Varmiensi‚
1895 3823 2043 3904 narrat,
2072 3818 2279 3895 sevenisse

650 3921 885 3995 Pultoviam':
922 3919 967 3993 ab
1002 3917 1165 4016 episcopo
1197 3919 1362 3994 Vilnensi
1394 3921 1515 3993 vocari
1548 3922 1727 3996 Vilnam:
1765 3924 1863 3998 illinc
1895 3927 2131 4022 profecturum
2166 3955 2206 4005 se
2241 3932 2280 4005 in

650 4034 844 4108 Prussiam.
860 4073 908 4085 —
925 4030 1022 4104 Idem
1039 4031 1210 4105 cardinali
1227 4033 1338 4106 Hosio
1356 4032 1507 4119 nuntiat,
1527 4034 1774 4108 baereticorum
1792 4037 1974 4112 audaciam
1989 4038 2118 4138 frangi.
2135 4043 2282 4118 Laudat

611 4145 613 4152 ⁴
649 4144 852 4242 episcopum
869 4141 1074 4215 Vilnensem
1091 4142 1321 4218 Valerianum

698 4256 741 4330 P.
761 4252 963 4328 Everardu‘s
977 4253 1237 4336 Mercurianus.
1251 4257 1412 4358 Praepos.
1429 4259 1626 4352 Generalis,
1644 4263 1778 4360 gratias
1799 4264 1876 4361 agit
1889 4265 2052 4366 episcopo
2066 4262 2275 4353 Valeriano,

649 4366 827 4444 conditori
841 4364 990 4462 Collegii
1006 4365 1198 4440 Viluonsis.

1100 4612 1102 4616 ’
1184 4595 1274 4686 ΑΒ
1325 4595 1632 4690 [issum
1684 4602 1752 4694 ΙΙ.

682 4917 686 4925 .
702 4819 808 4896 1572.
833 4816 994 4915 Epistola
1016 4815 1114 4891 card.
1130 4815 1233 4889 Hosii
1246 4817 1292 4889 ad
1305 4817 1350 4890 P.
1367 4815 1538 4892 Laureut.
1559 4820 1739 4914 Magium.
1753 4822 1926 4900 Hortatur
1939 4825 2073 4916 Socios,
2092 4831 2278 4908 0001000

649 4921 811 5009 laborent
826 4933 864 5035 in
881 4932 1088 5006 revocandis
1099 4931 1147 5004 ad
1166 4930 1350 5004 ecclesiam
1363 4930 1575 5021 Saxonibus,
1591 4956 1696 5031 quam
1712 4937 1750 5011 in
1763 4940 2008 5014 convertendis
2022 4942 2131 5017 ludis.
2147 4944 2278 5019 Memi-

647 5049 700 5122 nit
717 5047 887 5133 Cromeri,
907 5047 960 5119 sui
973 5046 1010 5118 in
1028 5042 1216 5141 episcopali
1230 5065 1375 5120 munere
1393 5045 1618 5142 coadjutoris.
1631 5049 1685 5123 De
1698 5049 1834 5125 Davide
1847 5052 2024 5151 Chytraeo,
2041 5053 2274 5146 8010110110,

646 5161 937 5257 Elbingensibus,
958 5158 1107 5254 aliisque
1123 5155 1315 5230 haereticis.
