4930 6634
556 1485 1324 1554 MTUANIOARUM

782 1763 994 1825 SOClETdTlS
1014 1765 1100 1825 JESU

376 1992 1505 2192 HISTORIARUM

598 2337 845 2424 LIBER
909 2330 1306 2422 SEPTIMUS*

825 2588 1048 2672 (roaursao.)

838 2807 1030 2845 ’-·Μ·-·-
1167 2861 1171 2868 '

129 3332 297 3601 Gneus
315 3336 426 3409 regno
446 3314 605 3388 Poloniae
622 3321 773 3412 tempus,
790 3341 1009 3414 summaeque
1024 3341 1143 3394 rerum
1168 3318 1325 3406 civilium
1340 3320 1587 3410 decretorium,
1616 3325 1746 3398 coortis
1774 3253 1844 3401 162¹r

221 3438 383 3512 hostibus
400 3438 671 3514 valentissimis:
705 3443 788 3516 hinc
812 3452 966 3540 tyranno
996 3444 1193 3516 Turcarum
1223 3444 1418 3529 Osmanno‚
1440 3444 1536 3517 illino
1571 3445 1742 3531 (instato,
1772 3427 1908 3560 {galam

198 3566 393 3643 Suanorum
410 3565 511 3651 duee,
530 3570 719 3640 summan
744 3572 877 3665 pariter
901 3569 937 3640 in
956 3569 1109 3664 polonici
1127 3569 1319 3664 perniciem
1344 3569 1497 3642 nominis
1512 3569 1744 3646 incumbenti·
1771 3586 1919 3676 spadum-
2062 3577 2067 3586 '

125 3689 196 3762 bus.
218 3692 258 3762 ln
274 3690 517 3762 communibus
535 3692 738 3787 reipublicae
755 3693 921 3788 perieulis
938 3699 1071 3766 nostrae
1084 3715 1222 3788 quoque
1235 3693 1427 3787 provinciae
1441 3701 1476 3766 et
1489 3715 1547 3767 res
1565 3703 1600 3772 st
1612 3696 1744 3791 suppli
1770 3664 1875 3720 timum.

123 3817 275 3890 cationes
288 3821 324 3888 et
336 3821 420 3887 vota
437 3821 482 3900 et,
501 3817 593 3911 quod
611 3841 799 3902 summum,
816 3819 894 3911 pius
913 3815 957 3890 de
969 3815 1060 3890 ooelo
1073 3815 1190 3910 gentis
1217 3824 1378 3890 servator
1395 3840 1484 3903 suaa,
1504 3825 1625 3892 noster
1642 3819 1749 3894 divus

123 3937 316 4012 Stanislaus
342 3940 493 4026 Korna,
514 3940 630 4014 locum
660 3942 805 4016 habent.
826 3942 908 4014 Non
927 3941 1082 4013 alienum
1101 3963 1187 4034 ergo
1205 3940 1367 4014 instituto
1382 3951 1503 4021 nostro
1530 3942 1609 4028 orit,
1626 3942 1745 4040 aliqua

122 4063 234 4158 ntique
260 4064 616 4158 rerumpublicarum
645 4067 762 4162 capita
780 4066 886 4139 rebus
903 4065 960 4138 hio
977 4065 1108 4138 nostris
1122 4065 1357 4159 interponere.
1378 4064 1411 4138 A
1427 4087 1564 4159 nupera
1588 4065 1740 4142 Polono·

120 4207 191 4258 rum
208 4165 304 4282 apud
320 4187 487 4260 Ceuoram
504 4189 604 4262 clade
622 4190 831 4262 insolentior
848 4191 1062 4272 Osmannus‚
1076 4213 1139 4286 spe
1157 4191 1333 4262 universae
1348 4189 1507 4264 Puloniae
1525 4192 1742 4285 occupandae

119 4319 150 4381 et
166 4311 356 4407 cupiditate
392 4313 640 4400 inflammatus,
674 4316 865 4396 contractis
899 4315 945 4388 ad
975 4315 1236 4411 quadringenta
1254 4315 1365 4388 millia
1381 4315 1504 4410 copiis,
1526 4317 1741 4394 Polonorum

118 4434 317 4526 provinciis,
339 4458 427 4530 quas
452 4459 476 4508 a
492 4437 590 4533 Tyra
607 4438 652 4510 ad
678 4440 855 4513 Baltioum
872 4463 983 4533 usque
1001 4440 1074 4512 suis
1091 4439 1285 4534 praesidens
1303 4439 1552 4536 destinavisset
1568 4440 1737 4528 victoriis,

118 4557 332 4634 imminebat.
362 4561 385 4634 J
388 4584 442 4632 am
471 4563 586 4634 hostis
610 4585 720 4658 propa
738 4564 776 4636 in
805 4564 894 4650 acie,
916 4562 999 4637 dum
1015 4569 1194 4638 nostrates
1219 4564 1361 4638 interim
1395 4564 1594 4640 consultant
1609 4566 1684 4640 suis
1700 4568 1738 4640 in

116 4688 263 4760 comitiis
279 4688 465 4762 Varsaviae
483 4714 490 4760 :
512 4697 586 4762 tum
607 4690 748 4763 demum
765 4691 813 4773 hi,
830 4689 925 4763 unde
943 4690 1023 4784 cogi
1040 4691 1152 4785 possit
1169 4691 1344 4764 exereitus
1362 4697 1398 4769 et
1414 4689 1564 4786 adjungi
1589 4692 1736 4776 auxilia,

115 4815 184 4882 tum
202 4811 248 4886 de
266 4812 519 4886 committendo
536 4821 631 4886 certo
655 4813 734 4886 duoi
751 4839 889 4889 summa
913 4815 1000 4889 belli
1024 4815 1116 4888 inter
1142 4837 1181 4886 se
1197 4813 1417 4910 disceptant;
1450 4815 1543 4890 inter
1559 4815 1638 4890 huso
1655 4839 1738 4889 raro

115 4936 223 5007 nuntii
242 4935 337 5007 alins
364 4958 471 5031 super
504 4936 612 5008 alium
646 4938 774 5032 trepidi
809 4937 974 5023 afferunt,
989 4937 1066 5032 jam
1095 4937 1233 5009 hostem
1258 4937 1399 5022 adessa,
1432 4960 1581 5032 eumque
1607 4939 1741 5012 viribus
1787 5001 1788 5005 ,

114 5057 298 5134 immanem
317 5067 353 5133 et
378 5083 535 5134 numero.
559 5061 656 5156 Ergo
674 5062 802 5156 raptim
828 5061 1017 5136 contractis
1035 5062 1193 5156 equitum
1220 5069 1275 5136 tar
1300 5063 1401 5136 donis
1423 5063 1648 5159 peditumque
1661 5065 1737 5139 uni-

114 5204 209 5256 verse
229 5185 398 5270 millibus,
420 5186 617 5259 sustinendi
648 5187 821 5281 tantisper
837 5187 871 5258 in
891 5185 1019 5259 tinibus
1036 5186 1161 5270 hostis,
1183 5185 1266 5259 dum
1292 5209 1355 5262 rex
1373 5186 1461 5282 ipso,
1488 5188 1640 5282 justiore
1656 5211 1738 5262 oon·
