4936 6658
800 728 909 790 LIBER
931 724 1089 788 DECIMUS
1112 715 1323 800 (66666664).
1753 697 1815 766 395

187 915 433 1014 profundenda
457 938 536 989 cum
554 917 741 1012 sanguine,
766 913 957 990 sacerdotis
975 913 1096 1008 ntique
1114 907 1217 1004 copia
1236 903 1459 1000 spatiumque
1493 893 1638 970 daretur
1655 885 1810 984 aliquod,
1840 899 1905 956 1666

187 1065 258 1139 666
275 1041 384 1116 saluti
410 1041 519 1116 animi
546 1040 601 1113 sui
630 1064 694 1137 per
724 1040 956 1137 expiationem
982 1036 1187 1111 delictorum
1222 1030 1414 1104 moriturus
1447 1019 1659 1096 consuleret.
1691 1010 1814 1088 Adfuit

185 1167 350 1242 dolenter
380 1190 401 1240 6
432 1166 609 1240 Societate
643 1173 766 1240 nostra
790 1164 955 1238 sacerdos
984 1162 1019 1260 (ι)
1047 1183 1131 1233 6666
1166 1154 1328 1253 principi,
1358 1152 1434 1247 ejus
1471 1145 1606 1222 scilicet
1634 1139 1719 1226 filie,
1753 1135 1813 1233 qui

184 1291 300 1366 Sociis
317 1313 428 1388 nuper
450 1290 644 1365 Smolensci
661 1289 874 1364 domicilium
902 1283 1066 1359 munifice
1097 1281 1315 1362 condiderat,
1342 1268 1537 1349 Alexandri
1568 1263 1812 1341 Smolenscen·

183 1419 278 1492 cium
302 1416 462 1514 palatini.
483 1417 539 1489 Ab
563 1416 631 1489 hoc
661 1439 824 1512 supremo
851 1411 975 1485 salutis
1003 1405 1146 1503 negotio
1174 1403 1260 1486 dux,
1282 1398 1388 1473 animi
1411 1395 1551 1492 plenus,
1575 1387 1713 1488 qualem
1744 1385 1811 1482 ipsi

181 1540 269 1614 olim
294 1545 513 1638 spectassent
525 1538 562 1612 in
580 1540 669 1624 acie,
689 1538 807 1637 prodit
821 1536 860 1608 in
876 1536 1099 1627 conspectum
1118 1525 1391 1600 domesticorum
1409 1518 1578 1603 hostium,
1598 1520 1811 1610 paratosque

180 1666 229 1738 ad
244 1666 376 1740 caedem
392 1665 645 1761 imperturbato
665 1663 820 1737 obtuitus
833 1659 933 1733 vultu
950 1683 958 1731 :
978 1685 994 1718 κ
1016 1677 1061 1729 66
1079 1675 1160 1748 ego,
1177 1646 1457 1746 inquit,milites,
1474 1641 1546 1714 dux
1562 1659 1675 1733 nuper
1692 1640 1812 1708 vester

177 1821 199 1854 a
221 1797 258 1866 et
274 1791 475 1877 commilito,
497 1791 601 1865 hodie
617 1792 681 1865 irae
697 1790 809 1863 civilis
826 1787 980 1861 victima.
1002 1783 1128 1857 Certus
1160 1799 1238 1851 sum
1271 1771 1375 1847 mori.
1400 1769 1551 1844 Frustra
1578 1762 1657 1846 sim,
1677 1755 1810 1896 siquid

183 1947 203 1980 a
225 1941 289 1991 ros
304 1917 341 1990 id
364 1916 433 1991 loci
449 1917 583 2002 horter,
603 1924 664 1989 aut
681 1913 854 2012 postulem
871 1938 879 1986 :
899 1931 1013 2006 neque
1038 1905 1130 1980 enim
1149 1901 1286 1984 eadem,
1313 1919 1394 1993 quae
1421 1892 1505 1967 olim
1529 1888 1624 1986 apud
1641 1907 1704 1959 vos
1722 1881 1809 1954 mitn

183 2071 203 2103 «ι
225 2042 330 2115 fuerit
355 2042 435 2114 duci
460 2040 632 2116 adversus
656 2041 776 2113 hostes
807 2035 912 2112 cienti
930 2030 1054 2129 praelia
1072 2029 1109 2101 in
1135 2027 1226 2108 acie,
1246 2021 1353 2096 hodie
1380 2041 1456 2103 reo,
1476 2010 1628 2114 cupienti
1653 2026 1809 2105 purgare

183 2195 204 2227 u
227 2165 385 2252 crimina,
409 2189 499 2252 sors,
523 2164 686 2250 facultas,
712 2169 748 2236 et
765 2159 892 2258 gratia.
914 2159 1004 2231 Fato
1020 2156 1097 2252 jam
1115 2173 1184 2246 quo
1201 2146 1321 2222 nescio
1340 2140 1504 2237 experior
1521 2157 1614 2218 meo,
1632 2128 1809 2205 difficilius

182 2319 204 2352 a
226 2311 304 2362 esse
322 2289 501 2384 negotium
531 2313 610 2362 curn
626 2286 728 2359 iratis
745 2286 880 2360 civibus
904 2285 942 2357 in
969 2283 1060 2368 foro,
1082 2300 1188 2376 quarn
1211 2274 1298 2347 mihi
1327 2277 1362 2345 66
1377 2268 1478 2342 vobis
1495 2261 1685 2360 aliquando
1705 2256 1811 2332 fuerit

184 2444 205 2476 κ
227 2437 306 2488 666
334 2413 493 2487 hostibus
518 2415 555 2486 in
584 2412 673 2486 acie.
703 2411 795 2492 Quid
826 2433 938 2507 nuper
965 2409 1001 2480 in
1028 2403 1161 2499 campis
1191 2393 1363 2493 Lojoviae,
1392 2387 1575 2486 Mossyni,
1607 2379 1807 2466 Bobruisci‚

184 2570 205 2602 a
228 2538 394 2620 Pinsciae,
410 2538 509 2634 Irpii,
525 2538 703 2622 Dimirsci,
719 2535 978 2630 Bialocerquiee
995 2558 1003 2604 :
1020 2527 1103 2626 quid
1130 2522 1225 2620 apud
1250 2516 1465 2602 Pultoviam,
1487 2513 1653 2594 Cannam,
1670 2507 1807 2589 Birsos,

183 2691 203 2724 u
227 2661 372 2758 Rigam,
389 2662 613 2747 Parnaviam,
629 2660 859 2745 Volmariam,
877 2657 1134 2750 Romburgum,
1153 2645 1365 2726 Helmetum,
1383 2635 1612 2735 Oberpalum,
1628 2631 1807 2714 Felinum‚

182 2813 203 2846 a
228 2784 456 2870 Treidanum,
484 2785 568 2881 qnid
598 2785 683 2858 alibi
708 2784 876 2880 auspiciis
905 2782 993 2856 meis
1018 2801 1060 2852 ac
1086 2775 1193 2848 ductu
1220 2765 1399 2864 egeritis:
1429 2767 1576 2860 quantos
1601 2757 1807 2839 Suecorum,
1916 2779 1918 2784 ’

181 2935 203 2969 κ
227 2907 516 2994 Moscovitarum,
544 2909 877 3003 Brundeburgorum
896 2903 1118 3003 agitaveritis
1142 2894 1331 2977 exercitus,
1360 2890 1429 2963 hoc
1455 2887 1575 2982 utique
1591 2880 1711 2966 velim,
1731 2900 1809 2952 meo

181 3061 203 3095 κ
227 3041 386 3131 6666666
402 3034 643 3110 memineritis.
661 3035 794 3108 Subeat
811 3033 977 3118 animum,
997 3050 1132 3125 quaeso,
1150 3043 1272 3097 eorum
1298 3014 1482 3098 memoria,
1503 3034 1582 3108 quse
1607 3005 1811 3105 reipublicae

178 3190 201 3224 ιι
227 3161 343 3234 studio
361 3163 572 3259 susceperim
590 3162 806 3257 obierimque
824 3179 970 3231 munera
987 3179 1057 3228 non
1075 3147 1371 3248 industriagmodo
1389 3150 1425 3219 66
1440 3141 1577 3224 labore,
1597 3136 1660 3212 sed
1677 3137 1810 3232 impen-

177 3315 199 3348 ιι
225 3286 277 3358 sis
294 3286 399 3359 etiam
417 3289 504 3380 meis
534 3296 569 3362 et
594 3286 772 3384 periculis.
799 3283 891 3367 Quid
915 3307 988 3356 non
1019 3305 1086 3378 ego
1116 3281 1244 3378 patriae
1269 3278 1376 3374 hujus
1406 3279 1592 3366 vestraque
1618 3288 1726 3342 66666
1755 3263 1814 3340 vel

177 3441 199 3474 κ
227 3411 286 3508 egi
303 3410 415 3486 adbuc
431 3413 488 3487 vel
501 3412 655 3509 pertulit
670 3413 780 3486 Vobis
794 3409 940 3493 scilieet,
956 3407 1061 3503 idque
1077 3407 1113 3479 in
1131 3407 1199 3479 isto
1213 3402 1382 3498 temporis
1396 3399 1465 3473 mei
1481 3393 1643 3480 articulo,
1658 3413 1809 3477 narrem,

176 3565 198 3599 κ
228 3559 333 3632 qnam
355 3537 491 3610 obrem
519 3560 542 3610 a
568 3539 725 3612 Gustavo
746 3537 783 3609 in
809 3535 970 3610 Sneciam
999 3557 1063 3629 666
1093 3537 1232 3629 captivo
1262 3535 1431 3608 abductus
1454 3528 1558 3628 (quod
1576 3525 1710 3600 scilicet
1733 3548 1812 3598 cum

175 3689 198 3724 a
224 3659 464 3757 proditoribus
483 3662 691 3760 Samogitiae
717 3684 788 3736 non
808 3658 1067 3756 consenseram)
1084 3683 1172 3754 quos
1207 3657 1407 3757 perduelles
1431 3655 1477 3730 ab
1503 3652 1628 3729 eodem
1646 3653 1749 3726 hoste
1765 3651 1812 3724 ad

174 3817 197 3850 κ
224 3784 342 3882 patria
358 3795 474 3862 castra
502 3797 537 3862 et
562 3789 732 3885 obsequia
755 3785 979 3861 revocarim:
1009 3806 1079 3880 666
1107 3784 1296 3869 industria,
1317 3788 1517 3879 quantoque
1546 3801 1624 3852 666
1653 3777 1810 3874 periculo

173 3937 196 3972 ει
224 3907 418 3981 Succorum
436 3910 597 3996 consilia,
626 3911 669 3983 nd
694 3909 884 4006 perniciem
910 3908 1027 4004 gentis
1053 3914 1185 3983 nostrae
1217 3907 1494 4005 conspirantium
1523 3927 1602 3977 curn
1637 3903 1809 3990 Moschis,

173 4064 196 4099 a
224 4035 385 4129 captivus
419 4036 526 4110 etiam
559 4036 831 4110 disturbaverim
861 4061 869 4109 :
897 4043 1020 4131 captus
1049 4034 1188 4118 fraude,
1219 4036 1346 4130 quibus
1376 4030 1548 4137 custodiis
1582 4029 1806 4116 constrictus,

170 4189 194 4222 κ
221 4180 329 4254 6666
354 4183 590 4234 aerumnosam
620 4161 889 4258 quadriennium
918 4158 1144 4234 toleraverim
1175 4161 1285 4233 vitam
1307 4160 1343 4232 in
1370 4155 1581 4230 Moscovial
1606 4154 1714 4228 Tanti
1743 4153 1809 4228 ali-

170 4314 192 4348 «
220 4283 363 4378 quando
388 4284 563 4358 aestimata
580 4292 663 4358 snnt
681 4285 806 4359 merita
823 4290 945 4358 nostra
962 4285 1000 4356 in
1017 4284 1167 4358 comitiis
1185 4285 1312 4358 civium
1331 4281 1571 4380 generalibus,
1587 4286 1627 4354 ut
1642 4277 1807 4352 Moscho·

166 4439 190 4473 ιι
221 4431 303 4480 rum
321 4407 400 4482 duci
429 4431 560 4504 magno
591 4409 743 4505 quinque
772 4432 855 4482 suos
885 4409 1101 4484 exercituum
1129 4411 1249 4497 duces,
1279 4410 1381 4483 unius
1408 4408 1478 4482 mei
1503 4406 1635 4505 lytrum
1663 4403 1802 4500 capitis,

165 4565 189 4602 a
218 4533 451 4608 remittendos
481 4527 694 4610 censuerint.
728 4535 869 4610 Scilicet
895 4537 962 4609 hoc
985 4543 1087 4632 pacto
1115 4535 1265 4610 redemit
1294 4533 1542 4630 istud'patria,
1564 4538 1602 4604 nt
1626 4529 1732 4604 hodie
1759 4529 1805 4604 sit

163 4691 188 4725 a
220 4657 371 4746 civibus,
391 4659 511 4755 inquo
528 4658 779 4734 maleficiorum
793 4667 829 4733 et
844 4659 1073 4732 immanitatis
1086 4659 1239 4756 prodant
1256 4659 1352 4732 omni
1367 4656 1566 4754 posteritati
1583 4657 1802 4755 exempluml

166 4819 189 4853 a
219 4782 295 4859 Sed
311 4783 543 4886 concedamus
560 4784 716 4858 invidiae.
737 4785 838 4858 Nihil
855 4784 1025 4881 praeclare
1042 4784 1158 4862 adhuc
1173 4785 1377 4880 reipublicae
1394 4806 1502 4859 causa
1519 4782 1666 4880 egerim.
1688 4783 1803 4866 Quid'l

162 4944 185 4979 a
216 4911 388 4984 continuo
413 4933 459 4984 ne
484 4909 715 4984 trucidandus
746 4911 829 4997 dux,
857 4909 1049 5006 palatinus,
1070 4910 1158 4984 civis
1175 4918 1303 4996 vester,
1332 4910 1369 4983 in
1392 4911 1461 4984 ista
1485 4911 1665 4984 vobiscum
1688 4910 1806 5006 patria

161 5071 185 5104 a
216 5043 257 5111 et
287 5036 452 5110 libertate
478 5043 595 5123 natus,
624 5036 724 5131 isque
753 5033 884 5109 nullius
919 5035 1075 5109 criminis
1100 5036 1357 5111 condemnatus
1382 5035 1561 5133 legitimel
1589 5037 1683 5111 Nam
1709 5035 1806 5132 agite

214 5173 262 5253 (1)
286 5175 318 5236 P.
336 5175 450 5237 Samuel
464 5175 652 5251 Kuderovski,
669 5180 770 5250 postea
785 5181 879 5238 rector
893 5173 967 5242 Colt.
985 5174 1110 5250 Naevia,
1127 5181 1254 5238 mortuus
1278 5191 1325 5236 an.
1344 5176 1435 5249 6669,
1455 5177 1629 5247 86666666,
1642 5175 1733 5237 etatis
1753 5174 1803 5234 52.
