4896 6650
686 746 794 806 msuu
816 745 973 808 ruamus
994 748 1204 825 (reso-laco).
1744 745 1785 810 93

169 962 184 992 κ
203 932 315 1003 labem
327 931 442 1015 daret,
459 930 544 1002 data
560 929 666 1002 hodie
680 927 782 1001 venia
794 929 906 1022 genti,
922 937 958 1003 et
973 953 1086 1025 regno
1098 930 1250 1003 inimicae
1268 950 1333 1002 suo
1348 935 1383 1001 et
1405 928 1585 1002 Ecclesiae.
1612 927 1706 1001 Nam
1721 953 1783 1002 cur
1810 937 1871 992 1⁵81

170 1079 267 1128 enon
290 1057 415 1130 eadem
428 1057 508 1130 Dux
521 1065 604 1129 ante
623 1055 798 1138 Pontifici,
815 1077 920 1147 quam
945 1056 1015 1146 vim
1037 1055 1253 1128 Polonorum
1278 1053 1538 1149 persensisset?
1555 1053 1702 1126 Nullum
1719 1061 1783 1125 aut

169 1209 184 1239 ι
203 1201 271 1250 non
301 1179 506 1252 diuturnum
541 1179 660 1275 utique
686 1179 774 1250 illud
806 1182 997 1276 propositae
1022 1181 1205 1277 religionis
1238 1180 1392 1253 studium
1423 1203 1501 1253 esse
1531 1187 1661 1275 potest,
1689 1181 1782 1274 quod

169 1333 182 1362 κ
202 1313 324 1384 metus,
340 1327 413 1375 non
427 1303 504 1398 ipsa
518 1303 659 1399 pietatis
681 1303 785 1388 ratio,
807 1307 1031 1400 expresserit.
1058 1343 1074 1373 „

210 1425 332 1520 Neque
361 1450 436 1498 rem
465 1427 627 1520 cuiquam
660 1446 724 1497 rex
749 1428 902 1521 quidem,
929 1432 1079 1525 justitiae
1109 1429 1386 1502 studiosissimus
1417 1451 1567 1528 semper,
1614 1435 1777 1504 causatus

167 1549 277 1642 inique
296 1549 411 1623 videri
435 1556 591 1645 poterat3
613 1549 828 1622 Possevinus
845 1559 975 1639 tamen,
1001 1554 1095 1650 quod
1113 1555 1180 1627 sibi
1197 1554 1477 1628 commendatum
1501 1527 1590 1640 erat,
1618 1555 1778 1651 pluribus

167 1675 366 1746 tentandum
387 1683 496 1758 ratus,
519 1696 587 1768 quo
605 1672 755 1744 certiora
772 1667 815 1746 de
829 1676 985 1750 consiliis
1007 1677 1175 1751 Basilidis
1189 1703 1233 1750 ex
1246 1679 1449 1774 proceribus
1464 1680 1578 1775 regni,
1600 1679 1638 1752 in
1655 1680 1777 1775 primis

166 1820 204 1868 ex
220 1798 356 1871 Joanne
390 1796 598 1892 Zamoyskio
625 1797 728 1890 regni
759 1799 982 1887 cancellario,
1016 1807 1257 1896 cognosceret,
1286 1802 1446 1884 Dianam,
1466 1803 1511 1875 ad
1544 1803 1711 1898 oppidum
1734 1829 1776 1878 ea
1803 1791 1945 1944 {3⁸33

39 1943 40 1951 ’
166 1937 364 2025 tempestate
382 1929 566 2014 munitum,
583 1928 675 2000 inter
703 1929 843 1999 Dunam
866 1926 1076 2022 llisuamque
1093 1925 1239 1998 flumina
1256 1927 1375 2008 situm,
1401 1951 1443 1999 ex
1472 1927 1632 2022 reliquiis
1647 1927 1774 2002 dirutae
1803 1953 1944 2012 menam

1802 2047 1890 2100 regem
1907 2049 1953 2088 se-

166 2079 272 2153 nuper
296 2052 470 2127 aMoscis
500 2052 656 2125 Polociae
674 2052 864 2136 conditum,
882 2050 940 2122 ubi
958 2057 1033 2122 tum
1046 2051 1172 2123 Poloni
1195 2059 1311 2125 castra
1337 2055 1572 2140 metabantur,
1589 2079 1653 2151 per
1666 2055 1776 2129 multa
1805 2105 1904 2174 quitur.

166 2178 380 2250 incommoda
406 2199 485 2249 cum
513 2175 624 2248 Sociis
647 2181 787 2246 secutus
814 2180 868 2245 est
891 2173 1041 2266 Regem:
1077 2173 1157 2259 Hic,
1179 2175 1261 2246 dum
1290 2198 1313 2246 a
1334 2177 1431 2250 lluce
1449 2177 1652 2252 Moscorum
1670 2202 1774 2274 oppe-

166 2302 297 2373 riuntur
309 2299 443 2394 legato,
473 2321 539 2370 sua
555 2298 697 2370 interim
711 2297 805 2369 Socii
827 2295 863 2366 in
889 2295 1044 2367 exercitu
1071 2321 1217 2370 munera
1239 2307 1469 2394 exequuntur.
1497 2301 1623 2397 Neque
1646 2302 1773 2376 Posse·

39 2429 40 2450 l
165 2427 260 2497 vinus
272 2425 367 2498 inter
388 2447 449 2497 cos
464 2424 643 2497 cessabat:
660 2423 736 2517 ipse
749 2442 886 2516 quoque
898 2418 1008 2492 latine
1021 2421 1259 2507 concionatus,
1275 2443 1361 2515 rege
1374 2429 1563 2516 praesente,
1580 2431 1778 2501 castrenses

165 2549 206 2620 ad
222 2573 260 2623 ea
276 2550 501 2636 hortabatur,
528 2574 607 2645 quae
637 2549 673 2620 in
701 2570 752 2622 eo.
770 2547 952 2641 procinctu
972 2553 1009 2620 et
1037 2547 1172 2620 occasio
1186 2552 1222 2618 et
1241 2545 1356 2641 pietas
1368 2547 1517 2618 heroum
1540 2549 1770 2642 postularent.

39 2645 40 2658 ³
167 2673 299 2746 Interea
329 2696 412 2746 ecce
449 2672 514 2745 tibi
559 2695 581 2744 a
612 2671 793 2744 Moscovia
822 2669 944 2764 legati,
981 2692 1061 2742 cum
1087 2691 1215 2764 magno
1250 2668 1302 2740 illi
1334 2669 1532 2743 litterarum
1571 2672 1770 2764 volumine;

165 2798 258 2892 cujus
292 2797 436 2870 chartas
470 2796 724 2893 quinquaginta
757 2817 829 2867 non
862 2794 978 2866 minus
1011 2793 1118 2867 fuisse
1150 2795 1270 2889 ajunt;
1305 2795 1343 2866 in
1373 2793 1429 2867 his
1459 2796 1570 2869 multa
1602 2796 1776 2875 Basilides

39 2953 40 2966 κ
166 2921 315 3007 Polonis,
337 2921 399 2995 sed
417 2920 526 2994 verba
542 2926 694 3002 tantum,
715 2918 822 2992 dabat
843 2943 850 2990 :
870 2942 952 2991 nam
969 2920 1187 2992 conditiones
1203 2915 1301 3013 pacis
1319 2917 1512 2992 deteriores
1528 2920 1647 3005 etiam,
1670 2944 1774 3016 quam

165 3044 341 3119 obtulisset
371 3053 466 3130 ante,
499 3066 628 3138 easque
653 3042 778 3116 victori
805 3042 946 3116 omniuo
971 3041 1193 3138 rejiciendas,
1226 3042 1457 3138 proponebat.
1479 3045 1521 3116 In
1548 3045 1669 3138 primis
1698 3054 1776 3120 erat
1889 3093 1893 3101 -

165 3169 204 3241 de
220 3169 306 3242 urbe
326 3167 647 3241 Limnias-Nerua
675 3189 717 3239 ac
743 3167 926 3239 maritimis
952 3167 1027 3262 ejus
1056 3165 1246 3260 provinciae
1271 3165 1420 3262 oppidis,
1449 3190 1528 3262 quae
1555 3180 1770 3264 occupasset,

166 3291 366 3365 retinendis.
389 3269 574 3386 Sperabat,
603 3291 720 3375 credo,
743 3291 827 3375 dux,
848 3290 988 3386 cognito
1013 3312 1057 3363 ex
1074 3312 1137 3361 suo
1155 3288 1363 3384 Severigino
1388 3289 1595 3363 intomuntii
1618 3292 1771 3368 Romani
1800 3357 1912 3423 matio

39 3507 40 3512 Ἰ
166 3415 325 3497 adventu,
346 3437 409 3508 per
424 3435 517 3498 eum,
538 3436 618 3507 quae
634 3411 840 3505 postularet,
861 3435 899 3484 se
916 3413 962 3484 ab
986 3435 1073 3507 rege
1098 3413 1375 3505 impetraturum.
1405 3410 1473 3485 Hic
1496 3413 1573 3507 jam
1596 3412 1771 3490 Basilides
1800 3434 1950 3493 Musoniu-

1800 3527 1831 3566 cu
1846 3512 1933 3582 rejici·

165 3535 303 3609 Polonis
319 3537 481 3608 ludorum
498 3535 632 3607 affatim
648 3534 773 3607 fecisse
798 3535 916 3620 visus3
935 3536 1092 3631 rejicitur
1113 3535 1234 3630 itaque
1258 3557 1342 3624 cum
1360 3533 1434 3606 suis
1459 3535 1537 3613 istis
1564 3538 1770 3611 conditioni·
1799 3593 1852 3647 tur.

163 3659 222 3734 bus
248 3663 388 3758 legatus
408 3687 416 3734 :
438 3662 647 3734 abeuntibus
669 3659 863 3734 renuntiari
883 3662 986 3756 jubet
1010 3663 1152 3736 nomine
1173 3685 1237 3734 suo
1262 3683 1337 3745 rex,
1367 3660 1445 3755 jam
1470 3684 1508 3735 se
1534 3683 1579 3735 ne
1605 3663 1769 3736 universa

163 3785 298 3878 quidem
316 3787 460 3860 Livonia
479 3794 681 3860 contentum
696 3787 785 3859 sore.
1879 3883 1885 3896 1

207 3909 436 3984 Constitutam
455 3932 569 4006 nuper
586 3900 733 3983 subinde
749 3910 905 3982 revisens
930 3915 1129 3981 nostrorum
1155 3906 1310 3980 Polociae
1330 3906 1516 3992 coloniam,
1536 3908 1647 3986 accito
1665 3909 1773 3982 Vilna
1799 3881 1951 4019 ffloeffit·

162 4029 263 4104 Petro
290 4033 438 4130 Slrarga,
457 4034 527 4106 dici
545 4035 679 4130 nequit,
699 4040 832 4128 quanta
854 4032 1037 4128 diligentia
1054 4055 1127 4104 rem
1153 4031 1201 4103 ibi
1228 4029 1375 4124 Collegii
1401 4054 1538 4106 omnem
1567 4034 1768 4107 curaverit:

39 4207 40 4236 2
162 4153 330 4238 crederes,
350 4163 422 4228 tum
441 4156 636 4252 principem
651 4155 739 4228 nihil
766 4162 940 4251 praeterea
965 4153 1100 4249 negotii
1126 4154 1306 4227 habuisse.
1327 4153 1407 4238 Hic,
1428 4176 1472 4227 ex
1498 4153 1664 4228 univorsa
1689 4179 1770 4252 pro·

39 4287 40 4370 l
162 4275 269 4348 vincia
285 4273 423 4350 'civibus
439 4278 484 4351 ad
497 4277 593 4350 XIX
609 4277 748 4350 kalend.
767 4275 912 4352 sextiles·
932 4274 1142 4360 convocatis,
1157 4276 1218 4369 jus
1236 4272 1323 4346 dixit
1343 4299 1351 4346 :
1371 4280 1412 4346 ut
1428 4275 1459 4346 si
1475 4275 1558 4368 quid
1575 4277 1629 4350 rei
1645 4299 1720 4350 suae
1736 4279 1771 4350 in
1853 4313 1859 4326 ·

39 4501 40 4556 ³
160 4519 353 4616 unicuique,
374 4523 467 4617 quod
496 4547 598 4596 suum
630 4525 775 4618 quisque
802 4523 985 4618 probasset
1008 4521 1176 4616 legitime,
1201 4518 1341 4592 addicta
1368 4517 1443 4604 lite,
1471 4521 1671 4595 restitutum
1701 4525 1767 4610 iri;

160 4397 272 4470 lundis
291 4398 446 4494 Collegio
472 4400 650 4474 attributis
668 4401 852 4496 quisquam
876 4420 954 4472 esse
972 4398 1210 4481 contenderet,
1232 4417 1270 4468 se
1288 4418 1406 4468 coram
1424 4419 1575 4470 causam
1603 4398 1735 4474 diceret
1758 4427 1765 4472 :
1798 4419 1917 4555 Collegitt

1797 4515 1904 4556 teneura
1918 4542 1924 4554 .

158 4642 299 4740 reliqua,
331 4645 463 4740 quaein
481 4647 593 4732 nullo,
621 4648 689 4720 nisi
710 4648 747 4719 in
772 4647 872 4742 regio
896 4646 1039 4718 victoris
1060 4646 1175 4718 forent
1204 4641 1390 4737 mancipi0,
1405 4644 1481 4738 jam
1510 4667 1589 4718 esse
1610 4646 1767 4742 collegio

158 4768 332 4840 attributa.
353 4769 537 4842 Domicilio
556 4768 666 4841 Sociis
679 4769 845 4842 funduse
869 4767 1017 4862 regione
1039 4767 1132 4839 arcis
1157 4767 1203 4839 ad
1226 4766 1366 4838 Dunam
1394 4767 1506 4861 primo
1531 4769 1734 4863 assignatus
1757 4797 1764 4842 :

158 4889 290 4974 deinde,
324 4893 405 4987 quia
434 4899 578 4964 senatus
607 4892 642 4963 id
672 4914 743 4963 non
768 4892 934 4986 probaret
962 4915 970 4960 :
996 4889 1089 4984 quod
1116 4887 1364 4962 existimabant
1387 4887 1475 4974 fore,
1507 4897 1546 4966 ut
1575 4891 1720 4966 aedificia
1751 4917 1770 4980 e

157 5037 248 5084 muro
270 5024 487 5097 constructa,
510 5014 627 5108 qualia
651 5015 782 5086 habere
809 5014 939 5086 vellent
963 5013 1117 5108 hospites
1133 5013 1238 5098 Socii,
1259 5016 1333 5086 arci
1359 5018 1624 5109 propugnandae
1653 5019 1767 5092 office·

157 5147 240 5222 rent,
261 5139 470 5231 dareturque
486 5136 645 5208 hostibus
662 5135 884 5229 praesidium,
912 5137 1004 5209 unde
1027 5137 1094 5232 ipsi
1119 5139 1270 5228 adversa
1294 5139 1391 5212 urbis
1416 5142 1543 5218 moenia
1560 5144 1644 5218 tecti
1661 5168 1759 5218 secu-
