4896 6650
675 679 783 739 LIBER
803 676 993 738 SECUNDUS
1018 677 1228 752 (mvl-1580).
1574 751 1575 754 Ἴ
1746 675 1786 740 87

165 865 326 961 ponendo
344 863 486 950 fundus,
508 860 670 946 aedificia,
690 883 798 944 areae,
818 857 912 931 horti
939 855 1043 930 certis
1067 853 1195 928 finibus
1220 855 1476 931 describuntur.
1507 859 1591 931 Jam
1620 858 1694 932 suis
1725 880 1787 930 rex
1818 869 1882 926 1580

166 990 293 1064 tabulis
311 997 347 1063 et
372 1012 480 1088 agros
503 994 538 1061 et
555 986 658 1058 villas
685 992 719 1058 et
747 985 934 1058 latifundia
964 983 1121 1079 eollegio
1148 983 1415 1079 designaverat3
1451 992 1490 1057 ut
1520 1009 1563 1059 ea
1596 984 1790 1058 reddantur
1815 960 1948 1098 ffidefflo

165 1113 317 1208 integra,
337 1112 465 1187 litteris
490 1113 572 1185 inde
588 1134 652 1206 per
681 1111 900 1206 provinciam
925 1110 1091 1195 dimissis,
1112 1109 1207 1183 cives
1233 1112 1339 1184 etiam
1358 1121 1464 1208 atque
1491 1095 1788 1185 etiamhcrtatur.
1816 1118 1947 1208 domicilio

167 1238 360 1310 Commovit
396 1261 439 1310 ea
468 1235 633 1332 principis
665 1234 860 1308 liberalitas
894 1234 1053 1307 homiues
1087 1235 1239 1320 invidos,
1269 1209 1458 1311 haereticos
1477 1211 1643 1309 'maxime
1665 1241 1729 1307 :ut
1755 1234 1792 1306 in
1816 1211 1938 1331 fflgm'

166 1362 290 1434 castris
320 1368 396 1433 tum
421 1359 531 1456 regiis
558 1360 603 1432 ad
628 1359 740 1430 millia
762 1383 930 1454 passuum
956 1362 1077 1434 decem
1102 1362 1243 1436 circiter
1273 1364 1318 1436 ab
1348 1362 1475 1459 oppido
1503 1361 1647 1435 Polocia
1668 1360 1793 1457 positis

166 1485 412 1570 versabantur,
445 1506 653 1557 succensere
687 1485 837 1580 principi
870 1485 1057 1579 palamque
1089 1484 1242 1579 obloqui,
1275 1486 1309 1556 in
1346 1485 1468 1580 primis
1497 1484 1794 1581 prccancellarius

169 1611 357 1694 Lituaniae,
394 1611 666 1684 calvinianarum
698 1611 802 1684 homo
833 1614 986 1707 partium
1017 1613 1231 1697 studiosior;
1264 1641 1280 1673 a
1312 1613 1613 1707 protestabantur,
1648 1612 1794 1706 indigne

169 1762 185 1794 κ
206 1734 309 1829 quasi
342 1741 448 1829 atque
476 1735 646 1830 injuriose
671 1757 791 1829 regem
826 1759 935 1831 agere
971 1763 978 1808 :
1010 1761 1074 1833 per
1105 1759 1184 1809 eam
1211 1735 1396 1820 bonorum,
1434 1759 1513 1832 quae
1539 1736 1794 1809 Photianorum

169 1888 185 1917 κ
208 1867 329 1932 essent
363 1861 615 1933 monachorum
641 1859 796 1954 propria,
818 1860 1114 1938 abalienationem
1135 1862 1219 1957 jura
1249 1859 1395 1954 infringi
1412 1859 1528 1954 patria
1548 1885 1556 1932 :
1577 1857 1792 1944 tabularum,

168 2014 184 2044 α
208 1983 333 2080 quibus
352 2007 411 2058 res
429 2007 511 2057 suas
528 1985 681 2083 posteris
710 1991 832 2057 cautas
858 1989 1011 2082 majores
1037 1986 1244 2067 voluissent,
1272 1983 1349 2055 tolli
1379 1982 1600 2057 sanctitatem
1621 2009 1629 2055 :
1649 1983 1795 2057 liberta·

168 2143 184 2174 «
205 2122 277 2187 tem
294 2113 575 2209 religionumque
591 2111 829 2184 immunitates
858 2111 1018 2207 praecidi.
1051 2091 1199 2183 Coortos
1229 2108 1418 2188 admonere
1445 2098 1619 2205 princeps,
1634 2109 1796 2182 viderent
1828 2191 1829 2194 Ἴ

169 2267 185 2297 ⁸
206 2262 324 2335 porro,
346 2240 488 2312 detersa
514 2237 677 2333 caligine,
696 2260 803 2333 quam
830 2236 897 2309 sibi
912 2235 1108 2308 invidentia
1126 2233 1324 2307 offunderet
1348 2235 1451 2328 ipsa:
1473 2232 1597 2329 ecquid
1613 2257 1684 2306 non
1703 2233 1795 2329 aequi

126 2347 133 2360 ’
168 2393 184 2424 e
205 2363 358 2458 bonique
383 2363 420 2434 in
447 2385 488 2435 eo
515 2386 579 2435 suo
603 2363 695 2437 soret
719 2360 866 2434 consilio
891 2384 898 2429 :
921 2381 1003 2430 nam
1036 2365 1071 2430 et
1097 2359 1257 2431 coenobia
1287 2368 1322 2431 et
1347 2357 1484 2452 praedia
1512 2366 1547 2431 et
1571 2359 1703 2452 templa
1719 2381 1797 2453 pos-

169 2516 185 2546 ·
205 2486 366 2560 sederint
382 2510 468 2559 sane
485 2487 647 2559 homines
668 2509 781 2582 nuper
796 2482 886 2556 ritus
905 2480 1115 2566 Graecanici,
1136 2481 1192 2552 vel
1208 2481 1439 2554 inscientibus
1457 2480 1512 2553 vel
1531 2480 1796 2552 conniventibus

171 2637 187 2670 κ
208 2631 327 2682 rerum
346 2610 581 2703 praesidibuv;
605 2610 667 2706 jus
691 2617 809 2682 tamen
828 2612 936 2691 certe,
958 2605 1050 2700 quod
1068 2615 1195 2680 vocant
1210 2615 1432 2703 patronatus,
1449 2629 1557 2701 penes
1570 2629 1675 2700 reges
1693 2605 1797 2677 Polo-

170 2731 278 2803 «niae
304 2731 413 2804 fuisse
440 2756 604 2828 semper;
625 2739 730 2828 atque
760 2731 884 2804 eadem
909 2731 1063 2824 quidem,
1083 2754 1163 2826 quae
1188 2730 1255 2825 ipsi
1282 2755 1374 2802 nunc
1403 2730 1470 2802 sibi
1499 2731 1660 2803 certatim
1684 2727 1797 2799 vindi·

170 2862 342 2940 secarent,
375 2855 448 2928 suis
480 2857 588 2952 regiis
635 2879 712 2930 esse
753 2851 907 2929 consiliis
940 2859 1150 2946 recuperata
1187 2858 1223 2924 et
1254 2851 1375 2936 armis,
1414 2850 1539 2947 ecquid
1569 2875 1640 2925 non
1676 2873 1798 2924 eorum

169 3007 185 3036 ι
206 2977 349 3072 aliquis,
390 2980 510 3053 decem
545 2981 616 3053 illis
647 2989 682 3053 et
708 2987 841 3076 septem
876 2978 991 3062 annis,
1024 2977 1151 3072 quibus
1188 2974 1226 3046 in
1259 2981 1431 3069 potestate
1464 2974 1690 3047 Moschorum
1722 2983 1798 3047 erat
1900 2979 1909 3000 ⁹

170 3131 185 3160 u
208 3101 368 3190 Polocia,
390 3127 455 3177 sua
486 3105 645 3177 curiosus
676 3104 871 3200 repeteretl
901 3102 1135 3174 Facesserent
1160 3100 1295 3187 invidi;
1324 3100 1465 3174 adesset
1488 3101 1795 3196 prccancellarius,
1822 3116 1954 3173 Invidiam

124 3289 131 3300 .
168 3254 184 3284 s
206 3225 448 3322 scriptumque
467 3249 568 3300 suum
585 3229 724 3323 regium
749 3226 868 3323 sigillo
897 3225 1035 3322 publico
1062 3224 1305 3298 communiret.
1330 3260 1347 3291 n
1823 3198 1899 3255 sedat
1915 3212 1967 3252 '²¹'

211 3350 266 3422 Ec
302 3351 454 3446 denique
479 3353 752 3448 tergiversante,
787 3376 861 3437 rex,
897 3358 936 3422 ut
963 3350 1084 3445 gladic
1115 3349 1314 3422 succinctus
1344 3349 1474 3435 stabat,
1504 3350 1646 3424 admota
1671 3350 1797 3446 capulo

166 3472 342 3546 dextera:
367 3497 425 3561 en,
446 3476 571 3571 inquit,
590 3477 670 3562 nisi,
688 3476 783 3570 quod
808 3478 1033 3572 imperamus,
1055 3480 1211 3546 actutum
1237 3473 1320 3559 fiat;
1342 3473 1499 3568 sigillum
1524 3475 1625 3548 nobis
1650 3482 1795 3570 praesto.

169 3597 366 3669 Percussus
393 3621 435 3670 eo
460 3599 628 3694 principis
657 3598 749 3671 dicto
781 3597 1080 3694 prccancellarius
1111 3595 1262 3691 denique
1294 3579 1511 3691 obsequitur.
1533 3595 1661 3670 Oblata
1690 3599 1798 3670 Petro

169 3719 308 3815 Skarga
326 3719 528 3794 donationis
554 3723 666 3818 regiae
696 3723 943 3794 instrumenta.
964 3719 1066 3793 Arois
1097 3721 1264 3815 praefecto
1294 3721 1483 3793 Francisco
1512 3721 1590 3794 Zuk
1619 3722 1799 3815 negotium

169 3842 305 3928 datum,
325 3844 513 3917 fundorum
530 3867 785 3941 pagorumque‚
805 3867 894 3939 quos
912 3843 1070 3938 Collegio
1090 3843 1311 3916 attribuisset
1337 3866 1413 3927 rex,
1434 3845 1698 3939 possessoribus
1721 3846 1797 3940 jam

167 3989 263 4038 nunc
280 3968 452 4041 institutis
470 3970 763 4042 vindicandorum
782 3969 961 4042 continuo.
991 3967 1117 4062 Neque
1139 3967 1199 4040 ille
1220 3966 1361 4062 quidem
1379 3967 1493 4040 officio
1515 3990 1579 4040 suo
1597 3967 1720 4042 deesse
1736 3993 1797 4065 po·

166 4094 247 4176 tuit,
264 4093 320 4164 vir
337 4093 471 4166 scilicet
486 4095 670 4190 religionis
684 4095 869 4167 catholicae
881 4092 1180 4178 studiosissimus;
1201 4092 1276 4177 sed,
1297 4116 1376 4188 quae
1393 4093 1644 4179 reddebantur,
1662 4093 1799 4166 minora

169 4223 273 4288 eraut
290 4215 352 4287 illa
370 4218 512 4290 omnino
537 4217 717 4290 hominum
736 4216 895 4290 invidia:
916 4215 1039 4288 inculti
1058 4216 1118 4288 diu
1136 4238 1198 4312 per
1214 4214 1384 4287 tumultus
1401 4214 1547 4288 bellicos
1563 4215 1799 4311 virgultisque
1823 4252 1950 4308 vannius

169 4337 277 4410 obsiti
295 4341 426 4434 passim
444 4342 547 4436 agri:
568 4342 726 4436 inpagis
756 4341 880 4418 domus
907 4343 1040 4416 colonis
1065 4366 1212 4416 vacuae:
1233 4364 1378 4438 magna,
1399 4366 1538 4438 quoquo
1563 4350 1599 4416 te
1626 4350 1796 4427 verteres,
1823 4333 1974 4467 ffifffll·

168 4463 341 4537 solitudo.
362 4467 522 4546 Quatuor
540 4466 681 4538 omnino
700 4489 812 4539 annos
839 4493 883 4541 ex
912 4471 1006 4541 omni
1022 4470 1155 4542 rustica
1172 4491 1212 4540 re
1230 4492 1301 4540 non
1319 4476 1458 4563 poterat
1474 4470 1635 4564 exprimi,
1656 4492 1724 4565 quo
1742 4470 1799 4542 vel
1824 4507 1891 4545 rum.

168 4593 246 4660 tres
264 4589 360 4661 Socii
374 4595 548 4685 utcunque
561 4588 761 4676 alerentur3
780 4590 875 4662 domi
887 4615 944 4664 res
961 4591 1130 4664 vestiaria
1144 4590 1255 4675 nulla,
1276 4591 1374 4663 nulla
1391 4592 1534 4665 cibaria.
1557 4591 1703 4664 Interim
1720 4592 1802 4666 hinc

167 4710 271 4782 illinc
288 4712 545 4785 Photianorum
562 4714 690 4786 civium
707 4714 845 4785 malitia
863 4736 991 4808 graves
1011 4714 1124 4787 Sociis
1148 4713 1406 4787 exhibebantur
1422 4713 1607 4786 molestiae.
1624 4715 1665 4786 In
1683 4722 1803 4810 aperto
1863 4743 1866 4752 ·

165 4835 301 4906 litteris
327 4833 411 4907 ludo
437 4837 591 4932 quinque
608 4837 719 4932 primo
745 4860 818 4909 non
844 4835 998 4929 amplius
1022 4835 1299 4911 instituebantur
1318 4839 1491 4933 juvenes;
1510 4836 1630 4931 plures
1660 4836 1801 4923 deinde,
1830 4877 1929 4935 schola
1947 4893 1974 4931 „

168 4967 280 5054 atque
297 4959 391 5032 inter
408 4959 499 5033 alios
516 4961 628 5056 ipsius
644 4959 804 5056 palatini,
826 4966 861 5033 et
875 4958 960 5032 dicti
975 4959 1197 5032 Rutenorum
1211 4963 1367 5058 episcopi
1379 4962 1444 5034 filii
1460 4963 1497 5034 in
1517 4986 1597 5035 eum
1614 4985 1653 5035 se
1685 4985 1805 5037 nume·
1829 4963 1918 5027 parta.

169 5107 252 5157 rum
270 5093 526 5180 aggregarunt.
549 5086 752 5183 Magisterii
777 5085 924 5161 labores
942 5088 1077 5183 primus
1103 5094 1216 5161 morte
1241 5089 1373 5184 optima
1402 5095 1437 5160 et
1466 5088 1644 5162 ineuntem
1674 5111 1805 5162 annum
