4948 6654
741 827 849 888 LIBER
871 827 1033 899 QUINTUS
1055 825 1267 905 (1600-1110).
1710 823 1771 894 217

30 1019 31 1038 ’
142 1023 246 1090 venta
272 1015 445 1110 magister
473 1015 607 1088 ordinis
633 1013 801 1088 Claudius
818 963 1004 1110 Aquabiva
1029 1013 1260 1090 confirmarit.
1282 1013 1481 1096 Lituanicae
1509 1014 1642 1110 primus
1659 1015 1770 1112 impo·
1797 1017 1864 1074 1618

145 1137 232 1210 11111
254 1135 389 1210 Paulus
417 1136 570 1224 Boksua,
608 1145 643 1211 et
668 1137 744 1233 ipse
775 1145 880 1232 gente
910 1137 1096 1222 Lituanus,
1130 1159 1242 1232 nuper
1277 1137 1442 1223 vicarius,
1481 1137 1609 1212 deinde
1635 1161 1770 1234 praeses
1794 1099 1897 1244 91ήῖξο

143 1259 379 1358 provincialis,
400 1282 493 1334 anno
514 1261 621 1336 1608.
642 1262 803 1356 Quinque
829 1269 865 1334 11
890 1260 1116 1356 septuaginta
1145 1259 1240 1332 Socii
1268 1259 1407 1332 Lituani
1433 1282 1542 1356 supra
1558 1261 1713 1334 ducenos
1731 1263 1769 1334 in
1795 1266 1942 1360 ortuense

144 1386 263 1460 decem
288 1384 432 1458 familiis
453 1386 712 1459 censebantur:
733 1387 851 1458 Vilnae
879 1387 916 1457 in
940 1385 1055 1456 tribus
1080 1382 1279 1468 domiciliis,
1300 1384 1554 1480 Brunsbergae,
1577 1386 1766 1470 Pultoviae,
1795 1361 1934 1485 prqqquie

145 1506 312 1592 Nesvisii,
334 1507 503 1593 Poloeiae,
520 1489 639 1602 Rigae,
655 1508 824 1604 Derpati;
845 1533 926 1583 mox
945 1509 1077 1594 Crosis,
1098 1509 1136 1580 in
1153 1507 1282 1602 oppido
1300 1507 1519 1602 Samogitiae,
1540 1509 1768 1606 abepiscopo
1794 1523 1834 1563 ⁰³·
1925 1509 1929 1518 '

144 1631 304 1704 dioecesis
334 1631 492 1726 ejusdem
517 1631 711 1705 Molcbiore
740 1631 903 1728 Gedroyc
932 1632 1002 1704 duo
1032 1639 1165 1727 patres,
1190 1630 1349 1703 Mathias
1376 1631 1518 1718 Galmin
1536 1640 1572 1706 11
1594 1634 1770 1706 Melchior
1796 1598 1887 1737 crosll

146 1753 357 1850 Dowgiello,
377 1755 635 1840 Vierzbolovio,
655 1755 786 1840 nescio,
803 1758 847 1830 de
860 1756 975 1852 prima
992 1756 1052 1828 illa
1069 1756 1221 1828 statione
1235 1756 1464 1850 temporaria,
1485 1780 1531 1829 au
1550 1757 1693 1832 aliunde
1712 1759 1772 1832 de·
1797 1760 1928 1894 Qum

30 1881 31 1886 ’
145 1884 251 1968 ducti,
269 1881 485 1955 domicilium
509 1883 552 1972 in,
573 1883 731 1955 aediculis
757 1882 804 1954 ad
822 1877 953 1953 curiale
968 1878 1138 1975 templum
1155 1879 1374 1953 collocarunt
1395 1904 1402 1952 :
1423 1879 1505 1954 inde
1530 1881 1589 1976 pio
1615 1883 1772 1957 antistite
1796 1915 1884 1970 statio.

30 2575 31 2586 ,
146 2501 294 2574 rioribus
312 2501 513 2596 angustior.
533 2501 683 2597 Direpta
694 2524 718 2573 1
731 2501 855 2576 Suecis
872 2501 1026 2583 civitate,
1042 2521 1185 2594 pessum
1197 2498 1303 2572 rebus
1318 2498 1411 2572 datis
1428 2501 1592 2574 omnibus
1606 2503 1770 2600 collegii,

146 2013 295 2092 mortuo,
312 2028 335 2078 1
352 2006 484 2079 vicario
510 2007 672 2080 dioecesis
690 2005 976 2079 administratore
997 2004 1045 2076 N.
1063 2003 1229 2076 Daulrsza
1245 2004 1423 2091 translati,
1439 2004 1485 2077 ad
1499 2004 1612 2078 aedem
1630 2007 1772 2081 Sanctae

148 2130 268 2205 Crucis
292 2129 489 2203 redditibus
505 2131 617 2225 ipsius
635 2129 789 2203 curionis
806 2128 1025 2202 habitarunt.
1047 2125 1214 2224 Supellex
1231 2126 1352 2222 templi
1370 2133 1406 2200 et
1432 2125 1570 2215 domus,
1590 2132 1772 2226 pertenuis

147 2255 219 2342 illa,
240 2253 341 2327 donis
359 2253 513 2349 episcopi
533 2254 740 2350 Samogitiae
757 2253 897 2326 Nicolai
916 2253 989 2325 Pac
1007 2261 1125 2324 11111.
1796 2239 1910 2386 nediu

191 2379 318 2473 Neque
335 2379 566 2474 Derpatensis
590 2377 738 2473 Collegii
756 2401 814 2450 res
832 2378 898 2451 suit
918 2377 1058 2473 ampla;
1074 2376 1158 2471 quin
1171 2376 1282 2449 multo
1299 2375 1407 2448 etiam
1424 2399 1531 2471 quam
1548 2378 1652 2451 annis
1668 2401 1771 2476 supe·
1798 2394 1921 2450 1111111-

1798 2478 1843 2548 qui
1854 2476 1924 2534 Socii

146 2625 291 2721 dilapsis
307 2623 434 2710 Sociis,
454 2625 580 2719 reliqui
608 2625 809 2698 sacerdotes
833 2625 903 2697 duo
921 2631 958 2697 et
974 2621 1155 2716 adjutores
1173 2622 1332 2706 totidem,
1354 2631 1490 2696 suaset
1509 2623 1577 2720 ipsi
1597 2625 1772 2701 deseruis-
1797 2556 1911 2690 livill?

146 2758 222 2824 sent
246 2749 461 2845 parietinas:
490 2749 561 2822 nisi
577 2749 673 2822 viros
693 2749 820 2845 pietas,
840 2754 944 2843 atque
972 2747 1082 2843 ipsius
1107 2746 1190 2820 boni
1206 2744 1317 2832 lucri;
1338 2745 1432 2841 quod
1450 2771 1557 2822 unum
1581 2751 1773 2826 exanimis
1801 2715 1906 2770 ὕψη

146 2875 284 2962 uirium,
317 2873 363 2946 ab
395 2874 507 2948 hoste
528 2873 784 2970 perculsorum,
821 2878 857 2946 11
885 2872 1115 2956 latitantium,
1147 2869 1367 2966 militumque
1406 2895 1504 2969 aegro
1536 2873 1572 2946 iu
1606 2875 1773 2970 praesidio

146 2997 354 3073 barentium
372 2998 600 3084 offerebatur,
626 2997 791 3070 salutaris
812 2996 985 3091 cupiditas
1002 2995 1039 3068 in
1062 2994 1177 3068 officio
1199 2996 1381 3069 111111111.
1404 2995 1471 3070 Η11
1488 2997 1575 3092 ipsis
1592 3021 1775 3074 sacrorum

140 3111 326 3208 ministris,
347 3122 444 3196 nullo
462 3122 656 3196 incivitate
674 3122 877 3216 circumque
891 3121 1050 3214 adjutore
1067 3121 1152 3207 alio,
1168 3120 1422 3194 recreabantur
1440 3123 1541 3218 aegri,
1560 3123 1776 3198 curabantur

148 3247 285 3343 aegroti,
318 3245 520 3320 christianis
549 3245 846 3342 praeceptionibus
876 3244 1125 3319 imbuebantur
1159 3245 1279 3319 rudes.
1313 3245 1451 3318 Horum
1480 3247 1636 3341 ipsorum
1674 3271 1773 3333 cura,
1887 3273 1889 3278 ·

148 3379 276 3467 praeter
293 3377 514 3442 1111111111
530 3370 703 3464 corruptis
721 3370 877 3461 moribus
891 3372 938 3444 ad
951 3371 1079 3444 bonam
1093 3371 1255 3446 reductos
1268 3371 1418 3467 frugem,
1436 3377 1570 3468 septem
1584 3379 1619 3446 et
1633 3373 1772 3468 viginti,

149 3493 338 3590 repudiatis
366 3493 616 3566 hereticorum
635 3494 679 3566 de
706 3493 878 3589 religione
908 3495 1126 3580 commentis,
1156 3494 1327 3568 Ecclesiae
1355 3519 1394 3570 se
1424 3497 1665 3569 reddiderunt.
1697 3499 1776 3577 Qua
1799 3497 1802 3504 '

148 3619 320 3693 industria
339 3627 456 3713 patres
474 3640 554 3692 eam
576 3618 703 3691 civium
723 3618 791 3691 sibi
807 3618 1088 3693 benevolentiam
1113 3620 1358 3706 conciliarunt,
1378 3629 1418 3694 ut
1433 3620 1580 3718 perinde
1600 3622 1646 3695 ab
1663 3623 1774 3696 omni·

148 3740 210 3814 bus
227 3765 269 3814 ao
286 3747 449 3837 parentes
466 3741 511 3812 ab
530 3741 781 3814 amantissimis
799 3741 881 3814 filiis
904 3743 1133 3816 haberentur.
1854 3788 1887 3841 29

190 3863 433 3958 Brunsbergae
468 3871 541 3937 tres
574 3865 641 3936 viri
671 3865 840 3937 memoria
870 3867 970 3961 digni
1000 3867 1046 3938 de
1075 3863 1233 3960 Collegio
1273 3867 1407 3939 amissi.
1450 3867 1593 3940 Primus
1628 3867 1770 3941 illorum
1799 3869 1946 3960 PP3J¹1¹¹s2

146 3989 184 4060 P.
209 3987 386 4080 Georgius
403 3986 516 4081 dung,
536 3987 588 4059 rei
608 3988 834 4062 oeconomicae
851 4010 965 4062 annos
984 4012 1092 4085 prope
1110 3989 1237 4084 viginti
1257 3989 1482 4074 Procurator,
1503 3991 1558 4062 vir
1574 3990 1768 4064 industrius
1796 3953 1948 4083 gogicum

145 4119 178 4184 et
206 4109 348 4182 virtutis
379 4109 546 4204 egregiae.
582 4111 711 4186 Morbo
743 4113 910 4206 graviore
941 4135 1051 4207 aeger,
1089 4110 1247 4183 mutandi
1278 4110 1359 4183 coeli
1389 4133 1498 4184 causa
1529 4112 1769 4186 eGedanensi
1797 4107 1936 4161 N⁰⁰¹¹¹⁸¹¹¹¹

145 4235 318 4310 domicilio
335 4235 604 4331 Brunsbergam
621 4260 661 4310 se
678 4239 887 4314 contulerat.
909 4239 1123 4314 valetudine
1141 4239 1199 4310 hic
1219 4261 1357 4333 quoque
1377 4237 1488 4311 nihilo
1507 4237 1654 4312 meliore
1670 4264 1769 4327 usus,
1797 4189 1945 4340 {gillebe-

144 4359 238 4432 lenia
257 4369 483 4454 consumptus
500 4361 596 4445 tabe,
613 4362 705 4435 diem
725 4385 826 4435 suum
844 4365 930 4436 obiit
947 4390 955 4449 ;
984 4363 1089 4436 editis
1114 4362 1314 4457 insignibus
1345 4361 1526 4456 patientiae
1557 4368 1592 4434 et
1621 4363 1772 4437 aliarum

147 4483 545 4560 virtutum'documentis
564 4512 571 4560 :
593 4488 698 4572 11111,
720 4489 761 4560 Ρ.
788 4489 909 4562 Simon
931 4488 1083 4573 Annius,
1106 4510 1221 4559 annos
1246 4487 1374 4581 viginti
1402 4485 1553 4581 amplius
1584 4488 1771 4563 rhetoricae

145 4609 329 4702 magister,
346 4607 508 4681 doctrina
525 4617 562 4684 et
579 4610 766 4705 diligentie
783 4619 972 4708 praestans.
995 4611 1082 4684 Cum
1099 4612 1145 4682 ad
1162 4632 1262 4682 aram
1292 4611 1404 4683 saeris
1432 4619 1652 4704 operaretur,
1682 4613 1772 4686 ictus

145 4730 341 4826 apoplexia,
385 4730 530 4804 interiit.
572 4732 709 4805 Eodem
743 4733 838 4807 malo
869 4733 1062 4807 dissolutus
1096 4733 1256 4806 loannes
1290 4732 1398 4816 Hein,
1440 4733 1560 4805 inre
1606 4733 1772 4808 familiari

145 4854 325 4928 Sociorum
354 4853 510 4951 adjutor,
544 4857 689 4951 ingenio
722 4858 776 4928 vir
806 4858 1005 4940 mitissimo,
1038 4857 1301 4930 amantissimus
1332 4856 1463 4929 silentii
1479 4865 1529 4930 ·et
1560 4859 1685 4952 pacis;
1716 4861 1775 4954 qui

148 5003 190 5052 ne
214 4980 326 5053 verbo
359 4980 499 5074 quidem
531 4979 641 5053 ullum
684 4980 828 5054 violarit
872 5003 1047 5074 unquam:
1091 4980 1274 5052 hortorum
1326 4977 1598 5052 domesticorum
1644 4980 1774 5054 multos

151 5127 263 5178 annos
292 5103 406 5178 cultor
430 5104 652 5178 industrius:
692 5103 844 5178 instituti
877 5103 1036 5198 religiosi
1083 5101 1425 5176 observantissimus.
1478 5102 1546 5175 His
1592 5103 1775 5197 appositus

146 5230 199 5302 vir
229 5229 428 5305 consularis
456 5228 616 5304 Michael
643 5215 893 5314 Noumannus,
922 5228 967 5300 de
996 5225 1156 5321 Collegio
1186 5224 1473 5321 Brunsbergeusi
1498 5224 1771 5309 benemeritus,

1611 5345 1644 5400 aa
