4930 6634
648 811 709 879 258
1048 806 1324 868 LlTUANlCARUM
1347 807 1561 869 SOCIETATIS
1581 808 1669 870 Jnsu
1691 807 1944 870 fflsroslasuu

481 1034 545 1090 1620
652 1027 768 1089 suum,
799 1001 902 1095 quasi
931 998 1019 1071 illud
1043 999 1224 1072 heroicum
1246 1007 1394 1085 amaret,
1425 1000 1560 1094 totique
1589 998 1788 1095 posteritati
1817 1004 1956 1093 putaret
1984 993 2271 1070 commendabile.

652 1129 823 1201 Triduum
840 1124 999 1220 quaesitis
1019 1124 1180 1196 omnibus
1207 1123 1254 1194 ad
1283 1124 1433 1196 salutem
1450 1124 1517 1196 viis
1541 1130 1744 1219 oppugnata
1770 1145 1793 1193 a
1819 1121 1931 1194 Sociis
1955 1119 2120 1193 scelerati
2136 1118 2277 1190 insania

652 1252 815 1349 pertinax
839 1248 968 1321 rationi
994 1247 1145 1342 denique
1170 1249 1356 1321 concessit.
1384 1249 1545 1320 Tandem
1570 1247 1761 1343 aliquando
1791 1245 1947 1317 criminis
1975 1251 2167 1325 auctorem,
2201 1243 2276 1314 sive

653 1374 892 1470 impulsorem,
913 1394 984 1443 non
997 1371 1072 1466 jam
1091 1371 1203 1468 (quod
1220 1373 1337 1444 animo
1363 1372 1601 1468 persuadebat
1624 1394 1687 1444 suo
1714 1370 1913 1444 edoctrina
1939 1366 2077 1441 Calvisi
2103 1366 2147 1439 dc
2172 1388 2280 1438 causa

652 1505 876 1595 peccatorum
905 1495 1059 1590 efficace)
1085 1495 1209 1579 Deum,
1226 1496 1290 1597 sed
1318 1495 1448 1568 malum
1478 1496 1621 1568 omnino
1648 1494 1843 1567 daemonem
1870 1514 2038 1586 suamque
2056 1511 2201 1585 pravam
2219 1511 2279 1561 vo·

651 1622 820 1694 luntatem
847 1615 925 1692 esse
941 1618 1130 1702 intellexit,
1146 1619 1251 1712 idque
1270 1620 1391 1692 sanior
1408 1619 1624 1705 affirmabat;
1641 1642 1679 1692 se
1697 1625 1886 1713 propterea
1905 1617 1982 1712 ipse
1999 1613 2276 1696 condemnabat;

656 1739 829 1840 probabat
854 1745 1046 1825 decretum,
1078 1743 1263 1840 leniusque
1292 1744 1430 1826 dicebat
1456 1768 1533 1818 esse
1564 1767 1627 1816 suo
1658 1743 1783 1816 merito
1815 1739 2036 1835 supplicium.
2053 1739 2195 1810 Violata
2220 1759 2283 1833 per

655 1870 800 1952 caedem,
826 1868 1014 1962 clausaque
1039 1868 1227 1940 interdicto
1257 1868 1453 1964 collegiata
1481 1868 1643 1952 ecclesia,
1666 1875 1829 1940 ornatum
1854 1865 2065 1938 festinanter
2086 1863 2284 1974 proximum

655 1992 841 2066 Societatis
874 1990 1056 2086 templum,
1093 2003 1323 2087 apertumque
1367 1993 1502 2066 monitu
1541 1993 1654 2087 regio,
1685 1991 1849 2084 deinceps
1882 1988 2041 2084 exemplo
2082 1987 2178 2080 regis
2214 1985 2282 2058 fre·

656 2117 819 2212 quentari
848 2114 1027 2210 coepit(1).
1605 2108 1616 2216 ,¹

541 2247 576 2337 46
704 2221 945 2312 prutenorum
961 2237 1035 2310 sive
1049 2238 1287 2309 Borussorum
1305 2237 1478 2331 princeps,
1500 2236 1810 2330 Brandeburgicus
1823 2235 1966 2322 elector,
1983 2257 2151 2330 magnam
2170 2236 2284 2309 Sociis

483 2323 602 2458 Ξίᾒζω
659 2364 789 2436 nostris
809 2363 1077 2435 Varmiensibus
1105 2361 1296 2432 voluntatis
1324 2383 1398 2432 suae
1422 2359 1690 2434 admirationem
1717 2342 1838 2443 movit,
1859 2361 2061 2455 pariterque
2080 2383 2176 2456 spem
2202 2359 2287 2434 fecit

486 2484 590 2575 3⁰9ssss
659 2487 871 2583 recipiendae
896 2486 933 2557 in
955 2485 1148 2570 Prussiam,
1171 2484 1328 2580 jamdiu
1358 2483 1483 2568 exulis
1517 2483 1701 2578 religionis
1732 2482 1944 2555 catholicae:
1967 2505 2061 2568 nam,
2087 2506 2175 2577 quos
2201 2493 2287 2558 ante

366 2679 369 2685 ⁴
484 2577 615 2696 ffissffae
660 2610 719 2682 vix
748 2609 822 2705 pati
838 2616 978 2704 poterat
1002 2608 1226 2680 considentes
1252 2607 1290 2678 in
1311 2607 1427 2680 vicina
1451 2631 1525 2680 suae
1547 2588 1739 2702 provinciae
1756 2607 1914 2692 Varmia,
1939 2606 1999 2678 ille
2016 2608 2174 2680 Jesuitas
2197 2607 2287 2679 invi-

485 2735 636 2852 ffiffi
660 2733 748 2805 tavit
765 2733 908 2805 tandem
933 2732 1222 2827 Regiomontum,
1251 2731 1366 2802 missis
1393 2730 1498 2802 etiam
1524 2731 1684 2804 curribus
1711 2731 1784 2804 suis
1808 2729 2088 2824 Brunsbergam.
2110 2729 2289 2804 Advectos

485 2875 550 2930 mia
661 2857 796 2951 accepit
822 2857 973 2950 benigne
1004 2862 1108 2949 atque
1138 2854 1346 2927 honorifice.
1369 2854 1484 2948 Atqui·
1504 2854 1574 2926 alio
1597 2855 1775 2950 spectabat
1805 2877 1847 2926 ea
1870 2853 2037 2948 principis
2065 2855 2286 2942 humanitas;

661 2981 707 3054 ad
726 2980 959 3075 profitendam
979 2983 1111 3055 scilicet
1128 2983 1459 3053 voluntatemsuam
1481 2978 1601 3072 legato
1622 2977 1850 3064 Polonorum,
1871 2977 2055 3072 languenti
2073 2979 2169 3073 apud
2189 3003 2227 3052 se
2246 3005 2292 3055 ex

660 3128 756 3178 casu.
779 3104 1024 3200 Spectaculum
1043 3107 1080 3177 in
1097 3103 1351 3197 theriotrophio
1377 3105 1597 3178 venatorium
1631 3105 1751 3198 legato
1788 3105 1894 3177 dabat
1924 3105 2113 3178 Borussus.
2137 3106 2292 3201 Figebat

662 3231 783 3324 etipse
796 3230 890 3302 seras
908 3229 1026 3302 alacer
1048 3254 1055 3300 :
1077 3229 1168 3302 iuter
1186 3251 1247 3300 eas
1266 3227 1373 3300 aloem
1389 3229 1540 3302 mediam
1558 3229 1609 3300 sic
1630 3229 1762 3322 trajicit
1785 3237 1824 3300 ut
1841 3229 1966 3302 eadem
1984 3229 2115 3324 glande
2132 3229 2286 3325 legatae,

660 3377 704 3426 ex
726 3353 878 3427 adversa
898 3361 1061 3449 spectans
1079 3375 1198 3438 scena,
1219 3353 1435 3425 vulneretur.
1468 3353 1561 3430 Casu
1586 3354 1725 3426 tametsi
1752 3354 1894 3427 minime
1918 3354 2131 3439 voluntario,
2153 3363 2290 3428 conter-

659 3479 747 3552 ritus
765 3479 941 3574 princeps,
963 3476 1151 3570 evestigio
1169 3476 1215 3548 ad
1233 3477 1403 3562 saucium,
1424 3479 1564 3550 veniam
1579 3486 1678 3550 orat:
1700 3477 1835 3550 solatur
1857 3505 1864 3552 :
1884 3477 2113 3575 languentem
2141 3481 2230 3576 apud
2249 3503 2290 3552 se

661 3610 759 3676 curat
786 3602 988 3696 diligenter.
1022 3603 1119 3674 Inter
1142 3601 1220 3674 haec
1245 3609 1364 3674 monet
1390 3610 1563 3687 amanter,
1584 3603 1615 3674 si
1640 3603 1721 3697 quid
1748 3625 1771 3674 a
1797 3626 1835 3678 se
1858 3605 2066 3697 postularet,
2094 3604 2229 3701 prolixo
2250 3627 2290 3678 se

663 3724 848 3797 iacturum.
870 3725 927 3797 Ad
948 3725 1026 3796 haec
1044 3747 1143 3818 aeger
1164 3750 1172 3796 :
1193 3733 1376 3828 pergrata,
1391 3725 1517 3819 inquit,
1542 3725 1610 3797 ista
1631 3727 1731 3811 mihi,
1752 3727 1928 3823 princeps,
1950 3715 2038 3823 erga
2051 3751 2107 3800 me
2124 3727 2288 3800 voluntas

662 3857 743 3933 tua;
764 3848 810 3920 ad
824 3847 1001 3920 cumulum
1023 3871 1129 3942 porro
1143 3856 1283 3920 tuorum
1297 3849 1333 3920 in
1351 3871 1406 3922 me
1425 3849 1673 3922 beneficiorum
1691 3850 1840 3945 perutile
1853 3851 1937 3922 mihi
1956 3835 2083 3924 munus
2101 3851 2286 3946 adjeceris,

665 3971 694 4044 si
715 3972 856 4066 oppido,
874 3993 1081 4065 quocunque
1102 3971 1176 4056 illo,
1197 3973 1356 4066 proximo
1382 3974 1613 4056 sacerdotem,
1630 3997 1778 4067 eumque
1795 3975 1817 4046 J
1821 3975 1983 4057 esuitam,
2004 3976 2051 4047 ad
2068 3975 2290 4048 tractandum

664 4119 781 4168 secum
804 4095 929 4168 salutis
948 4119 1038 4169 meae
1056 4096 1237 4190 negotium
1249 4096 1401 4191 jusseris
1421 4098 1565 4170 accersi.
1588 4097 1687 4169 Nihil
1706 4121 1828 4171 morae.
1844 4100 1923 4171 Duo
1946 4123 1966 4172 e
1985 4099 2134 4194 collegio
2154 4099 2290 4172 Bruns-

664 4219 830 4313 bergensi
858 4219 985 4291 Patres
1014 4218 1180 4292 adducti:
1206 4219 1393 4316 benignius
1421 4246 1483 4318 spe
1506 4244 1615 4295 suaa
1641 4224 1799 4319 principe
1825 4226 1959 4320 accepti
1982 4250 2024 4299 ac
2051 4226 2179 4299 deinde
2208 4232 2291 4298 sunt

489 4389 494 4404 ·
665 4344 790 4417 habiti.
817 4344 1017 4416 Secundum
1044 4367 1147 4416 curas
1173 4367 1271 4438 aegro
1298 4346 1489 4441 impensas,
1518 4347 1714 4442 vigilabant
1738 4349 1865 4422 intenti
1889 4351 1927 4422 in
1952 4351 2172 4423 occasionem
2200 4350 2290 4422 lucri

493 4421 602 4556 ξὲζξὶο
666 4467 830 4539 salutaris
848 4468 885 4540 in
904 4466 987 4538 aula
1005 4467 1183 4562 principis·
1200 4469 1369 4542 haeretica
1385 4471 1556 4557 faciendi;
1577 4495 1657 4545 ecce
1670 4496 1755 4546 vero
1778 4473 1869 4547 hanc
1888 4476 1962 4570 ipse
1980 4476 2141 4570 princeps
2163 4472 2288 4560 offert;

493 4579 642 4712 ξξζξώξζθ
668 4591 799 4663 coactis
818 4591 855 4662 in
876 4591 1047 4686 palatium
1074 4591 1370 4686 Regiomontanae
1397 4617 1472 4666 suae
1498 4596 1689 4668 academiae
1706 4597 1828 4691 primis
1854 4599 2044 4693 magistris,
2073 4596 2292 4692 praemonitis

494 4737 631 4807 Religionc
666 4713 737 4786 illis
756 4723 861 4807 atque
879 4715 924 4786 ad
938 4723 1114 4787 certamen
1130 4716 1321 4789 instructis.
1341 4719 1531 4792 Provocati
1548 4720 1859 4814 Brunsbergenses
1878 4721 2047 4794 adversus
2061 4721 2291 4816 praesidentes

493 4831 563 4871 *ω’
667 4839 754 4911 istos
780 4839 920 4934 pugiles
936 4839 1161 4910 descendunt
1188 4839 1325 4912 alacres
1359 4842 1396 4913 in
1422 4864 1579 4915 arenam.
1614 4844 1771 4939 Objectae
1799 4845 2065 4918 lutheranorum
2090 4845 2288 4918 sententiae.

668 4961 893 5055 Disceptatur
918 4959 955 5032 in
981 4969 1169 5056 conspectu
1193 4964 1361 5060 principis
1385 4972 1420 5037 et
1445 4966 1643 5061 frequentia
1664 4991 1847 5062 procerum
1878 4969 2084 5042 aulicorum.
2113 4968 2292 5062 Repetitae

667 5109 730 5181 per
756 5109 816 5159 eos
841 5085 917 5158 dies
944 5086 1129 5181 aliquoties
1155 5090 1418 5174 controversiae,
1440 5091 1503 5162 sed
1519 5092 1633 5164 fructu
1660 5091 1779 5177 nullo;
1799 5093 1986 5179 haereticis,
2007 5093 2100 5188 quod
2126 5093 2211 5187 ipsis
2229 5115 2286 5165 so-

708 5220 750 5299 (1)
771 5221 912 5286 Varsaviae
933 5231 1061 5300 apertum
1081 5229 1212 5300 ternplum
1235 5229 1335 5286 domus
1358 5233 1476 5286 nostra.
