<?xml version="1.0" encoding="UTF-8"?>
<!DOCTYPE html PUBLIC "-//W3C//DTD XHTML 1.0 Transitional//EN"
    "http://www.w3.org/TR/xhtml1/DTD/xhtml1-transitional.dtd">
<html xmlns="http://www.w3.org/1999/xhtml" xml:lang="en" lang="en">
 <head>
  <title>
</title>
<meta http-equiv="Content-Type" content="text/html;charset=utf-8" />
  <meta name='ocr-system' content='tesseract 3.04.00' />
  <meta name='ocr-capabilities' content='ocr_page ocr_carea ocr_par ocr_line ocrx_word'/>
</head>
<body>
  <div class='ocr_page' id='page_1' title='image "./lituanicarumsoc00rostgoog_0164.png"; bbox 0 0 4896 6650; ppageno 0'>
   <div class='ocr_carea' id='block_1_1' title="bbox 658 782 1758 866">
    <p class='ocr_par' dir='ltr' id='par_1_1' title="bbox 658 782 1758 866">
     <span class='ocr_line' id='line_1_1' title="bbox 658 782 1758 866; baseline 0.005 -22"><span class='ocrx_word' id='word_1_1' title='bbox 658 785 766 845; x_wconf 80' lang='lat' dir='ltr'>uranu</span> <span class='ocrx_word' id='word_1_2' title='bbox 786 785 941 848; x_wconf 80' lang='lat' dir='ltr'>TERTIUS</span> <span class='ocrx_word' id='word_1_3' title='bbox 961 782 1174 866; x_wconf 74' lang='lat' dir='ltr'>(roeo-1590).</span> <span class='ocrx_word' id='word_1_4' title='bbox 1700 783 1758 850; x_wconf 78' lang='lat'>137</span> 
     </span>
    </p>
   </div>
   <div class='ocr_carea' id='block_1_2' title="bbox 145 965 2018 5164">
    <p class='ocr_par' dir='ltr' id='par_1_2' title="bbox 145 965 1855 2681">
     <span class='ocr_line' id='line_1_2' title="bbox 146 965 1855 1064; baseline -0.005 -22"><span class='ocrx_word' id='word_1_5' title='bbox 146 969 369 1064; x_wconf 88' lang='lat' dir='ltr'>exceptabat;</span> <span class='ocrx_word' id='word_1_6' title='bbox 402 991 517 1064; x_wconf 91' lang='lat' dir='ltr'>neque</span> <span class='ocrx_word' id='word_1_7' title='bbox 534 968 601 1041; x_wconf 85' lang='lat' dir='ltr'>sibi</span> <span class='ocrx_word' id='word_1_8' title='bbox 623 967 768 1046; x_wconf 84' lang='lat' dir='ltr'>taedium</span> <span class='ocrx_word' id='word_1_9' title='bbox 797 967 969 1041; x_wconf 85' lang='lat' dir='ltr'>afferebat</span> <span class='ocrx_word' id='word_1_10' title='bbox 997 967 1140 1062; x_wconf 87' lang='lat' dir='ltr'>longior</span> <span class='ocrx_word' id='word_1_11' title='bbox 1157 965 1264 1039; x_wconf 88' lang='lat' dir='ltr'>etiam</span> <span class='ocrx_word' id='word_1_12' title='bbox 1277 965 1519 1040; x_wconf 80' lang='lat' dir='ltr'>concionantis</span> <span class='ocrx_word' id='word_1_13' title='bbox 1546 967 1672 1041; x_wconf 88' lang='lat' dir='ltr'>oratio.</span> <span class='ocrx_word' id='word_1_14' title='bbox 1694 967 1758 1039; x_wconf 84' lang='lat' dir='ltr'>Cui</span> <span class='ocrx_word' id='word_1_15' title='bbox 1791 979 1855 1035; x_wconf 79' lang='lat'>1586</span> 
     </span>
     <span class='ocr_line' id='line_1_3' title="bbox 145 1090 1757 1188; baseline -0.001 -24"><span class='ocrx_word' id='word_1_16' title='bbox 145 1092 323 1188; x_wconf 88' lang='lat' dir='ltr'>aliquando</span> <span class='ocrx_word' id='word_1_17' title='bbox 354 1093 405 1164; x_wconf 93' lang='lat' dir='ltr'>uti</span> <span class='ocrx_word' id='word_1_18' title='bbox 439 1093 684 1167; x_wconf 79' lang='lat' dir='ltr'>moderaretur</span> <span class='ocrx_word' id='word_1_19' title='bbox 714 1093 770 1188; x_wconf 85' lang='lat' dir='ltr'>(ne</span> <span class='ocrx_word' id='word_1_20' title='bbox 804 1092 944 1180; x_wconf 58' lang='lat' dir='ltr'>scilicet,</span> <span class='ocrx_word' id='word_1_21' title='bbox 972 1093 1227 1186; x_wconf 75' lang='lat' dir='ltr'>proveheretur</span> <span class='ocrx_word' id='word_1_22' title='bbox 1259 1090 1351 1162; x_wconf 90' lang='lat' dir='ltr'>ultra</span> <span class='ocrx_word' id='word_1_23' title='bbox 1380 1090 1514 1184; x_wconf 74' lang='lat' dir='ltr'>horam)</span> <span class='ocrx_word' id='word_1_24' title='bbox 1532 1091 1757 1164; x_wconf 78' lang='lat' dir='ltr'>concionator</span> 
     </span>
     <span class='ocr_line' id='line_1_4' title="bbox 148 1215 1761 1313; baseline 0.001 -25"><span class='ocrx_word' id='word_1_25' title='bbox 148 1216 358 1312; x_wconf 82' lang='lat' dir='ltr'>clepsydram</span> <span class='ocrx_word' id='word_1_26' title='bbox 387 1217 632 1310; x_wconf 84' lang='lat' dir='ltr'>respectabat;</span> <span class='ocrx_word' id='word_1_27' title='bbox 654 1239 744 1304; x_wconf 89' lang='lat' dir='ltr'>eam,</span> <span class='ocrx_word' id='word_1_28' title='bbox 759 1218 837 1312; x_wconf 87' lang='lat' dir='ltr'>jam</span> <span class='ocrx_word' id='word_1_29' title='bbox 863 1219 1075 1303; x_wconf 89' lang='lat' dir='ltr'>effluentem,</span> <span class='ocrx_word' id='word_1_30' title='bbox 1095 1216 1257 1313; x_wconf 90' lang='lat' dir='ltr'>princeps</span> <span class='ocrx_word' id='word_1_31' title='bbox 1275 1215 1405 1310; x_wconf 88' lang='lat' dir='ltr'>surripi</span> <span class='ocrx_word' id='word_1_32' title='bbox 1415 1215 1537 1310; x_wconf 87' lang='lat' dir='ltr'>jussit,</span> <span class='ocrx_word' id='word_1_33' title='bbox 1557 1218 1761 1312; x_wconf 80' lang='lat' dir='ltr'>monuitque</span> 
     </span>
     <span class='ocr_line' id='line_1_5' title="bbox 149 1337 1761 1436; baseline -0.001 -24"><span class='ocrx_word' id='word_1_34' title='bbox 149 1347 230 1434; x_wconf 91' lang='lat' dir='ltr'>post,</span> <span class='ocrx_word' id='word_1_35' title='bbox 248 1363 295 1412; x_wconf 94' lang='lat' dir='ltr'>ne</span> <span class='ocrx_word' id='word_1_36' title='bbox 312 1341 479 1414; x_wconf 91' lang='lat' dir='ltr'>horarum</span> <span class='ocrx_word' id='word_1_37' title='bbox 497 1341 750 1436; x_wconf 83' lang='lat' dir='ltr'>quadrantibus</span> <span class='ocrx_word' id='word_1_38' title='bbox 769 1344 945 1417; x_wconf 89' lang='lat' dir='ltr'>orationes</span> <span class='ocrx_word' id='word_1_39' title='bbox 975 1365 1071 1427; x_wconf 87' lang='lat' dir='ltr'>suas,</span> <span class='ocrx_word' id='word_1_40' title='bbox 1097 1341 1159 1414; x_wconf 88' lang='lat' dir='ltr'>sed</span> <span class='ocrx_word' id='word_1_41' title='bbox 1185 1337 1370 1432; x_wconf 77' lang='lat' dir='ltr'>momentis</span> <span class='ocrx_word' id='word_1_42' title='bbox 1401 1337 1571 1412; x_wconf 87' lang='lat' dir='ltr'>doctrinae</span> <span class='ocrx_word' id='word_1_43' title='bbox 1598 1339 1761 1412; x_wconf 87' lang='lat' dir='ltr'>salutaris</span> 
     </span>
     <span class='ocr_line' id='line_1_6' title="bbox 151 1463 1758 1562; baseline -0.002 -24"><span class='ocrx_word' id='word_1_44' title='bbox 151 1473 179 1538; x_wconf 86' lang='lat' dir='ltr'>et</span> <span class='ocrx_word' id='word_1_45' title='bbox 194 1464 358 1547; x_wconf 90' lang='lat' dir='ltr'>utilitate,</span> <span class='ocrx_word' id='word_1_46' title='bbox 375 1487 480 1559; x_wconf 91' lang='lat' dir='ltr'>quam</span> <span class='ocrx_word' id='word_1_47' title='bbox 493 1487 631 1559; x_wconf 89' lang='lat' dir='ltr'>semper</span> <span class='ocrx_word' id='word_1_48' title='bbox 649 1466 780 1562; x_wconf 92' lang='lat' dir='ltr'>populo</span> <span class='ocrx_word' id='word_1_49' title='bbox 806 1467 949 1540; x_wconf 83' lang='lat' dir='ltr'>afferret</span> <span class='ocrx_word' id='word_1_50' title='bbox 974 1467 1151 1562; x_wconf 86' lang='lat' dir='ltr'>insignem</span> <span class='ocrx_word' id='word_1_51' title='bbox 1167 1463 1356 1548; x_wconf 76' lang='lat' dir='ltr'>Antonine,</span> <span class='ocrx_word' id='word_1_52' title='bbox 1374 1463 1538 1559; x_wconf 88' lang='lat' dir='ltr'>deinceps</span> <span class='ocrx_word' id='word_1_53' title='bbox 1564 1465 1758 1536; x_wconf 88' lang='lat' dir='ltr'>metiretur.</span> 
     </span>
     <span class='ocr_line' id='line_1_7' title="bbox 151 1585 1760 1686; baseline -0.006 -21"><span class='ocrx_word' id='word_1_54' title='bbox 151 1591 304 1677; x_wconf 80' lang='lat' dir='ltr'>Amabat,</span> <span class='ocrx_word' id='word_1_55' title='bbox 325 1598 364 1663; x_wconf 92' lang='lat' dir='ltr'>nt</span> <span class='ocrx_word' id='word_1_56' title='bbox 393 1591 560 1677; x_wconf 84' lang='lat' dir='ltr'>diximus,</span> <span class='ocrx_word' id='word_1_57' title='bbox 576 1592 772 1666; x_wconf 90' lang='lat' dir='ltr'>Martinum</span> <span class='ocrx_word' id='word_1_58' title='bbox 787 1592 880 1676; x_wconf 87' lang='lat' dir='ltr'>Rex,</span> <span class='ocrx_word' id='word_1_59' title='bbox 896 1598 1039 1686; x_wconf 90' lang='lat' dir='ltr'>propter</span> <span class='ocrx_word' id='word_1_60' title='bbox 1057 1587 1219 1664; x_wconf 84' lang='lat' dir='ltr'>eximiam</span> <span class='ocrx_word' id='word_1_61' title='bbox 1246 1586 1470 1659; x_wconf 83' lang='lat' dir='ltr'>sanctitatem</span> <span class='ocrx_word' id='word_1_62' title='bbox 1494 1593 1531 1658; x_wconf 88' lang='lat' dir='ltr'>et</span> <span class='ocrx_word' id='word_1_63' title='bbox 1542 1585 1760 1670; x_wconf 67' lang='lat' dir='ltr'>doctrinam</span> 
     </span>
     <span class='ocr_line' id='line_1_8' title="bbox 152 1695 1763 1810; baseline -0.002 -24"><span class='ocrx_word' id='word_1_64' title='bbox 152 1714 287 1788; x_wconf 90' lang='lat' dir='ltr'>dubium</span> <span class='ocrx_word' id='word_1_65' title='bbox 304 1713 426 1808; x_wconf 89' lang='lat' dir='ltr'>utique</span> <span class='ocrx_word' id='word_1_66' title='bbox 443 1695 532 1800; x_wconf 80' lang='lat' dir='ltr'>crat,</span> <span class='ocrx_word' id='word_1_67' title='bbox 554 1722 673 1787; x_wconf 91' lang='lat' dir='ltr'>utrum</span> <span class='ocrx_word' id='word_1_68' title='bbox 699 1715 835 1810; x_wconf 91' lang='lat' dir='ltr'>magis:</span> <span class='ocrx_word' id='word_1_69' title='bbox 858 1736 939 1786; x_wconf 85' lang='lat' dir='ltr'>nam</span> <span class='ocrx_word' id='word_1_70' title='bbox 957 1738 1035 1787; x_wconf 92' lang='lat' dir='ltr'>cum</span> <span class='ocrx_word' id='word_1_71' title='bbox 1059 1714 1207 1788; x_wconf 88' lang='lat' dir='ltr'>alterum</span> <span class='ocrx_word' id='word_1_72' title='bbox 1223 1713 1270 1784; x_wconf 90' lang='lat' dir='ltr'>ad</span> <span class='ocrx_word' id='word_1_73' title='bbox 1296 1735 1362 1784; x_wconf 90' lang='lat' dir='ltr'>sua</span> <span class='ocrx_word' id='word_1_74' title='bbox 1386 1713 1423 1784; x_wconf 91' lang='lat' dir='ltr'>in</span> <span class='ocrx_word' id='word_1_75' title='bbox 1440 1710 1524 1784; x_wconf 87' lang='lat' dir='ltr'>aula</span> <span class='ocrx_word' id='word_1_76' title='bbox 1541 1709 1654 1784; x_wconf 89' lang='lat' dir='ltr'>officia</span> <span class='ocrx_word' id='word_1_77' title='bbox 1671 1709 1763 1782; x_wconf 91' lang='lat' dir='ltr'>redi·</span> 
     </span>
     <span class='ocr_line' id='line_1_9' title="bbox 152 1833 1765 1935; baseline -0.004 -23"><span class='ocrx_word' id='word_1_78' title='bbox 152 1847 272 1923; x_wconf 91' lang='lat' dir='ltr'>turum,</span> <span class='ocrx_word' id='word_1_79' title='bbox 288 1837 383 1934; x_wconf 92' lang='lat' dir='ltr'>qnod</span> <span class='ocrx_word' id='word_1_80' title='bbox 396 1838 472 1934; x_wconf 90' lang='lat' dir='ltr'>ipse</span> <span class='ocrx_word' id='word_1_81' title='bbox 489 1839 653 1934; x_wconf 90' lang='lat' dir='ltr'>princeps</span> <span class='ocrx_word' id='word_1_82' title='bbox 675 1838 890 1935; x_wconf 86' lang='lat' dir='ltr'>postulabat,</span> <span class='ocrx_word' id='word_1_83' title='bbox 911 1833 1128 1922; x_wconf 82' lang='lat' dir='ltr'>nuntiarent,</span> <span class='ocrx_word' id='word_1_84' title='bbox 1156 1836 1349 1910; x_wconf 90' lang='lat' dir='ltr'>Antonium</span> <span class='ocrx_word' id='word_1_85' title='bbox 1369 1857 1449 1910; x_wconf 89' lang='lat' dir='ltr'>vero</span> <span class='ocrx_word' id='word_1_86' title='bbox 1474 1835 1645 1908; x_wconf 88' lang='lat' dir='ltr'>Vilnense</span> <span class='ocrx_word' id='word_1_87' title='bbox 1663 1857 1765 1907; x_wconf 91' lang='lat' dir='ltr'>suum</span> 
     </span>
     <span class='ocr_line' id='line_1_10' title="bbox 153 1962 1766 2059; baseline -0.001 -24"><span class='ocrx_word' id='word_1_88' title='bbox 153 1962 339 2057; x_wconf 78' lang='lat' dir='ltr'>tolegium</span> <span class='ocrx_word' id='word_1_89' title='bbox 357 1969 540 2058; x_wconf 91' lang='lat' dir='ltr'>repetere:</span> <span class='ocrx_word' id='word_1_90' title='bbox 565 1991 582 2024; x_wconf 70' lang='grc' dir='ltr'><strong><em>α</em></strong></span> <span class='ocrx_word' id='word_1_91' title='bbox 603 1963 781 2035; x_wconf 87' lang='lat' dir='ltr'>Martinus</span> <span class='ocrx_word' id='word_1_92' title='bbox 807 1962 960 2056; x_wconf 88' lang='lat' dir='ltr'>quidem,</span> <span class='ocrx_word' id='word_1_93' title='bbox 981 1963 1096 2058; x_wconf 90' lang='lat' dir='ltr'>inquit</span> <span class='ocrx_word' id='word_1_94' title='bbox 1121 1964 1213 2050; x_wconf 87' lang='lat' dir='ltr'>Rex,</span> <span class='ocrx_word' id='word_1_95' title='bbox 1241 1963 1438 2059; x_wconf 87' lang='lat' dir='ltr'>praestabit,</span> <span class='ocrx_word' id='word_1_96' title='bbox 1459 1963 1551 2057; x_wconf 92' lang='lat' dir='ltr'>quod</span> <span class='ocrx_word' id='word_1_97' title='bbox 1570 1962 1683 2058; x_wconf 83' lang='lat' dir='ltr'>pietas</span> <span class='ocrx_word' id='word_1_98' title='bbox 1701 1983 1766 2034; x_wconf 88' lang='lat' dir='ltr'>sua</span> 
     </span>
     <span class='ocr_line' id='line_1_11' title="bbox 156 2086 1765 2182; baseline -0.001 -22"><span class='ocrx_word' id='word_1_99' title='bbox 156 2115 170 2148; x_wconf 70' lang='lat' dir='ltr'>a</span> <span class='ocrx_word' id='word_1_100' title='bbox 187 2103 221 2160; x_wconf 88' lang='lat' dir='ltr'>at</span> <span class='ocrx_word' id='word_1_101' title='bbox 236 2110 354 2160; x_wconf 88' lang='lat' dir='ltr'>meum</span> <span class='ocrx_word' id='word_1_102' title='bbox 379 2087 556 2182; x_wconf 87' lang='lat' dir='ltr'>quoddam</span> <span class='ocrx_word' id='word_1_103' title='bbox 578 2088 637 2182; x_wconf 90' lang='lat' dir='ltr'>jus</span> <span class='ocrx_word' id='word_1_104' title='bbox 653 2087 829 2182; x_wconf 88' lang='lat' dir='ltr'>postulat;</span> <span class='ocrx_word' id='word_1_105' title='bbox 851 2110 921 2158; x_wconf 90' lang='lat' dir='ltr'>non</span> <span class='ocrx_word' id='word_1_106' title='bbox 946 2087 1112 2160; x_wconf 92' lang='lat' dir='ltr'>continno</span> <span class='ocrx_word' id='word_1_107' title='bbox 1129 2093 1258 2162; x_wconf 84' lang='lat' dir='ltr'>tamen&#39;</span> <span class='ocrx_word' id='word_1_108' title='bbox 1273 2088 1519 2162; x_wconf 90' lang='lat' dir='ltr'>dimittendum</span> <span class='ocrx_word' id='word_1_109' title='bbox 1536 2110 1616 2161; x_wconf 88' lang='lat' dir='ltr'>esse</span> <span class='ocrx_word' id='word_1_110' title='bbox 1641 2086 1765 2159; x_wconf 87' lang='lat' dir='ltr'>vadem</span> 
     </span>
     <span class='ocr_line' id='line_1_12' title="bbox 157 2209 1767 2310; baseline -0.002 -26"><span class='ocrx_word' id='word_1_111' title='bbox 157 2239 171 2270; x_wconf 66' lang='lat' dir='ltr'>r</span> <span class='ocrx_word' id='word_1_112' title='bbox 188 2212 262 2307; x_wconf 90' lang='lat' dir='ltr'>ejus</span> <span class='ocrx_word' id='word_1_113' title='bbox 278 2210 494 2284; x_wconf 87' lang='lat' dir='ltr'>Antonium:</span> <span class='ocrx_word' id='word_1_114' title='bbox 515 2209 614 2283; x_wconf 92' lang='lat' dir='ltr'>nulla</span> <span class='ocrx_word' id='word_1_115' title='bbox 630 2211 718 2284; x_wconf 90' lang='lat' dir='ltr'>mihi</span> <span class='ocrx_word' id='word_1_116' title='bbox 730 2212 784 2281; x_wconf 85' lang='lat' dir='ltr'>vis</span> <span class='ocrx_word' id='word_1_117' title='bbox 802 2213 1037 2285; x_wconf 88' lang='lat' dir='ltr'>auctoritasve</span> <span class='ocrx_word' id='word_1_118' title='bbox 1062 2212 1190 2308; x_wconf 90' lang='lat' dir='ltr'>pignus</span> <span class='ocrx_word' id='word_1_119' title='bbox 1206 2213 1273 2285; x_wconf 94' lang='lat' dir='ltr'>hoc</span> <span class='ocrx_word' id='word_1_120' title='bbox 1290 2213 1472 2310; x_wconf 89' lang='lat' dir='ltr'>eripuerit.</span> <span class='ocrx_word' id='word_1_121' title='bbox 1502 2213 1651 2307; x_wconf 89' lang='lat' dir='ltr'>Utrique</span> <span class='ocrx_word' id='word_1_122' title='bbox 1672 2210 1767 2308; x_wconf 90' lang='lat' dir='ltr'>apud</span> 
     </span>
     <span class='ocr_line' id='line_1_13' title="bbox 158 2311 1767 2432; baseline 0.001 -26"><span class='ocrx_word' id='word_1_123' title='bbox 158 2363 172 2394; x_wconf 62' lang='lat' dir='ltr'>a</span> <span class='ocrx_word' id='word_1_124' title='bbox 190 2358 242 2407; x_wconf 90' lang='lat' dir='ltr'>me</span> <span class='ocrx_word' id='word_1_125' title='bbox 259 2335 400 2430; x_wconf 87' lang='lat' dir='ltr'>negotia</span> <span class='ocrx_word' id='word_1_126' title='bbox 418 2335 492 2408; x_wconf 84' lang='lat' dir='ltr'>suis</span> <span class='ocrx_word' id='word_1_127' title='bbox 508 2333 755 2429; x_wconf 85' lang='lat' dir='ltr'>theologorum</span> <span class='ocrx_word' id='word_1_128' title='bbox 775 2337 980 2410; x_wconf 89' lang='lat' dir='ltr'>muneribus</span> <span class='ocrx_word' id='word_1_129' title='bbox 1006 2335 1230 2422; x_wconf 87' lang='lat' dir='ltr'>suffecerint;</span> <span class='ocrx_word' id='word_1_130' title='bbox 1255 2311 1439 2432; x_wconf 85' lang='lat' dir='ltr'>utriusque</span> <span class='ocrx_word' id='word_1_131' title='bbox 1452 2359 1559 2431; x_wconf 87' lang='lat' dir='ltr'>opera</span> <span class='ocrx_word' id='word_1_132' title='bbox 1576 2337 1628 2410; x_wconf 92' lang='lat' dir='ltr'>uti</span> <span class='ocrx_word' id='word_1_133' title='bbox 1645 2335 1767 2407; x_wconf 89' lang='lat' dir='ltr'>velim.</span> 
     </span>
     <span class='ocr_line' id='line_1_14' title="bbox 159 2459 1769 2555; baseline -0.001 -23"><span class='ocrx_word' id='word_1_134' title='bbox 159 2487 172 2520; x_wconf 68' lang='lat' dir='ltr'>u</span> <span class='ocrx_word' id='word_1_135' title='bbox 190 2461 316 2533; x_wconf 90' lang='lat' dir='ltr'>Paucis</span> <span class='ocrx_word' id='word_1_136' title='bbox 335 2461 515 2534; x_wconf 88' lang='lat' dir='ltr'>mensibus</span> <span class='ocrx_word' id='word_1_137' title='bbox 534 2461 572 2532; x_wconf 94' lang='lat' dir='ltr'>in</span> <span class='ocrx_word' id='word_1_138' title='bbox 591 2461 676 2533; x_wconf 87' lang='lat' dir='ltr'>aula</span> <span class='ocrx_word' id='word_1_139' title='bbox 693 2483 758 2534; x_wconf 88' lang='lat' dir='ltr'>sua</span> <span class='ocrx_word' id='word_1_140' title='bbox 771 2461 894 2534; x_wconf 87' lang='lat' dir='ltr'>Ariam</span> <span class='ocrx_word' id='word_1_141' title='bbox 912 2462 1024 2534; x_wconf 90' lang='lat' dir='ltr'>multa</span> <span class='ocrx_word' id='word_1_142' title='bbox 1038 2461 1209 2534; x_wconf 85' lang='lat' dir='ltr'>salutaria</span> <span class='ocrx_word' id='word_1_143' title='bbox 1226 2461 1354 2534; x_wconf 83' lang='lat' dir='ltr'>fecisse</span> <span class='ocrx_word' id='word_1_144' title='bbox 1373 2459 1601 2555; x_wconf 91' lang='lat' dir='ltr'>compendia:</span> <span class='ocrx_word' id='word_1_145' title='bbox 1623 2460 1699 2555; x_wconf 87' lang='lat' dir='ltr'>ejus</span> <span class='ocrx_word' id='word_1_146' title='bbox 1717 2460 1769 2532; x_wconf 92' lang='lat' dir='ltr'>rei</span> 
     </span>
     <span class='ocr_line' id='line_1_15' title="bbox 159 2585 1769 2681; baseline 0 -25"><span class='ocrx_word' id='word_1_147' title='bbox 159 2592 295 2659; x_wconf 62' lang='lat' dir='ltr'>“testes</span> <span class='ocrx_word' id='word_1_148' title='bbox 314 2607 395 2658; x_wconf 89' lang='lat' dir='ltr'>esse</span> <span class='ocrx_word' id='word_1_149' title='bbox 414 2591 449 2656; x_wconf 90' lang='lat' dir='ltr'>et</span> <span class='ocrx_word' id='word_1_150' title='bbox 468 2585 696 2659; x_wconf 88' lang='lat' dir='ltr'>secretarium</span> <span class='ocrx_word' id='word_1_151' title='bbox 714 2608 817 2658; x_wconf 91' lang='lat' dir='ltr'>suum</span> <span class='ocrx_word' id='word_1_152' title='bbox 836 2585 1063 2679; x_wconf 89' lang='lat' dir='ltr'>Hungarnm,</span> <span class='ocrx_word' id='word_1_153' title='bbox 1085 2593 1120 2658; x_wconf 89' lang='lat' dir='ltr'>et</span> <span class='ocrx_word' id='word_1_154' title='bbox 1137 2587 1363 2680; x_wconf 86' lang='lat' dir='ltr'>septuaginta</span> <span class='ocrx_word' id='word_1_155' title='bbox 1388 2593 1523 2681; x_wconf 90' lang='lat' dir='ltr'>septem</span> <span class='ocrx_word' id='word_1_156' title='bbox 1540 2609 1563 2658; x_wconf 90' lang='lat' dir='ltr'>a</span> <span class='ocrx_word' id='word_1_157' title='bbox 1587 2585 1693 2658; x_wconf 88' lang='lat' dir='ltr'>sectis</span> <span class='ocrx_word' id='word_1_158' title='bbox 1710 2607 1769 2656; x_wconf 87' lang='lat' dir='ltr'>va·</span> 
     </span>
    </p>

    <p class='ocr_par' dir='ltr' id='par_1_3' title="bbox 158 2708 1946 3302">
     <span class='ocr_line' id='line_1_16' title="bbox 160 2708 1841 2806; baseline 0.001 -26"><span class='ocrx_word' id='word_1_159' title='bbox 160 2737 175 2770; x_wconf 67' lang='lat' dir='ltr'>s</span> <span class='ocrx_word' id='word_1_160' title='bbox 192 2710 251 2780; x_wconf 88' lang='lat' dir='ltr'>riis</span> <span class='ocrx_word' id='word_1_161' title='bbox 263 2709 310 2783; x_wconf 85' lang='lat' dir='ltr'>ad</span> <span class='ocrx_word' id='word_1_162' title='bbox 320 2709 529 2796; x_wconf 84' lang='lat' dir='ltr'>Ecclesiam,</span> <span class='ocrx_word' id='word_1_163' title='bbox 542 2708 661 2806; x_wconf 89' lang='lat' dir='ltr'>plures</span> <span class='ocrx_word' id='word_1_164' title='bbox 676 2711 785 2782; x_wconf 89' lang='lat' dir='ltr'>multo</span> <span class='ocrx_word' id='word_1_165' title='bbox 797 2711 885 2805; x_wconf 86' lang='lat' dir='ltr'>ipsis</span> <span class='ocrx_word' id='word_1_166' title='bbox 897 2711 1003 2782; x_wconf 90' lang='lat' dir='ltr'>etiam</span> <span class='ocrx_word' id='word_1_167' title='bbox 1014 2733 1150 2782; x_wconf 92' lang='lat' dir='ltr'>morum</span> <span class='ocrx_word' id='word_1_168' title='bbox 1164 2710 1333 2805; x_wconf 90' lang='lat' dir='ltr'>exemplis</span> <span class='ocrx_word' id='word_1_169' title='bbox 1343 2710 1389 2783; x_wconf 90' lang='lat' dir='ltr'>ad</span> <span class='ocrx_word' id='word_1_170' title='bbox 1397 2712 1536 2805; x_wconf 84' lang='lat' dir='ltr'>frugem</span> <span class='ocrx_word' id='word_1_171' title='bbox 1549 2711 1724 2783; x_wconf 87' lang='lat' dir='ltr'>reductos.</span> <span class='ocrx_word' id='word_1_172' title='bbox 1750 2745 1766 2776; x_wconf 73' lang='lat' dir='ltr'>n</span> <span class='ocrx_word' id='word_1_173' title='bbox 1839 2769 1841 2774; x_wconf 94' lang='lat'>.</span> 
     </span>
     <span class='ocr_line' id='line_1_17' title="bbox 200 2823 1904 2958; baseline 0 -53"><span class='ocrx_word' id='word_1_174' title='bbox 200 2833 438 2929; x_wconf 87' lang='lat' dir='ltr'>Brnnsbargae</span> <span class='ocrx_word' id='word_1_175' title='bbox 458 2842 592 2929; x_wconf 85' lang='lat' dir='ltr'>septem</span> <span class='ocrx_word' id='word_1_176' title='bbox 612 2840 647 2907; x_wconf 87' lang='lat' dir='ltr'>et</span> <span class='ocrx_word' id='word_1_177' title='bbox 664 2833 845 2928; x_wconf 88' lang='lat' dir='ltr'>octoginta</span> <span class='ocrx_word' id='word_1_178' title='bbox 864 2834 971 2918; x_wconf 87' lang='lat' dir='ltr'>Socii,</span> <span class='ocrx_word' id='word_1_179' title='bbox 991 2835 1082 2908; x_wconf 90' lang='lat' dir='ltr'>inter</span> <span class='ocrx_word' id='word_1_180' title='bbox 1100 2856 1160 2906; x_wconf 90' lang='lat' dir='ltr'>eos</span> <span class='ocrx_word' id='word_1_181' title='bbox 1191 2835 1314 2907; x_wconf 88' lang='lat' dir='ltr'>novitii</span> <span class='ocrx_word' id='word_1_182' title='bbox 1330 2834 1478 2928; x_wconf 87' lang='lat' dir='ltr'>triginta</span> <span class='ocrx_word' id='word_1_183' title='bbox 1508 2857 1605 2929; x_wconf 83' lang='lat' dir='ltr'>segre</span> <span class='ocrx_word' id='word_1_184' title='bbox 1623 2833 1767 2906; x_wconf 91' lang='lat' dir='ltr'>aleban-</span> <span class='ocrx_word' id='word_1_185' title='bbox 1799 2902 1821 2956; x_wconf 83' lang='lat' dir='ltr'>B</span> <span class='ocrx_word' id='word_1_186' title='bbox 1854 2823 1904 2958; x_wconf 57' lang='lat'>⁴21}</span> 
     </span>
     <span class='ocr_line' id='line_1_18' title="bbox 160 2918 1946 3055; baseline 0.003 -26"><span class='ocrx_word' id='word_1_187' title='bbox 160 2967 221 3044; x_wconf 91' lang='lat' dir='ltr'>tur,</span> <span class='ocrx_word' id='word_1_188' title='bbox 240 2983 389 3034; x_wconf 92' lang='lat' dir='ltr'>numero</span> <span class='ocrx_word' id='word_1_189' title='bbox 406 2959 592 3044; x_wconf 83' lang='lat' dir='ltr'>facultates</span> <span class='ocrx_word' id='word_1_190' title='bbox 623 2959 746 3031; x_wconf 91' lang='lat' dir='ltr'>domus</span> <span class='ocrx_word' id='word_1_191' title='bbox 777 2969 987 3055; x_wconf 90' lang='lat' dir='ltr'>superante;</span> <span class='ocrx_word' id='word_1_192' title='bbox 1009 2983 1118 3055; x_wconf 88' lang='lat' dir='ltr'>quare</span> <span class='ocrx_word' id='word_1_193' title='bbox 1136 2960 1336 3054; x_wconf 87' lang='lat' dir='ltr'>Campanus</span> <span class='ocrx_word' id='word_1_194' title='bbox 1352 2959 1486 3032; x_wconf 90' lang='lat' dir='ltr'>tirones</span> <span class='ocrx_word' id='word_1_195' title='bbox 1504 2960 1585 3032; x_wconf 93' lang='lat' dir='ltr'>hinc</span> <span class='ocrx_word' id='word_1_196' title='bbox 1611 2983 1689 3030; x_wconf 92' lang='lat' dir='ltr'>cum</span> <span class='ocrx_word' id='word_1_197' title='bbox 1707 2982 1770 3032; x_wconf 92' lang='lat' dir='ltr'>sno</span> <span class='ocrx_word' id='word_1_198' title='bbox 1785 2933 1789 2942; x_wconf 37' lang='lat'>⁸</span> <span class='ocrx_word' id='word_1_199' title='bbox 1799 2918 1946 3050; x_wconf 69' lang='lat' dir='ltr'>gdlldvilli</span> 
     </span>
     <span class='ocr_line' id='line_1_19' title="bbox 158 3061 1896 3196; baseline 0 -42"><span class='ocrx_word' id='word_1_200' title='bbox 158 3085 319 3178; x_wconf 90' lang='lat' dir='ltr'>magistro</span> <span class='ocrx_word' id='word_1_201' title='bbox 332 3085 491 3158; x_wconf 92' lang='lat' dir='ltr'>Roberto</span> <span class='ocrx_word' id='word_1_202' title='bbox 509 3084 613 3156; x_wconf 86' lang='lat' dir='ltr'>Scuto</span> <span class='ocrx_word' id='word_1_203' title='bbox 627 3084 833 3158; x_wconf 85' lang='lat' dir='ltr'>Oracoviam</span> <span class='ocrx_word' id='word_1_204' title='bbox 847 3085 884 3156; x_wconf 90' lang='lat' dir='ltr'>in</span> <span class='ocrx_word' id='word_1_205' title='bbox 902 3084 1117 3158; x_wconf 91' lang='lat' dir='ltr'>domicilium</span> <span class='ocrx_word' id='word_1_206' title='bbox 1130 3082 1177 3155; x_wconf 87' lang='lat' dir='ltr'>ad</span> <span class='ocrx_word' id='word_1_207' title='bbox 1191 3084 1229 3156; x_wconf 89' lang='lat' dir='ltr'>S.</span> <span class='ocrx_word' id='word_1_208' title='bbox 1250 3082 1420 3177; x_wconf 87' lang='lat' dir='ltr'>Stephani</span> <span class='ocrx_word' id='word_1_209' title='bbox 1435 3107 1563 3155; x_wconf 91' lang='lat' dir='ltr'>novum</span> <span class='ocrx_word' id='word_1_210' title='bbox 1576 3083 1769 3155; x_wconf 88' lang='lat' dir='ltr'>transtulit.</span> <span class='ocrx_word' id='word_1_211' title='bbox 1799 3061 1843 3196; x_wconf 45' lang='grc' dir='ltr'>εἶα</span> <span class='ocrx_word' id='word_1_212' title='bbox 1837 3075 1896 3195; x_wconf 51' lang='lat'><strong>⁸13⁰·</strong></span> 
     </span>
     <span class='ocr_line' id='line_1_20' title="bbox 159 3203 1937 3302; baseline -0.003 -25"><span class='ocrx_word' id='word_1_213' title='bbox 159 3205 206 3278; x_wconf 83' lang='lat' dir='ltr'>llx</span> <span class='ocrx_word' id='word_1_214' title='bbox 227 3207 377 3282; x_wconf 90' lang='lat' dir='ltr'>Polonia</span> <span class='ocrx_word' id='word_1_215' title='bbox 394 3208 599 3282; x_wconf 86' lang='lat' dir='ltr'>Nesvisium</span> <span class='ocrx_word' id='word_1_216' title='bbox 624 3231 646 3280; x_wconf 95' lang='lat' dir='ltr'>a</span> <span class='ocrx_word' id='word_1_217' title='bbox 672 3207 829 3302; x_wconf 89' lang='lat' dir='ltr'>principe</span> <span class='ocrx_word' id='word_1_218' title='bbox 846 3206 996 3280; x_wconf 93' lang='lat' dir='ltr'>Nicolao</span> <span class='ocrx_word' id='word_1_219' title='bbox 1026 3203 1207 3278; x_wconf 88' lang='lat' dir='ltr'>Radivillo</span> <span class='ocrx_word' id='word_1_220' title='bbox 1224 3210 1372 3276; x_wconf 86' lang='lat' dir='ltr'>vocatus</span> <span class='ocrx_word' id='word_1_221' title='bbox 1397 3203 1443 3276; x_wconf 90' lang='lat' dir='ltr'>ad</span> <span class='ocrx_word' id='word_1_222' title='bbox 1470 3204 1671 3299; x_wconf 88' lang='lat' dir='ltr'>spectanda,</span> <span class='ocrx_word' id='word_1_223' title='bbox 1692 3229 1771 3299; x_wconf 85' lang='lat' dir='ltr'>quse</span> <span class='ocrx_word' id='word_1_224' title='bbox 1799 3217 1937 3274; x_wconf 73' lang='lat' dir='ltr'>tmnsnci.</span> 
     </span>
    </p>

    <p class='ocr_par' dir='ltr' id='par_1_4' title="bbox 154 3307 1771 3428">
     <span class='ocr_line' id='line_1_21' title="bbox 154 3307 1771 3428; baseline -0.001 -27"><span class='ocrx_word' id='word_1_225' title='bbox 154 3329 287 3422; x_wconf 88' lang='lat' dir='ltr'>jaceret,</span> <span class='ocrx_word' id='word_1_226' title='bbox 304 3332 427 3428; x_wconf 89' lang='lat' dir='ltr'>templi</span> <span class='ocrx_word' id='word_1_227' title='bbox 443 3333 685 3405; x_wconf 87' lang='lat' dir='ltr'>fundamenta.</span> <span class='ocrx_word' id='word_1_228' title='bbox 703 3331 811 3404; x_wconf 85' lang='lat' dir='ltr'>Sexto</span> <span class='ocrx_word' id='word_1_229' title='bbox 824 3330 998 3402; x_wconf 86' lang='lat' dir='ltr'>kalendas</span> <span class='ocrx_word' id='word_1_230' title='bbox 1012 3327 1180 3424; x_wconf 82' lang='lat' dir='ltr'>quintiles</span> <span class='ocrx_word' id='word_1_231' title='bbox 1197 3307 1314 3422; x_wconf 80' lang='lat' dir='ltr'>posita</span> <span class='ocrx_word' id='word_1_232' title='bbox 1326 3336 1422 3413; x_wconf 91' lang='lat' dir='ltr'>sunt,</span> <span class='ocrx_word' id='word_1_233' title='bbox 1443 3351 1580 3422; x_wconf 91' lang='lat' dir='ltr'>unaque</span> <span class='ocrx_word' id='word_1_234' title='bbox 1607 3329 1771 3424; x_wconf 92' lang='lat' dir='ltr'>oppidum</span> 
     </span>
    </p>

    <p class='ocr_par' dir='ltr' id='par_1_5' title="bbox 159 3453 1771 3552">
     <span class='ocr_line' id='line_1_22' title="bbox 159 3453 1771 3552; baseline -0.001 -25"><span class='ocrx_word' id='word_1_235' title='bbox 159 3459 244 3532; x_wconf 81' lang='lat' dir='ltr'>vallo</span> <span class='ocrx_word' id='word_1_236' title='bbox 261 3467 297 3535; x_wconf 90' lang='lat' dir='ltr'>et</span> <span class='ocrx_word' id='word_1_237' title='bbox 313 3461 409 3533; x_wconf 83' lang='lat' dir='ltr'>fossa</span> <span class='ocrx_word' id='word_1_238' title='bbox 423 3460 638 3533; x_wconf 89' lang='lat' dir='ltr'>circumdari</span> <span class='ocrx_word' id='word_1_239' title='bbox 668 3466 832 3552; x_wconf 88' lang='lat' dir='ltr'>coeptum.</span> <span class='ocrx_word' id='word_1_240' title='bbox 855 3455 925 3528; x_wconf 86' lang='lat' dir='ltr'>Sed</span> <span class='ocrx_word' id='word_1_241' title='bbox 950 3455 1160 3550; x_wconf 88' lang='lat' dir='ltr'>angustiora</span> <span class='ocrx_word' id='word_1_242' title='bbox 1185 3454 1367 3526; x_wconf 90' lang='lat' dir='ltr'>condendo</span> <span class='ocrx_word' id='word_1_243' title='bbox 1393 3454 1524 3549; x_wconf 90' lang='lat' dir='ltr'>templo</span> <span class='ocrx_word' id='word_1_244' title='bbox 1542 3453 1771 3527; x_wconf 83' lang='lat' dir='ltr'>fundamenta</span> 
     </span>
    </p>

    <p class='ocr_par' dir='ltr' id='par_1_6' title="bbox 159 3567 2018 5040">
     <span class='ocr_line' id='line_1_23' title="bbox 159 3567 2018 3679; baseline -0.002 -27"><span class='ocrx_word' id='word_1_245' title='bbox 159 3581 226 3654; x_wconf 79' lang='lat' dir='ltr'>risa</span> <span class='ocrx_word' id='word_1_246' title='bbox 242 3591 324 3657; x_wconf 91' lang='lat' dir='ltr'>sunt</span> <span class='ocrx_word' id='word_1_247' title='bbox 342 3582 496 3679; x_wconf 83' lang='lat' dir='ltr'>Georgio</span> <span class='ocrx_word' id='word_1_248' title='bbox 513 3583 697 3668; x_wconf 89' lang='lat' dir='ltr'>cardinali,</span> <span class='ocrx_word' id='word_1_249' title='bbox 714 3581 854 3655; x_wconf 86' lang='lat' dir='ltr'>Nicolai</span> <span class='ocrx_word' id='word_1_250' title='bbox 866 3601 1048 3675; x_wconf 83' lang='lat' dir='ltr'>germano.</span> <span class='ocrx_word' id='word_1_251' title='bbox 1068 3581 1102 3652; x_wconf 90' lang='lat' dir='ltr'>ls</span> <span class='ocrx_word' id='word_1_252' title='bbox 1115 3578 1216 3651; x_wconf 89' lang='lat' dir='ltr'>sratri</span> <span class='ocrx_word' id='word_1_253' title='bbox 1233 3585 1356 3650; x_wconf 88' lang='lat' dir='ltr'>auctor</span> <span class='ocrx_word' id='word_1_254' title='bbox 1368 3577 1446 3659; x_wconf 84' lang='lat' dir='ltr'>suit,</span> <span class='ocrx_word' id='word_1_255' title='bbox 1464 3585 1515 3662; x_wconf 93' lang='lat' dir='ltr'>nt,</span> <span class='ocrx_word' id='word_1_256' title='bbox 1535 3577 1772 3650; x_wconf 87' lang='lat' dir='ltr'>fundamentis</span> <span class='ocrx_word' id='word_1_257' title='bbox 1850 3595 1891 3650; x_wconf 77' lang='lat' dir='ltr'>ta.</span> <span class='ocrx_word' id='word_1_258' title='bbox 2012 3567 2018 3574; x_wconf 65' lang='grc'><strong>’</strong></span> 
     </span>
     <span class='ocr_line' id='line_1_24' title="bbox 159 3673 1920 3819; baseline -0.002 -43"><span class='ocrx_word' id='word_1_259' title='bbox 159 3705 254 3781; x_wconf 84' lang='lat' dir='ltr'>aliter</span> <span class='ocrx_word' id='word_1_260' title='bbox 259 3709 381 3803; x_wconf 90' lang='lat' dir='ltr'>jactis,</span> <span class='ocrx_word' id='word_1_261' title='bbox 401 3708 680 3804; x_wconf 87' lang='lat' dir='ltr'>magnificentior</span> <span class='ocrx_word' id='word_1_262' title='bbox 693 3707 790 3779; x_wconf 87' lang='lat' dir='ltr'>sedes</span> <span class='ocrx_word' id='word_1_263' title='bbox 808 3703 1028 3777; x_wconf 88' lang='lat' dir='ltr'>conderetur.</span> <span class='ocrx_word' id='word_1_264' title='bbox 1051 3703 1160 3796; x_wconf 89' lang='lat' dir='ltr'>Lapis</span> <span class='ocrx_word' id='word_1_265' title='bbox 1179 3701 1362 3795; x_wconf 90' lang='lat' dir='ltr'>angularis</span> <span class='ocrx_word' id='word_1_266' title='bbox 1379 3701 1425 3773; x_wconf 88' lang='lat' dir='ltr'>ab</span> <span class='ocrx_word' id='word_1_267' title='bbox 1451 3700 1574 3774; x_wconf 90' lang='lat' dir='ltr'>eodem</span> <span class='ocrx_word' id='word_1_268' title='bbox 1592 3701 1772 3774; x_wconf 86' lang='lat' dir='ltr'>cardinale</span> <span class='ocrx_word' id='word_1_269' title='bbox 1801 3673 1920 3819; x_wconf 53' lang='lat' dir='ltr'>mun</span> 
     </span>
     <span class='ocr_line' id='line_1_25' title="bbox 160 3825 1929 3919; baseline -0.003 -19"><span class='ocrx_word' id='word_1_270' title='bbox 160 3829 274 3906; x_wconf 83' lang='lat' dir='ltr'>XVllI</span> <span class='ocrx_word' id='word_1_271' title='bbox 301 3832 475 3905; x_wconf 89' lang='lat' dir='ltr'>kalendas</span> <span class='ocrx_word' id='word_1_272' title='bbox 507 3832 711 3904; x_wconf 89' lang='lat' dir='ltr'>decembres</span> <span class='ocrx_word' id='word_1_273' title='bbox 745 3829 839 3902; x_wconf 88' lang='grc'><strong>1589</strong></span> <span class='ocrx_word' id='word_1_274' title='bbox 856 3831 1107 3910; x_wconf 88' lang='lat' dir='ltr'>consecratus;</span> <span class='ocrx_word' id='word_1_275' title='bbox 1140 3825 1291 3897; x_wconf 86' lang='lat' dir='ltr'>aedificia</span> <span class='ocrx_word' id='word_1_276' title='bbox 1307 3833 1381 3896; x_wconf 93' lang='lat' dir='ltr'>tum</span> <span class='ocrx_word' id='word_1_277' title='bbox 1411 3825 1532 3919; x_wconf 88' lang='lat' dir='ltr'>templi</span> <span class='ocrx_word' id='word_1_278' title='bbox 1545 3833 1620 3896; x_wconf 92' lang='lat' dir='ltr'>tum</span> <span class='ocrx_word' id='word_1_279' title='bbox 1650 3825 1772 3897; x_wconf 88' lang='lat' dir='ltr'>domus</span> <span class='ocrx_word' id='word_1_280' title='bbox 1801 3826 1929 3884; x_wconf 69' lang='lat' dir='ltr'>medendi</span> 
     </span>
     <span class='ocr_line' id='line_1_26' title="bbox 163 3905 1902 4052; baseline -0.003 -26"><span class='ocrx_word' id='word_1_281' title='bbox 163 3953 248 4028; x_wconf 90' lang='lat'>1593</span> <span class='ocrx_word' id='word_1_282' title='bbox 263 3957 469 4051; x_wconf 89' lang='lat' dir='ltr'>profligata.</span> <span class='ocrx_word' id='word_1_283' title='bbox 486 3957 656 4052; x_wconf 83' lang='lat' dir='ltr'>Apertum</span> <span class='ocrx_word' id='word_1_284' title='bbox 682 3954 810 4048; x_wconf 92' lang='lat' dir='ltr'>populo</span> <span class='ocrx_word' id='word_1_285' title='bbox 837 3950 1006 4044; x_wconf 92' lang='lat' dir='ltr'>templum</span> <span class='ocrx_word' id='word_1_286' title='bbox 1032 3949 1189 4045; x_wconf 88' lang='lat' dir='ltr'>ejusdem</span> <span class='ocrx_word' id='word_1_287' title='bbox 1218 3949 1303 4021; x_wconf 86' lang='lat' dir='ltr'>anni</span> <span class='ocrx_word' id='word_1_288' title='bbox 1320 3947 1484 4020; x_wconf 87' lang='lat' dir='ltr'>kalendis</span> <span class='ocrx_word' id='word_1_289' title='bbox 1511 3943 1768 4020; x_wconf 88' lang='lat' dir='ltr'>novembribus.</span> <span class='ocrx_word' id='word_1_290' title='bbox 1803 3905 1902 4040; x_wconf 37' lang='grc' dir='ltr'>ἢ,</span> 
     </span>
     <span class='ocr_line' id='line_1_27' title="bbox 160 4071 1775 4174; baseline -0.002 -26"><span class='ocrx_word' id='word_1_291' title='bbox 160 4077 234 4152; x_wconf 87' lang='lat' dir='ltr'>Jam</span> <span class='ocrx_word' id='word_1_292' title='bbox 251 4081 432 4154; x_wconf 83' lang='lat' dir='ltr'>Grodnam</span> <span class='ocrx_word' id='word_1_293' title='bbox 450 4081 649 4174; x_wconf 88' lang='lat' dir='ltr'>Campanus</span> <span class='ocrx_word' id='word_1_294' title='bbox 680 4079 726 4151; x_wconf 95' lang='lat' dir='ltr'>ad</span> <span class='ocrx_word' id='word_1_295' title='bbox 756 4101 889 4172; x_wconf 88' lang='lat' dir='ltr'>regem,</span> <span class='ocrx_word' id='word_1_296' title='bbox 910 4085 1016 4171; x_wconf 88' lang='lat' dir='ltr'>atque</span> <span class='ocrx_word' id='word_1_297' title='bbox 1051 4074 1206 4146; x_wconf 90' lang='lat' dir='ltr'>indidem</span> <span class='ocrx_word' id='word_1_298' title='bbox 1231 4073 1277 4144; x_wconf 89' lang='lat' dir='ltr'>ad</span> <span class='ocrx_word' id='word_1_299' title='bbox 1306 4094 1414 4145; x_wconf 88' lang='lat' dir='ltr'>novas</span> <span class='ocrx_word' id='word_1_300' title='bbox 1433 4071 1539 4166; x_wconf 82' lang='lat' dir='ltr'>Rigas</span> <span class='ocrx_word' id='word_1_301' title='bbox 1569 4072 1691 4144; x_wconf 88' lang='lat' dir='ltr'>turbas</span> <span class='ocrx_word' id='word_1_302' title='bbox 1707 4073 1775 4144; x_wconf 90' lang='lat' dir='ltr'>iter</span> 
     </span>
     <span class='ocr_line' id='line_1_28' title="bbox 160 4196 1771 4300; baseline -0.004 -25"><span class='ocrx_word' id='word_1_303' title='bbox 160 4225 397 4292; x_wconf 83' lang='lat' dir='ltr'>conversurus,</span> <span class='ocrx_word' id='word_1_304' title='bbox 419 4229 459 4278; x_wconf 91' lang='lat' dir='ltr'>se</span> <span class='ocrx_word' id='word_1_305' title='bbox 489 4205 717 4300; x_wconf 88' lang='lat' dir='ltr'>comparabat</span> <span class='ocrx_word' id='word_1_306' title='bbox 739 4225 843 4274; x_wconf 89' lang='lat' dir='ltr'>:cum</span> <span class='ocrx_word' id='word_1_307' title='bbox 859 4222 940 4273; x_wconf 88' lang='lat' dir='ltr'>ecce</span> <span class='ocrx_word' id='word_1_308' title='bbox 965 4199 1009 4273; x_wconf 93' lang='lat' dir='ltr'>de</span> <span class='ocrx_word' id='word_1_309' title='bbox 1028 4199 1050 4270; x_wconf 84' lang='lat' dir='ltr'>J</span> <span class='ocrx_word' id='word_1_310' title='bbox 1054 4199 1177 4271; x_wconf 84' lang='lat' dir='ltr'>escitis</span> <span class='ocrx_word' id='word_1_311' title='bbox 1194 4196 1407 4280; x_wconf 88' lang='lat' dir='ltr'>rumusculi,</span> <span class='ocrx_word' id='word_1_312' title='bbox 1429 4196 1632 4291; x_wconf 89' lang='lat' dir='ltr'>nentiquam</span> <span class='ocrx_word' id='word_1_313' title='bbox 1649 4196 1771 4293; x_wconf 90' lang='lat' dir='ltr'>lepidi,</span> 
     </span>
     <span class='ocr_line' id='line_1_29' title="bbox 159 4319 1902 4418; baseline -0.003 -21"><span class='ocrx_word' id='word_1_314' title='bbox 159 4325 284 4402; x_wconf 75' lang='lat' dir='ltr'>famoso</span> <span class='ocrx_word' id='word_1_315' title='bbox 300 4328 477 4415; x_wconf 91' lang='lat' dir='ltr'>libello,in</span> <span class='ocrx_word' id='word_1_316' title='bbox 494 4327 696 4401; x_wconf 87' lang='lat' dir='ltr'>Gedanensi</span> <span class='ocrx_word' id='word_1_317' title='bbox 712 4326 961 4400; x_wconf 86' lang='lat' dir='ltr'>haereticorum</span> <span class='ocrx_word' id='word_1_318' title='bbox 974 4326 1120 4397; x_wconf 89' lang='lat' dir='ltr'>taberne</span> <span class='ocrx_word' id='word_1_319' title='bbox 1132 4320 1288 4418; x_wconf 88' lang='lat' dir='ltr'>procusi,</span> <span class='ocrx_word' id='word_1_320' title='bbox 1304 4343 1368 4414; x_wconf 89' lang='lat' dir='ltr'>per</span> <span class='ocrx_word' id='word_1_321' title='bbox 1382 4319 1607 4392; x_wconf 82' lang='lat' dir='ltr'>Germaniam</span> <span class='ocrx_word' id='word_1_322' title='bbox 1620 4344 1774 4394; x_wconf 91' lang='lat' dir='ltr'>omnem·</span> <span class='ocrx_word' id='word_1_323' title='bbox 1860 4359 1902 4413; x_wconf 51' lang='lat'>44,</span> 
     </span>
     <span class='ocr_line' id='line_1_30' title="bbox 161 4431 1953 4568; baseline -0.002 -48"><span class='ocrx_word' id='word_1_324' title='bbox 161 4471 223 4543; x_wconf 90' lang='lat' dir='ltr'>que</span> <span class='ocrx_word' id='word_1_325' title='bbox 239 4452 422 4525; x_wconf 89' lang='lat' dir='ltr'>Poloniam</span> <span class='ocrx_word' id='word_1_326' title='bbox 439 4437 611 4548; x_wconf 85' lang='lat' dir='ltr'>dissipati.</span> <span class='ocrx_word' id='word_1_327' title='bbox 634 4451 763 4524; x_wconf 87' lang='lat' dir='ltr'>lsthaec</span> <span class='ocrx_word' id='word_1_328' title='bbox 789 4457 879 4531; x_wconf 87' lang='lat' dir='ltr'>erat,</span> <span class='ocrx_word' id='word_1_329' title='bbox 900 4456 1005 4543; x_wconf 90' lang='lat' dir='ltr'>atque</span> <span class='ocrx_word' id='word_1_330' title='bbox 1022 4448 1118 4529; x_wconf 92' lang='lat' dir='ltr'>hinc,</span> <span class='ocrx_word' id='word_1_331' title='bbox 1147 4443 1325 4539; x_wconf 78' lang='lat' dir='ltr'>quodJ&#39;am</span> <span class='ocrx_word' id='word_1_332' title='bbox 1342 4465 1540 4528; x_wconf 90' lang='lat' dir='ltr'>narramus,</span> <span class='ocrx_word' id='word_1_333' title='bbox 1561 4451 1646 4516; x_wconf 87' lang='lat' dir='ltr'>nata</span> <span class='ocrx_word' id='word_1_334' title='bbox 1663 4445 1777 4516; x_wconf 92' lang='lat' dir='ltr'>crimi-</span> <span class='ocrx_word' id='word_1_335' title='bbox 1807 4431 1953 4568; x_wconf 56' lang='lat' dir='ltr'><strong>Hfflfflloe&#39;</strong></span> 
     </span>
     <span class='ocr_line' id='line_1_31' title="bbox 159 4529 1952 4671; baseline -0.003 -26"><span class='ocrx_word' id='word_1_336' title='bbox 159 4576 334 4649; x_wconf 89' lang='lat' dir='ltr'>natoribus</span> <span class='ocrx_word' id='word_1_337' title='bbox 347 4575 560 4671; x_wconf 92' lang='lat' dir='ltr'>turpissimis</span> <span class='ocrx_word' id='word_1_338' title='bbox 578 4574 710 4647; x_wconf 89' lang='lat' dir='ltr'>fabula.</span> <span class='ocrx_word' id='word_1_339' title='bbox 732 4603 748 4634; x_wconf 69' lang='lat' dir='ltr'>a</span> <span class='ocrx_word' id='word_1_340' title='bbox 771 4576 931 4654; x_wconf 86' lang='lat' dir='ltr'>Quatuor</span> <span class='ocrx_word' id='word_1_341' title='bbox 944 4595 967 4644; x_wconf 93' lang='lat' dir='ltr'>a</span> <span class='ocrx_word' id='word_1_342' title='bbox 981 4570 1185 4652; x_wconf 83' lang='lat' dir='ltr'>Germania,</span> <span class='ocrx_word' id='word_1_343' title='bbox 1205 4568 1328 4640; x_wconf 87' lang='lat' dir='ltr'>habitu</span> <span class='ocrx_word' id='word_1_344' title='bbox 1340 4567 1504 4662; x_wconf 90' lang='lat' dir='ltr'>jesuitico</span> <span class='ocrx_word' id='word_1_345' title='bbox 1524 4575 1648 4652; x_wconf 89' lang='lat' dir='ltr'>tectos,</span> <span class='ocrx_word' id='word_1_346' title='bbox 1668 4590 1775 4662; x_wconf 90' lang='lat' dir='ltr'>gran·</span> <span class='ocrx_word' id='word_1_347' title='bbox 1804 4529 1952 4650; x_wconf 38' lang='lat' dir='ltr'>iffi?-</span> 
     </span>
     <span class='ocr_line' id='line_1_32' title="bbox 164 4673 1952 4813; baseline -0.003 -41"><span class='ocrx_word' id='word_1_348' title='bbox 164 4727 179 4759; x_wconf 69' lang='grc' dir='ltr'><strong><em>κ</em></strong></span> <span class='ocrx_word' id='word_1_349' title='bbox 197 4699 312 4773; x_wconf 90' lang='lat' dir='ltr'>diores</span> <span class='ocrx_word' id='word_1_350' title='bbox 330 4709 417 4774; x_wconf 89' lang='lat' dir='ltr'>natu</span> <span class='ocrx_word' id='word_1_351' title='bbox 429 4701 531 4786; x_wconf 82' lang='lat' dir='ltr'>duce,</span> <span class='ocrx_word' id='word_1_352' title='bbox 548 4701 636 4772; x_wconf 91' lang='lat' dir='ltr'>duos</span> <span class='ocrx_word' id='word_1_353' title='bbox 648 4699 822 4795; x_wconf 76' lang='lat' dir='ltr'>juniores</span> <span class='ocrx_word' id='word_1_354' title='bbox 840 4696 1020 4791; x_wconf 87' lang='lat' dir='ltr'>Stephano</span> <span class='ocrx_word' id='word_1_355' title='bbox 1038 4695 1131 4788; x_wconf 85' lang='lat' dir='ltr'>regi,</span> <span class='ocrx_word' id='word_1_356' title='bbox 1146 4693 1306 4764; x_wconf 90' lang='lat' dir='ltr'>homines</span> <span class='ocrx_word' id='word_1_357' title='bbox 1321 4714 1340 4764; x_wconf 90' lang='lat' dir='ltr'>e</span> <span class='ocrx_word' id='word_1_358' title='bbox 1354 4691 1533 4765; x_wconf 89' lang='lat' dir='ltr'>Societate</span> <span class='ocrx_word' id='word_1_359' title='bbox 1545 4693 1567 4764; x_wconf 85' lang='lat' dir='ltr'>J</span> <span class='ocrx_word' id='word_1_360' title='bbox 1570 4714 1633 4764; x_wconf 89' lang='lat' dir='ltr'>osu</span> <span class='ocrx_word' id='word_1_361' title='bbox 1651 4692 1777 4788; x_wconf 90' lang='lat' dir='ltr'>cupide</span> <span class='ocrx_word' id='word_1_362' title='bbox 1805 4675 1893 4813; x_wconf 50' lang='lat' dir='ltr'><strong><em>w</em></strong></span> <span class='ocrx_word' id='word_1_363' title='bbox 1913 4673 1952 4729; x_wconf 76' lang='lat' dir='ltr'>s⁸&#39;</span> 
     </span>
     <span class='ocr_line' id='line_1_33' title="bbox 163 4815 1777 4918; baseline -0.003 -26"><span class='ocrx_word' id='word_1_364' title='bbox 163 4847 178 4878; x_wconf 68' lang='lat' dir='ltr'>a</span> <span class='ocrx_word' id='word_1_365' title='bbox 200 4823 350 4918; x_wconf 90' lang='lat' dir='ltr'>undique</span> <span class='ocrx_word' id='word_1_366' title='bbox 380 4822 573 4917; x_wconf 90' lang='lat' dir='ltr'>colligenti,</span> <span class='ocrx_word' id='word_1_367' title='bbox 594 4844 616 4892; x_wconf 93' lang='lat' dir='ltr'>a</span> <span class='ocrx_word' id='word_1_368' title='bbox 650 4821 852 4917; x_wconf 87' lang='lat' dir='ltr'>Volfgango</span> <span class='ocrx_word' id='word_1_369' title='bbox 883 4821 1146 4915; x_wconf 89' lang='lat' dir='ltr'>archiepiscopo</span> <span class='ocrx_word' id='word_1_370' title='bbox 1163 4815 1391 4910; x_wconf 90' lang='lat' dir='ltr'>Mognntino,</span> <span class='ocrx_word' id='word_1_371' title='bbox 1413 4839 1476 4911; x_wconf 94' lang='lat' dir='ltr'>pro</span> <span class='ocrx_word' id='word_1_372' title='bbox 1506 4837 1570 4888; x_wconf 86' lang='lat' dir='ltr'>sna</span> <span class='ocrx_word' id='word_1_373' title='bbox 1588 4816 1682 4887; x_wconf 86' lang='lat' dir='ltr'>inter</span> <span class='ocrx_word' id='word_1_374' title='bbox 1716 4837 1777 4888; x_wconf 92' lang='lat' dir='ltr'>eos</span> 
     </span>
     <span class='ocr_line' id='line_1_34' title="bbox 163 4942 1781 5040; baseline 0.001 -26"><span class='ocrx_word' id='word_1_375' title='bbox 163 4943 467 5031; x_wconf 76' lang='lat' dir='ltr'>«necessitudine,</span> <span class='ocrx_word' id='word_1_376' title='bbox 488 4945 615 5016; x_wconf 90' lang='lat' dir='ltr'>missos</span> <span class='ocrx_word' id='word_1_377' title='bbox 631 4966 731 5019; x_wconf 89' lang='lat' dir='ltr'>esse:</span> <span class='ocrx_word' id='word_1_378' title='bbox 766 4966 808 5017; x_wconf 86' lang='lat' dir='ltr'>eo</span> <span class='ocrx_word' id='word_1_379' title='bbox 832 4943 989 5038; x_wconf 91' lang='lat' dir='ltr'>corporis</span> <span class='ocrx_word' id='word_1_380' title='bbox 1008 4942 1104 5017; x_wconf 93' lang='lat' dir='ltr'>cultu</span> <span class='ocrx_word' id='word_1_381' title='bbox 1124 4945 1284 5016; x_wconf 91' lang='lat' dir='ltr'>homines</span> <span class='ocrx_word' id='word_1_382' title='bbox 1309 4951 1519 5038; x_wconf 87' lang='lat' dir='ltr'>personatos</span> <span class='ocrx_word' id='word_1_383' title='bbox 1536 4945 1655 5017; x_wconf 91' lang='lat' dir='ltr'>multis</span> <span class='ocrx_word' id='word_1_384' title='bbox 1672 4943 1781 5040; x_wconf 91' lang='lat' dir='ltr'>impo-</span> 
     </span>
    </p>

    <p class='ocr_par' dir='ltr' id='par_1_7' title="bbox 163 5061 1777 5164">
     <span class='ocr_line' id='line_1_35' title="bbox 163 5061 1777 5164; baseline 0.002 -26"><span class='ocrx_word' id='word_1_385' title='bbox 163 5093 179 5124; x_wconf 67' lang='lat' dir='ltr'>s</span> <span class='ocrx_word' id='word_1_386' title='bbox 199 5069 308 5142; x_wconf 90' lang='lat' dir='ltr'>snisse</span> <span class='ocrx_word' id='word_1_387' title='bbox 338 5065 492 5164; x_wconf 88' lang='lat' dir='ltr'>egregie.</span> <span class='ocrx_word' id='word_1_388' title='bbox 517 5067 563 5141; x_wconf 83' lang='lat' dir='ltr'>At</span> <span class='ocrx_word' id='word_1_389' title='bbox 580 5069 655 5140; x_wconf 87' lang='lat' dir='ltr'>suis</span> <span class='ocrx_word' id='word_1_390' title='bbox 673 5068 786 5142; x_wconf 90' lang='lat' dir='ltr'>scelus</span> <span class='ocrx_word' id='word_1_391' title='bbox 804 5061 945 5140; x_wconf 88' lang='lat' dir='ltr'>indiciis</span> <span class='ocrx_word' id='word_1_392' title='bbox 967 5067 1110 5141; x_wconf 87' lang='lat' dir='ltr'>tandem</span> <span class='ocrx_word' id='word_1_393' title='bbox 1127 5067 1327 5163; x_wconf 86' lang='lat' dir='ltr'>proditum:</span> <span class='ocrx_word' id='word_1_394' title='bbox 1358 5068 1615 5163; x_wconf 88' lang='lat' dir='ltr'>deprehensum</span> <span class='ocrx_word' id='word_1_395' title='bbox 1632 5070 1777 5156; x_wconf 89' lang='lat' dir='ltr'>scilicet,</span> 
     </span>
    </p>
   </div>
   <div class='ocr_carea' id='block_1_3' title="bbox 164 5192 1781 5370">
    <p class='ocr_par' dir='ltr' id='par_1_8' title="bbox 164 5192 1781 5370">
     <span class='ocr_line' id='line_1_36' title="bbox 164 5192 1781 5288; baseline 0.001 -24"><span class='ocrx_word' id='word_1_396' title='bbox 164 5217 180 5248; x_wconf 63' lang='grc' dir='ltr'><strong>α</strong></span> <span class='ocrx_word' id='word_1_397' title='bbox 199 5215 259 5264; x_wconf 90' lang='lat' dir='ltr'>eos</span> <span class='ocrx_word' id='word_1_398' title='bbox 274 5194 429 5268; x_wconf 86' lang='lat' dir='ltr'>Jesuitas</span> <span class='ocrx_word' id='word_1_399' title='bbox 448 5193 543 5265; x_wconf 89' lang='lat' dir='ltr'>larva</span> <span class='ocrx_word' id='word_1_400' title='bbox 570 5202 673 5267; x_wconf 90' lang='lat' dir='ltr'>tenus</span> <span class='ocrx_word' id='word_1_401' title='bbox 703 5194 810 5276; x_wconf 88' lang='lat' dir='ltr'>viros,</span> <span class='ocrx_word' id='word_1_402' title='bbox 831 5199 996 5266; x_wconf 87' lang='lat' dir='ltr'>caeterum</span> <span class='ocrx_word' id='word_1_403' title='bbox 1015 5192 1164 5288; x_wconf 85' lang='lat' dir='ltr'>feminas</span> <span class='ocrx_word' id='word_1_404' title='bbox 1194 5194 1322 5276; x_wconf 83' lang='lat' dir='ltr'>fuisse,</span> <span class='ocrx_word' id='word_1_405' title='bbox 1345 5201 1447 5287; x_wconf 88' lang='lat' dir='ltr'>atque</span> <span class='ocrx_word' id='word_1_406' title='bbox 1480 5195 1630 5268; x_wconf 88' lang='lat' dir='ltr'>alteram</span> <span class='ocrx_word' id='word_1_407' title='bbox 1660 5218 1781 5267; x_wconf 86' lang='lat' dir='ltr'>earum</span> 
     </span>
     <span class='ocr_line' id='line_1_37' title="bbox 1621 5316 1653 5370; baseline 0 0"><span class='ocrx_word' id='word_1_408' title='bbox 1621 5316 1653 5370; x_wconf 84' lang='lat'>18</span> 
     </span>
    </p>
   </div>
   <div class='ocr_carea' id='block_1_4' title="bbox 0 0 2487 6644">
    <p class='ocr_par' dir='ltr' id='par_1_9' title="bbox 0 0 2487 6644">
     <span class='ocr_line' id='line_1_38' title="bbox 0 0 2487 6644; baseline 0 0"><span class='ocrx_word' id='word_1_409' title='bbox 0 0 2487 6644; x_wconf 95' lang='lat' dir='ltr'> </span> 
     </span>
    </p>
   </div>
  </div>
 </body>
</html>
