4906 6642
644 1493 1416 1568 LITUANIOARUM

871 1723 1084 1787 sommus
1104 1721 1191 1782 JESU

460 1952 1594 2154 Hisxonrnaou
1663 1983 1665 1988 ¹

655 2334 900 2426 LIBER
956 2329 1393 2424 SECUNDUS

908 2527 1132 2612 (ran-uso.)

925 2767 1119 2806 —aou---

320 3296 343 3346 a
360 3274 424 3346 Pio
443 3275 476 3344 V
493 3275 623 3348 missus
641 3276 687 3347 ad
705 3300 827 3372 regem
860 3277 1076 3351 Polonorum
1095 3275 1359 3370 Sigismundum
1376 3275 1596 3370 Augustum
1616 3273 1710 3370 apud
1729 3297 1833 3368 quem
1859 3243 1967 3392 magiis
1992 3341 2009 3378 a

320 3398 453 3470 scilicet
482 3399 557 3494 ipse
583 3401 761 3494 gratiosus
791 3401 894 3474 foret.
928 3401 1121 3495 Negotium
1147 3400 1338 3494 legationis
1368 3409 1459 3485 erat,
1480 3399 1517 3471 in
1544 3421 1612 3493 quo
1638 3399 1833 3473 honestatis
1857 3399 1986 3456 Pontica

192 3521 363 3618 publicae,
383 3523 624 3620 prodendique
650 3525 800 3620 exempli
820 3549 890 3597 non
908 3523 1044 3620 optimi,
1066 3532 1100 3597 et
1121 3524 1226 3596 famae
1250 3547 1355 3596 causa
1373 3525 1484 3620 regiae
1501 3523 1687 3618 agebatur,
1708 3524 1740 3597 si
1759 3524 1833 3598 Au·
1856 3479 1990 3627 3331&

191 3652 325 3740 gustus
348 3657 590 3742 perseveraret
605 3649 641 3719 in
659 3649 853 3744 proposito.
874 3648 1056 3722 Statuerat
1072 3647 1146 3732 illa,
1161 3649 1277 3742 prima
1291 3649 1456 3744 conjuge,
1472 3647 1707 3722 Maximiliani
1723 3648 1832 3744 impe·
1858 3638 1973 3776 Polopiu

191 3770 328 3844 ratoris
341 3793 473 3857 sorore,
496 3772 577 3866 quia
591 3772 721 3845 sterilis
734 3780 840 3858 esset,
857 3795 919 3868 per
933 3772 1117 3866 repudium
1130 3771 1290 3856 dimissa,
1311 3771 1589 3868 sororomhujus
1603 3773 1831 3846 catharinam
1857 3737 1913 3776 nun
1939 3737 1979 3775 π’
2032 3765 2037 3776 ’

191 3893 246 3966 ad
262 3893 456 3968 thalamum
473 3896 646 3981 invitare;
669 3897 774 3992 idque
795 3897 870 3991 jam
889 3919 960 3969 non
982 3897 1130 3968 obscure
1147 3919 1210 3990 per
1229 3919 1313 3968 suos
1339 3895 1433 3991 apud
1451 3897 1703 3992 imperatorem
1719 3897 1829 3969 inter·

191 4018 340 4091 nuutios
352 4019 525 4114 agitabat.
551 4019 607 4092 Ab
627 4042 670 4093 eo
687 4019 880 4115 principem
896 4028 1127 4092 revocaturus
1148 4019 1294 4092 consilio
1314 4018 1491 4103 Pontifex,
1513 4018 1698 4092 Laurentii
1724 4041 1832 4115 opera

189 4141 248 4214 uti
265 4140 396 4227 voluit;
415 4141 545 4216 litteris
564 4165 626 4237 per
644 4143 794 4216 eundem
809 4143 855 4214 ad
877 4143 1155 4237 sigismundum,
1175 4143 1221 4214 ad
1239 4165 1404 4238 proceres
1422 4142 1592 4228 Polonos,
1609 4142 1655 4214 ad
1672 4165 1774 4216 suum
1792 4143 1829 4215 in

189 4264 347 4338 Polonia
374 4267 535 4340 nuntium
554 4267 781 4340 vincentium
803 4267 997 4351 Porticum,
1018 4266 1185 4340 dimissis.
1207 4266 1362 4338 Nuntius
1380 4265 1535 4350 interim,
1555 4265 1715 4339 adhibita
1732 4266 1829 4342 cole-

189 4391 314 4475 ritate,
341 4391 440 4486 prius
467 4415 543 4464 rem
568 4390 721 4476 conficit,
749 4411 854 4485 quam
880 4398 918 4463 ut
944 4391 1064 4486 aliqua
1093 4399 1269 4486 praeterea
1302 4413 1391 4487 opus
1417 4391 1464 4463 sit
1489 4413 1610 4486 opera.
1642 4393 1830 4488 Proposita

187 4514 364 4586 liberatus
380 4537 466 4587 cura
484 4515 642 4610 Magius,
663 4516 709 4588 ad
736 4536 793 4588 res
810 4515 993 4588 Sociorum
1014 4515 1052 4587 iu
1077 4513 1256 4600 Lituania,
1278 4537 1392 4610 nuper
1409 4537 1433 4586 a
1449 4537 1488 4588 so
1510 4514 1704 4599 institutas,
1725 4515 1829 4592 laetue

188 4660 229 4710 so
248 4637 369 4710 vertit.
388 4637 507 4710 Vilnae
528 4661 696 4734 prospere
713 4638 819 4710 rebus
833 4637 983 4732 collegii
1001 4639 1274 4733 procedentibus
1290 4646 1327 4711 et
1344 4637 1484 4726 studiis,
1505 4637 1691 4712 imminuta
1707 4639 1827 4712 multis

185 4761 350 4858 partibus
381 4761 459 4835 visa
489 4771 544 4835 est
572 4763 820 4836 haereticorum
853 4762 1055 4836 insolentia.
1070 4770 1073 4776 '
1089 4762 1301 4859 Repurgata
1330 4769 1528 4858 ornataque
1559 4763 1641 4835 Divi
1672 4763 1823 4837 loannis

183 4887 307 4960 aedes:
329 4885 501 4980 disposita
526 4885 679 4958 altaria:
700 4893 867 4980 reparata
892 4885 1052 4980 supellex
1077 4909 1200 4960 sacra:
1229 4888 1405 4961 institutae
1430 4888 1638 4962 catechismi
1662 4886 1819 4960 scholae:
1850 4875 1978 5011 Vinia

180 5011 269 5084 ordo
287 5008 557 5095 sacrificiorum,
579 5033 654 5082 aera
670 5033 855 5104 campana,
877 5011 1024 5096 musica,
1045 5009 1186 5106 aliaque
1203 5012 1435 5085 invitamenta
1452 5011 1574 5108 populi
1591 5012 1638 5084 ad
1655 5011 1819 5106 pietatem
1850 5031 1933 5087 eoem
1957 5051 1999 5088 res

178 5143 319 5212 curata.
336 5133 564 5208 Alleotabaut
576 5133 712 5207 animos
726 5135 878 5208 maxime
890 5135 1068 5208 orationes
1081 5136 1127 5208 ad
1141 5136 1346 5210 concionem
1359 5159 1487 5221 sacrm,
1504 5159 1584 5231 quae
1601 5159 1624 5208 a
1642 5135 1821 5210 Stanislao
1845 5108 2000 5241 &mim

196 3169 439 3450 Exuuurn
457 3172 540 3222 vero
562 3158 720 3245 tempore
751 3151 842 3226 1571
863 3151 986 3227 revisit
1002 3152 1047 3224 ab
1064 3152 1210 3226 Austria
1227 3151 1414 3226 Poloniam
1436 3148 1650 3226 Laurentius
1672 3149 1831 3245 Magius,
1862 3165 1925 3220 15⁷1
