4930 6634
726 818 834 878 LIBER
857 815 1261 892 061116611636-1646).
1752 819 1819 884 293

185 1000 390 1072 aestimator.
411 1000 571 1078 Quatuor
592 999 718 1070 marito
738 999 868 1094 optime
886 998 1077 1084 1661116166,
1095 1023 1242 1094 quorum
1256 1001 1314 1073 hic
1331 1002 1563 1087 meminimus,
1585 1024 1713 1097 parens
1728 999 1813 1074 felix
1837 1011 1900 1068 1681

184 1125 326 1220 reliquit
341 1123 434 1194 fflios
451 1148 458 1194 :
477 1146 520 1195 611
532 1123 588 1195 1116
603 1124 624 1196 J
628 1146 761 1194 oannes
775 1122 954 1208 AlbertuS,
972 1125 1016 1196 ab
1034 1125 1130 1197 obitu
1149 1125 1302 1198 Simonis
1312 1123 1505 1196 Rudnickii
1518 1123 1699 1208 antistitis,
1715 1126 1810 1221 prin·

189 1271 271 1343 ceps
303 1248 395 1320 idem
414 1239 667 1344 episcopusque
685 1247 867 1319 Varmiam
897 1249 1122 1342 gubernavit.
1142 1249 1220 1320 Hoc
1249 1249 1405 1320 antistite
1431 1249 1525 1342 Socii
1542 1248 1748 1322 Resselium
1773 1271 1811 1322 so
1837 1231 1947 1364 secudu

186 1371 390 1455 intulerunt,
404 1371 538 1465 aregio
553 1370 769 1464 Sigismundi
783 1374 971 1444 secretario
982 1373 1161 1468 Stephano
1176 1372 1387 1445 Szadurskio
1405 1373 1561 1446 invitati:
1583 1373 1812 1466 probantibus
1838 1386 1971 1443 decenum

187 1496 359 1591 Stephani
377 1494 560 1568 consilium
578 1517 665 1590 rege
684 1501 720 1568 et
748 1496 906 1568 antistite
921 1496 1123 1570 Varmiensi
1148 1520 1226 1569 cum
1252 1520 1317 1570 suo
1334 1498 1504 1570 canonico
1522 1496 1671 1592 collegio
1693 1497 1809 1570 :acci-
1836 1469 1983 1603 ffl‘do,

187 1620 363 1715 pientibus
383 1618 525 1702 donum,
541 1619 684 1691 nomine
711 1619 893 1714 praepositi
911 1619 1081 1693 Societati
1104 1620 1282 1716 generalis
1314 1621 1421 1693 Mutii
1437 1619 1630 1705 Vitellesci,
1647 1620 1812 1694 Patribus
1836 1629 1972 1686 nicilum.

187 1743 362 1838 Pompilio
382 1743 656 1836 Lambertengo,
679 1743 871 1836 provinciae
885 1743 1078 1828 visitatore,
1100 1753 1136 1816 et
1152 1744 1304 1838 praeside
1327 1743 1535 1840 provinciali
1552 1743 1700 1815 Nicolao
1718 1743 1811 1816 Lan·

187 1867 285 1939 cicio.
324 1867 484 1939 Traditae
518 1867 676 1939 invitatis
711 1868 863 1940 coenobii
881 1867 1071 1963 templique
1096 1867 1296 1963 parietina,
1328 1868 1433 1962 jussu
1475 1867 1497 1939 J
1501 1868 1626 1940 oannis
1638 1867 1807 1940 'Albertit

190 1999 384 2085 exequente
405 1991 573 2087 principis
604 1991 809 2064 mandatum
832 1991 964 2063 vicario
994 1991 1165 2086 ejusdem,
1192 1991 1360 2064 canonico
1390 1990 1602 2076 Varmiensi,
1636 1991 1812 2088 Hipponae

189 2116 367 2211 episcopo,
389 2111 566 2186 Michaele
580 2114 811 2198 Dzialinskio,
826 2137 890 2209 per
907 2137 1031 2187 1666116
1045 2113 1193 2186 Μ6111166
1211 2114 1343 2200 Zechii,
1358 2113 1628 2188 Gudstadiensis
1637 2116 1809 2202 canonici,

188 2237 428 2312 Resseliensis
458 2237 771 2334 archipresbyteri.
800 2239 984 2312 Venerunt
1012 2239 1049 2309 16
1074 2238 1333 2334 possessionem
1367 2261 1485 2312 1611116
1516 2238 1609 2311 Socii
1640 2261 1718 2310 cum
1749 2263 1812 2312 suo

188 2371 326 2436 rectore
342 2363 487 2436 Andrea
500 2363 656 2458 Klinger
675 2363 765 2436 1631
783 2361 830 2458 (1).
852 2364 892 2435 16
911 2363 1034 2458 primis
1047 2362 1188 2434 fuerunt
1206 2362 1281 2434 ΡΡ.
1305 2360 1470 2435 Andreas
1488 2362 1759 2436 Bruchmannus
1777 2373 1813 2437 61

189 2489 312 2562 Simon
330 2488 477 2560 Heinus.
496 2487 634 2581 Templi
652 2495 687 2559 et
705 2487 842 2571 domus,
868 2487 1033 2560 diuturna
1045 2488 1092 2559 ab
1109 2487 1366 2560 habitatoribus
1381 2488 1571 2562 solitudine
1588 2496 1623 2561 et
1639 2495 1814 2562 vetustate

188 2611 346 2684 materiae
363 2612 441 2705 ipsa
460 2617 716 2705 corruptorum,
738 2611 796 2682 vix
826 2612 894 2707 ipsi
919 2611 1104 2684 haerebant
1121 2611 1285 2705 parietes.
1308 2612 1447 2686 Primos
1470 2613 1500 2684 is
1514 2612 1613 2685 locus
1628 2621 1814 2708 acceperat
1940 2693 1942 2696 ,

187 2736 325 2810 1666166
339 2736 376 2834 (a)
394 2737 597 2820 monachos,
619 2736 870 2830 augustiniani
883 2737 1035 2836 instituti
1052 2737 1226 2820 eremitas,
1247 2736 1452 2810 Hermanno
1470 2737 1514 2810 de
1539 2737 1712 2812 Bohemia
1724 2738 1813 2810 Var-

189 2861 342 2933 miorum
361 2861 538 2958 episcopo,
559 2883 650 2932 anno
670 2860 763 2932 1347
782 2861 1020 2945 accitos-XII
1034 2860 1204 2932 kalendas
1223 2860 1426 2934 decembres
1443 2862 1673 2952 introductos.
1699 2861 1812 2936 Colle·

186 2984 286 3079 gium
308 2983 397 3058 illud
414 2984 665 3057 monachorum
683 2986 876 3056 membrum
902 2991 980 3056 erat
996 2984 1146 3078 primum
1163 2983 1361 3068 Bavaricae,
1382 2982 1510 3057 deinde
1528 2967 1714 3058 Saxonicae
1731 3009 1812 3081 pro·

186 3109 351 3182 vinciaea
372 3097 466 3183 1353
482 3108 527 3180 ad
545 3108 659 3193 1530;
681 3131 748 3202 quo
763 3108 914 3202 denique
932 3130 1038 3192 6666,
1057 3108 1289 3181 latrocinante
1306 3108 1435 3182 haeresi
1451 3109 1602 3182 maxime
1613 3110 1812 3194 lutherana,

188 3232 411 3329 dissipatum.
441 3231 609 3328 Supellex
629 3255 707 3304 cum
740 3231 862 3327 templi
891 3238 966 3303 tum
992 3231 1117 3304 domus
1139 3232 1216 3327 jam
1245 3231 1328 3304 olim
1345 3234 1392 3306 ab
1423 3233 1598 3306 haereticis
1616 3233 1809 3307 distracta:

186 3357 325 3452 reliqua
348 3378 371 3427 a
400 3354 1199 3449 36666636161616616616666616661661166
1217 3355 1416 3429 distributa.
1438 3356 1544 3428 Horti
1561 3364 1598 3429 et
1613 3355 1713 3429 fundi
1730 3357 1813 3429 ciri·

188 3481 255 3552 bus
284 3481 321 3553 in
356 3480 614 3576 emphyteusim
646 3480 721 3552 dati
743 3505 750 3552 :
771 3478 934 3580 Andreae¹
947 3479 1130 3576 'Bathorio
1161 3477 1346 3565 cardinali,
1383 3480 1609 3553 Varmiorum
1640 3479 1807 3567 antistiti,

183 3625 281 3677 anno
318 3605 413 3680 1598
442 3604 607 3678 redhibiti
634 3604 809 3689 :clericis,
841 3603 901 3697 qui
926 3603 1050 3697 lingua
1074 3603 1368 3675 concionarentur
1397 3603 1571 3698 polonica,
1607 3606 1809 3700 assignati:

184 3729 355 3802 Societati
373 3730 523 3825 denique
540 3751 635 3801 auno
656 3728 746 3801 1631
777 3727 911 3811 traditi,
932 3735 1143 3821 procurante
1161 3728 1197 3798 in
1219 3727 1354 3822 primis,
1388 3730 1465 3800 viro
1490 3729 1613 3814 nobili,
1635 3731 1812 3827 Stephano

184 3853 415 3926 Szadurskio.
451 3855 599 3948 lndigne
628 3853 664 3923 id
686 3851 779 3924 ferre
807 3850 1034 3946 provincialis
1068 3850 1407 3944 Augustinianorum
1434 3875 1565 3948 praeses
1598 3855 1635 3926 in
1666 3851 1821 3929 Polouia'
1837 3876 1964 3946 August

184 3978 299 4050 Isaias
320 4003 328 4049 :
347 3979 443 4052 dicas
461 3979 521 4052 ille
538 3978 669 4051 nostris
682 3977 891 4072 impingere,
910 3975 1132 4071 perquefora
1151 3975 1478 4061 omniaarcessere;
1499 3999 1578 4069 quae
1594 3976 1638 4050 lis
1659 3979 1810 4076 denique
1836 3955 1911 4011 [1ῑωί
1943 3973 1983 4012 ‘⁰'

1836 4034 1901 4090 licta
1915 4035 1983 4090 frua-

181 4103 371 4177 Varsaviae
388 4105 494 4187 1636,
514 4102 786 4201 concedentibus
800 4099 958 4194 aequitati
972 4122 1089 4172 causae
1103 4106 1139 4172 et
1155 4100 1358 4172 auctoritati
1375 4107 1605 4194 patronorum
1615 4103 1806 4188 actoribus,
1835 4117 1899 4254 int
1912 4131 1984 4186 rope·

1777 4228 1784 4242 ·
1849 4211 1885 4252 1111
1902 4237 1908 4252 .

180 4225 365 4321 inprimis
398 4228 550 4324 praeside
575 4225 821 4298 Varsariensis
851 4223 1002 4295 coenobii
1026 4223 1173 4317 AEgidio
1197 4221 1339 4295 Millero
1370 4230 1405 4296 et
1438 4225 1614 4298 Stanislao
1641 4227 1809 4300 Kornicro

180 4351 376 4446 theologiae
410 4353 599 4446 magistro;
628 4351 768 4422 decreto
792 4348 953 4444 judicum
984 4347 1037 4420 ΙΙΙ
1072 4347 1151 4419 11166
1182 4347 1345 4420 octobres
1374 4350 1580 4444 composito.
1615 4351 1807 4424 Confirma-

180 4482 261 4546 tum
298 4475 349 4547 ita
372 4476 435 4570 jus
460 4497 575 4559 suum,
609 4474 751 4547 nomine·
774 4472 975 4557 societatis,
1010 4493 1145 4566 praeses
1165 4471 1387 4544 Resselianae
1423 4472 1546 4545 domus
1572 4474 1615 4546 P.
1653 4475 1809 4549 'rhomae

182 4596 331 4692 Glagius
358 4598 520 4670 obtinuit.

235 4722 322 4795 Cum
348 4721 568 4796 Resselianis
600 4720 785 4804 Lindanae,
813 4721 888 4794 sive
920 4741 1032 4793 sacrae
1057 4719 1174 4801 Tiliae,
1203 4742 1260 4792 res
1289 4727 1324 4790 et
1353 4726 1432 4791 ortu
1463 4742 1526 4793 suo
1557 4727 1592 4793 et
1624 4722 1701 4795 loco
1728 4731 1810 4796 sunt
1835 4715 1983 4850 61111166-

178 4847 491 4942 conjunctissimae.
531 4845 658 4928 Linda,
694 4845 823 4916 fundus
854 4845 1025 4926 Prussiae,
1054 4844 1091 4915 in
1120 4844 1299 4918 territorio
1329 4842 1607 4931 Bartenlandiae‚
1646 4845 1692 4917 ad
1727 4870 1809 4942 gra·
1835 4875 1932 4929 ciorum

178 4961 268 5043 dum
304 4970 535 5066 longitudinis
575 4969 637 5056 48,
670 4968 867 5042 latitudinis
901 4969 972 5042 fere
1008 4969 1070 5055 54,
1112 4967 1314 5041 Resselium
1338 4968 1430 5040 inter
1459 4978 1495 5042 et
1520 4970 1810 5066 Rastenburgum
1835 4953 1942 5046 ‹tonici-

88 5143 95 5154 ·
180 5097 324 5194 oppida,
360 5084 518 5192 duosque
543 5095 642 5167 lacus
670 5093 868 5167 Virhellum
893 5094 938 5166 ab
964 5092 1285 5189 septemtrionibus
1313 5094 1473 5166 Danaum
1495 5096 1541 5167 ab
1570 5103 1704 5181 austro,
1731 5095 1810 5168 loco
1835 5034 1911 5090 uum.

224 5235 267 5314 (t)
293 5235 388 5296 Pridie
405 5238 540 5296 kalendas
555 5237 733 5296 decembres.
744 5265 784 5278 -
800 5231 841 5313 (1)
860 5231 1091 5292 vitisatorem
1107 5234 1266 5292 prosaicam
1280 5228 1309 5292 J.
1323 5232 1435 5306 Leonis,
1448 5249 1513 5313 pag.
1535 5235 1604 5293 art.
