4948 6654
632 787 692 853 158
1022 787 1297 850 tubuniensem
1322 785 1535 846 SOCIETATIS
1557 785 1644 844 JESU
1668 783 1921 844 ulsfoumuuu

461 988 525 1044 1589
562 1035 573 1080 .¹
632 984 719 1049 natu
743 977 949 1062 minoribus,
982 977 1004 1049 J
1007 975 1117 1049 accho
1143 973 1328 1048 Golinskio
1356 977 1392 1044 et
1414 972 1436 1044 J
1440 971 1548 1044 oanni
1576 971 1690 1068 (quem
1718 971 1918 1044 Sacchinus
1935 969 2143 1044 Viluensem
2160 977 2265 1044 vocat

461 1067 609 1203 mmet
633 1102 750 1176 evenit
778 1127 785 1174 :
820 1103 918 1175 brevi
945 1102 1036 1175 alter
1065 1101 1226 1184 alterum,
1255 1097 1353 1173 bidui
1386 1097 1514 1194 spatio,
1540 1097 1586 1169 ad
1612 1096 1786 1169 tumulum
1817 1097 1942 1171 funere
1968 1119 2032 1170 suo
2057 1103 2264 1192 prosecutus

462 1222 575 1314 vinus·
632 1231 707 1310 est;
728 1223 909 1317 utriusque
936 1223 1101 1317 exequias
1127 1222 1262 1295 funeris
1292 1221 1471 1304 universa,
1492 1228 1625 1320 quanta
1651 1229 1868 1316 superasset,
1889 1207 2015 1293 civitas
2032 1218 2131 1292 luctu
2152 1219 2265 1292 incre-

462 1304 558 1358 runco.
633 1347 733 1420 dibili
763 1355 798 1420 et
827 1348 991 1420 laudibus
1017 1345 1217 1419 celebravit.
1251 1343 1436 1440 Reliquos
1462 1347 1523 1443 qui
1547 1368 1591 1418 ex
1615 1347 1798 1419 atrocitate
1828 1344 1996 1441 temporis
2022 1349 2260 1438 superessent,

633 1469 758 1545 orabat
785 1474 925 1556 PatreS,
945 1502 960 1532 a
983 1479 1034 1558 ut,
1063 1473 1183 1544 habita
1211 1474 1354 1546 tandem
1390 1474 1511 1548 salutis
1545 1499 1620 1548 suae
1650 1473 1796 1558 ratione,
1827 1471 2109 1567 quandoquidem
2135 1469 2266 1544 malum

637 1625 653 1655 a
669 1598 745 1692 jam
771 1596 930 1669 sedatum
957 1595 1136 1678 videbant,
1158 1597 1390 1690 quiescerent,
1408 1622 1522 1694 neque
1545 1623 1596 1686 se,
1613 1605 1719 1672 aetate
1736 1598 1789 1670 illi
1807 1595 2054 1670 imbecilliores
2068 1603 2104 1668 et
2117 1595 2265 1682 viribus,

593 1745 602 1761 ·
636 1750 652 1780 a
673 1721 719 1792 ad
750 1728 943 1793 extremum
980 1721 1014 1791 in
1050 1719 1254 1793 ministeriis
1293 1731 1516 1798 contererent
1547 1750 1554 1796 :
1584 1746 1786 1820 superesse,
1825 1715 1920 1816 quod¹
1953 1722 2086 1794 civitati
2121 1722 2268 1816 reliquae

636 1851 884 1941 «praestarent
908 1845 982 1943 pii:
1004 1847 1225 1919 continerent
1251 1871 1289 1920 se
1312 1847 1349 1918 in
1375 1833 1439 1920 suo
1463 1847 1642 1921 domicilio
1664 1848 1830 1922 :facilius
1856 1848 1907 1920 ita
1933 1870 1995 1920 eos
2019 1848 2199 1921 inventum
2226 1848 2270 1919 iri

637 1998 653 2028 a
674 1966 941 2064 perfugiumque
968 1970 1097 2042 certius
1115 1970 1150 2040 in
1177 1972 1321 2066 negotio
1339 1971 1496 2044 futurum
1515 1972 1670 2058 civibus3
1692 1973 1752 2066 qui
1769 1974 1917 2045 miseros
1941 1971 2057 2044 adhuc
2081 1979 2156 2044 tota
2174 1996 2269 2068 quae·

640 2123 656 2153 a
676 2093 845 2165 ritassent
871 2093 971 2178 urbe,
993 2117 1064 2165 non
1089 2093 1205 2167 minus
1228 2096 1310 2168 inde
1337 2118 1456 2190 operae
1484 2097 1635 2190 pretium
1660 2097 1828 2182 facturos,
1857 2096 1888 2168 si
1914 2095 2199 2190 confugientibus
2224 2098 2272 2170 ad

639 2243 655 2276 u
678 2237 717 2288 se
743 2237 762 2286 e
784 2237 848 2286 suo
874 2214 951 2287 loco
977 2224 1107 2310 praesto
1134 2217 1277 2303 fuerint,
1295 2242 1399 2314 quam
1432 2221 1463 2292 si
1493 2228 1638 2315 egentes
1661 2218 1747 2291 vicis
1765 2241 1804 2291 se
1823 2217 1984 2290 omnibus
2011 2218 2228 2310 quaesierint.
2252 2253 2269 2284 n

638 2341 760 2436 ltaque
778 2341 910 2414 residui
928 2365 990 2414 suo
1011 2343 1088 2437 jam
1109 2343 1295 2440 intemplo
1322 2353 1436 2418 coetus
1459 2346 1706 2442 poenitentium
1733 2344 1778 2416 ad
1805 2367 1844 2418 se
1869 2343 2083 2417 ventitantes
2111 2353 2273 2439 excepta·

639 2463 738 2537 bant.
756 2463 801 2535 Et
826 2463 991 2557 quoniam
1019 2463 1206 2539 difficultas
1234 2492 1399 2554 annonae,
1422 2472 1561 2544 saevitia
1585 2473 1696 2566 pestis
1719 2470 1910 2544 intercluso
1941 2477 2139 2542 commeatu
2165 2471 2272 2560 omni,

638 2589 753 2683 magis
775 2588 920 2659 incensa
937 2595 1026 2674 erat,
1048 2597 1086 2660 ut
1112 2588 1214 2662 multi
1239 2592 1346 2665 etiam
1371 2595 1466 2668 fame
1492 2598 1716 2692 disperirent,
1738 2596 1820 2669 huic
1848 2616 1986 2690 quoque
2011 2593 2104 2666 malo
2123 2595 2275 2672 subven-

640 2722 807 2812 lumper
838 2715 974 2798 Socios,
1005 2715 1095 2810 stipe
1129 2715 1174 2786 ab
1209 2719 1502 2812 opulentioribus,
1526 2724 1612 2796 urbe
1644 2721 1907 2808 excedentibus,
1928 2727 2129 2816 corrugata.
2156 2721 2211 2796 lta
2240 2726 2278 2796 et

640 2862 793 2936 ,corpora
823 2838 1024 2912 mortalium
1054 2839 1270 2914 curabantur
1305 2850 1341 2915 et
1371 2845 1492 2918 animi.

694 2964 734 3035 ln
762 2985 805 3035 ea
818 2963 992 3036 communi
1009 2963 1110 3037 clade
1128 2966 1368 3038 occubuerunt
1385 2991 1404 3040 e
1423 2968 1582 3066 Collegio
1594 2970 1806 3046 Academico
1821 2970 1914 3046 Socii
1928 2969 2122 3044 duodecim.
2142 2969 2277 3046 Eadem

644 3093 855 3183 tempestate
888 3088 1079 3183 aggregati
1108 3088 1155 3160 ad
1196 3087 1395 3162 Ecclesiam
1426 3092 1568 3189 Scythae
1610 3096 1693 3183 duo,
1731 3095 1893 3170 haeretici
1926 3092 2274 3190 undequadraginta,

644 3213 860 3287 schismatici
872 3214 1129 3311 quinquaginta
1147 3220 1231 3288 tres.
1254 3217 1507 3291 Poeuiteutium
1531 3230 1566 3295 et
1583 3219 1866 3316 supplicantium
1886 3239 2052 3290 uumerus
2074 3216 2112 3290 in
2130 3239 2175 3289 ea
2192 3215 2281 3288 urbe

647 3345 726 3434 post
742 3335 923 3408 hominurn
953 3337 1159 3409 memoriam
1183 3339 1367 3412 maximus.
1389 3343 1576 3418 Excitabat
1592 3347 1758 3419 nimirum
1789 3347 2042 3420 indormientes
2072 3343 2179 3418 saluti
2204 3365 2281 3414 suae

586 3523 593 3536 .
652 3461 820 3533 mortales
849 3459 1085 3557 impendentis
1115 3470 1229 3535 metus
1263 3465 1376 3538 exitii.
1398 3468 1492 3547 Quin
1523 3479 1558 3542 et
1582 3471 1766 3566 flagitiosi,
1786 3471 2013 3567 induratique
2046 3467 2279 3550 facinoribus,
2332 3549 2335 3556 Ι

651 3589 857 3663 catervatim
875 3611 914 3661 se
927 3588 1154 3662 conferebant
1170 3591 1217 3662 ad
1239 3590 1384 3678 urbem;
1406 3593 1482 3687 ipso
1496 3595 1662 3672 hortante
1679 3594 1848 3690 periculo,
1864 3599 2013 3665 mortem
2027 3600 2065 3664 ut
2085 3588 2282 3686 prudentes

653 3713 872 3789 confessione
897 3721 1122 3809 peccatorum
1147 3721 1427 3791 anteverterent.
1449 3719 1650 3794 Eveniebat
1675 3720 1817 3793 iuterim
1833 3719 2030 3790 animorum
2050 3713 2208 3798 medicis,
2227 3721 2280 3799 ut,

654 3861 732 3910 cum
750 3838 962 3933 incepissent
979 3837 1217 3912 nescientibus
1240 3841 1459 3916 curationem
1477 3844 1659 3932 adhibere,
1676 3845 1896 3940 imponentes
1922 3843 2068 3915 vomicae
2094 3840 2284 3936 spongiam

657 3966 825 4062 scalpello
852 3966 1008 4053 inducto,
1029 3990 1051 4038 a
1081 3969 1347 4043 senescentibus
1376 3968 1515 4042 deinde·
1530 3977 1729 4055 orarentur,
1750 3977 1790 4042 ut
1805 3968 1843 4040 in
1860 3966 2017 4042 curando
2034 3965 2281 4062 persisterent,

641 4091 692 4170 'et
708 4119 731 4169 a
752 4096 951 4191 personatis
968 4104 1145 4190 postremo
1164 4098 1291 4192 gratiae
1308 4104 1511 4191 agerentur.

535 4243 580 4299 os.
708 4218 860 4293 Gravius
885 4219 963 4314 ipsa
988 4219 1190 4315 pestilentia
1208 4220 1401 4294 afflictabat
1419 4218 1541 4292 socios
1569 4225 1643 4291 tum
1661 4215 1829 4303 Polociae,
1850 4224 1924 4288 tum
1949 4214 2070 4309 Rigae,
2091 4221 2165 4286 tum
2182 4210 2284 4297 alibi,

485 4321 632 4459 {affin
654 4344 824 4418 indomita
853 4344 1101 4417 haereticorum
1132 4345 1348 4440 malignitas
1384 4345 1491 4440 Piget
1510 4344 1587 4438 jam
1613 4363 1888 4414 commemorare
1909 4341 2059 4436 iujurias
2093 4337 2288 4412 identidem

485 4481 597 4573 locieot
658 4471 788 4543 nostris
801 4471 925 4556 factas,
945 4468 1170 4564 calamosque
1188 4470 1226 4540 in
1243 4469 1313 4540 illis
1329 4467 1569 4576 describendis
1583 4468 1760 4562 otiumque
1779 4466 1911 4538 bonum
1928 4471 2122 4538 conterere.
2144 4462 2294 4546 Omitto,

487 4563 630 4695 mg,
662 4592 747 4690 quid
780 4601 980 4689 quantaque
1010 4593 1233 4667 contentione
1273 4591 1415 4686 patroni
1446 4590 1694 4666 haereticorum
1728 4610 1894 4685 proceres
1924 4586 2020 4683 apud
2048 4607 2170 4681 regem
2196 4590 2232 4656 et
2258 4583 2301 4654 in

663 4717 812 4792 comitiis
830 4741 894 4814 pro
921 4720 994 4791 suis
1023 4719 1240 4814 Rigensibus
1266 4715 1436 4811 egerint:
1463 4722 1630 4810 quantum
1655 4713 1815 4807 pecuniae
1845 4709 2111 4806 corrumpendis
2135 4706 2303 4802 judicum

665 4844 792 4919 animis
809 4845 991 4942 profusum
1008 4843 1065 4918 sit.
1088 4844 1130 4917 Id
1146 4845 1267 4939 paucis
1294 4841 1464 4914 duntaxat
1490 4864 1597 4914 narro
1618 4865 1626 4910 :
1645 4845 1796 4933 quatuor
1814 4862 1833 4911 e
1856 4845 1981 4910 senatu
1999 4836 2104 4930 regui
2119 4834 2303 4930 discepta-

489 4986 614 5057 sigenu-
667 4983 763 5046 tores
781 4995 899 5045 causae
918 4978 1050 5044 nostrae
1067 4970 1223 5044 delectos
1248 4991 1327 5043 esse
1354 4967 1468 5042 :duos
1491 4965 1690 5040 cardinales
1711 4964 1906 5059 episcopos,
1922 4959 2145 5033 Bernardum
2158 4958 2304 5032 Macie-

492 5085 632 5220 ffiffif
666 5105 847 5204 jovskium
890 5102 1161 5188 (bremensium,
1197 5108 1232 5174 et
1263 5097 1456 5190 Georgium
1496 5091 1713 5165 Radivillum
1756 5085 2002 5171 Vilnensium3
2046 5091 2178 5180 praeter
2218 5081 2302 5167 hos,

493 5235 546 5286 tur.
675 5231 831 5305 Leonem
850 5228 1006 5324 Sapieha
1022 5225 1335 5322 procancellarium
1361 5221 1550 5304 Lituaniae,
1571 5227 1606 5291 et
1624 5217 1742 5290 nescio
1760 5237 1861 5308 quem
1888 5212 1995 5284 alium
2014 5235 2033 5282 c
2051 5209 2198 5306 profano
2214 5232 2307 5303 pro-
