4936 6658
678 764 786 825 00000
807 763 930 823 00000
952 760 1163 838 (raro-rosor.
1689 751 1762 815 030

145 951 534 1037 100000010010000100,
554 971 667 1045 nuper
695 946 862 1021 suffectus
879 944 1012 1019 ι100001
1038 941 1249 1026 Bielinshio,
1270 941 1316 1013 ad
1340 963 1466 1012 munus
1492 935 1761 1035 procancellarii
1787 945 1851 1000 1644

143 1078 325 1151 academici
344 1077 487 1148 Vilnam
507 1073 692 1147 translato.
1850 1135 1884 1191 18

186 1201 240 1274 Ex
265 1200 385 1272 multis
416 1199 486 1271 duo
503 1198 561 1270 hic
588 1198 737 1269 duorum
762 1193 930 1279 coelitum,
948 1192 1119 1267 stanislai
1136 1191 1290 1276 Kostka,
1312 1197 1347 1263 et
1375 1190 1398 1261 J
1401 1189 1563 1284 osaphat‚
1595 1191 1761 1286 martyris
1786 1213 1931 1272 Bessorum

141 1325 400 1420 archiepiscopi,
422 1345 736 1397 commemoramus
762 1317 947 1392 beneficia.
975 1320 1016 1390 10
1041 1316 1260 1413 provinciola
1291 1314 1485 1387 Orsanensi
1512 1314 1609 1385 curio
1642 1313 1761 1385 Staro-
1786 1293 1916 1429 {mm

137 1452 341 1526 siclanorum
355 1449 532 1532 sacerdos
552 1449 766 1521 Adalbortus
786 1441 1029 1525 Rudavshius‚
1046 1464 1090 1514 ex
1107 1442 1273 1513 diuturno
1301 1447 1336 1512 et
1361 1449 1463 1512 acuto
1483 1441 1612 1534 pedum
1635 1441 1758 1515 dolore
1786 1437 1908 1548 pharbe-

139 1600 240 1672 prope
258 1572 445 1657 emoriere,
466 1573 612 1645 tentatis
629 1572 763 1643 frustra
783 1567 997 1640 medicorum
1017 1565 1157 1661 opibus,
1184 1565 1266 1636 dum
1293 1565 1455 1659 precibus
1483 1565 1763 1637 misericordiam
1787 1536 1888 1591 mm·

94 1780 97 1787 ,
138 1698 295 1792 implorat
313 1695 483 1778 coelitum,
500 1718 624 1768 vocem
644 1693 831 1776 monentis,
853 1713 957 1787 quem
975 1697 1093 1762 tamen
1114 1713 1183 1761 non
1200 1689 1338 1761 videret
1353 1690 1480 1782 ipsum,
1502 1689 1634 1761 claram
1661 1690 1761 1761 inau-

138 1819 221 1890 diit:
246 1845 263 1876 a
284 1817 398 1889 Beato
425 1817 583 1900 Jesuitae,
608 1816 785 1889 Stanislao
814 1816 955 1889 Kostka
978 1839 1075 1911 aeger
1093 1838 1132 1886 se
1159 1814 1432 1887 commendaret.
1457 1849 1472 1878 n
1492 1813 1631 1908 Accipit
1649 1814 1761 1885 consi·

133 1945 235 2030 lium;
253 1943 370 2029 simul,
397 1943 598 2016 remittente
626 1943 760 2030 dolore,
787 1942 1027 2017 obdormiscit.
1048 1941 1250 2022 Quiescenti
1269 1940 1373 2013 offert
1401 1965 1438 2014 se
1457 1942 1581 2012 beatus
1603 1943 1759 2037 juvenis,

136 2075 333 2163 certumque
352 2066 437 2138 mali
455 2066 712 2140 absolutorium
741 2067 917 2161 designat.
942 2066 1074 2136 Paratu
1102 2065 1189 2137 illud
1216 2064 1280 2136 1011
1306 2064 1421 2147 facile,
1442 2073 1547 2158 atque
1573 2065 1667 2139 idem
1690 2074 1761 2138 tam

136 2195 268 2280 efficax,
287 2203 324 2268 ut
341 2218 410 2290 quo
424 2196 592 2290 temporis
606 2195 756 2267 articulo
774 2195 971 2266 adhibitum
989 2199 1055 2278 est,
1074 2191 1198 2264 eodem
1211 2190 1285 2264 fere
1299 2193 1441 2264 morbus
1459 2192 1565 2288 plane
1579 2195 1625 2264 sit
1642 2192 1762 2287 depul-

137 2344 204 2394 sus.
229 2321 350 2394 Laetus
368 2321 541 2417 postridie
559 2321 728 2417 templum
748 2321 897 2415 Collegii
932 2322 1013 2392 visit
1035 2343 1077 2392 ac
1102 2317 1243 2402 deinde,
1261 2319 1581 2413 monimentumque
1599 2319 1762 2394 beneficii

134 2451 338 2539 argenteum
352 2445 401 2517 ad
428 2467 528 2518 aram
546 2445 651 2517 Beati
670 2447 850 2540 appendit.
869 2446 1025 2520 Polociae
1051 2445 1199 2517 mirifica
1216 2446 1347 2540 pariter
1369 2447 1444 2518 viro
1471 2446 1594 2532 nobili,
1618 2448 1760 2542 provin·

138 2568 215 2642 ciali
242 2570 426 2653 advocato,
444 2591 522 2664 ope,
544 2571 615 2641 divi
638 2571 660 2642 J
664 2570 813 2665 osaphat
838 2570 1011 2643 medicina
1038 2567 1208 2640 adhibita.
1239 2569 1292 2640 Ex
1312 2568 1428 2642 ulcere
1455 2571 1579 2665 capitis
1593 2572 1761 2643 intestino

138 2701 170 2766 et
185 2693 276 2767 febri
290 2694 521 2766 moribundus
535 2695 639 2766 beato
657 2695 805 2790 martyri
820 2694 1103 2776 commendatur;
1121 2699 1207 2775 tum,
1229 2694 1333 2765 simul
1351 2716 1395 2792 00
1411 2694 1549 2766 ossibus
1564 2694 1636 2765 divi
1650 2697 1760 2770 sacris

135 2822 308 2897 fatiscenti
332 2824 379 2896 ad
409 2825 604 2898 auriculam
627 2824 826 2920 applicatur
852 2822 1039 2918 particula,
1057 2821 1162 2895 simul
1188 2823 1361 2926 rumpitur
1380 2825 1602 2917 suppuratio,
1618 2847 1759 2919 unaque

135 2946 282 3020 discedit
293 2946 415 3021 febris.
436 2950 492 3020 lta
506 2949 688 3020 restitutus
704 2948 770 3018 sibi
784 2947 864 3018 divo
879 2944 1038 3040 sospitali
1053 2969 1116 3017 suo
1138 2945 1255 3040 posuit
1280 2967 1378 3018 aram
1395 2946 1432 3016 in
1449 2945 1580 3040 templo
1594 2947 1755 3042 Collegii.

183 3071 224 3143 ln
241 3072 404 3146 Vilne'osi
417 3072 597 3154 academia
616 3073 696 3144 duae
717 3071 834 3144 adhuc
852 3070 1143 3143 desiderabantur
1161 3069 1293 3141 scholae
1314 3094 1321 3139 :
1338 3070 1430 3165 juris
1450 3071 1607 3142 canonici
1621 3080 1657 3144 et
1674 3072 1757 3144 civi·
1850 3066 1881 3120 ¹9

786 3197 791 3210 .
997 3195 1003 3210 .
1439 3197 1446 3210 ,
1487 3196 1493 3210 ,
1782 3141 1858 3198 Juris
1890 3158 1933 3197 ca·

132 3193 185 3269 lis.
204 3196 397 3292 Utramque
415 3197 518 3269 donis
537 3197 611 3268 suis
630 3197 812 3294 constituit
826 3196 900 3268 Leo
920 3194 1087 3289 Sapreha,
1106 3194 1359 3266 mareschallus
1374 3194 1515 3268 currahs
1529 3205 1617 3281 tum,
1629 3197 1757 3272 deinde
1782 3223 1872 3277 norici
1885 3225 1913 3277 et

129 3320 426 3414 procancellarius
456 3321 647 3404 Lituaniae,
677 3319 798 3390 accitis
821 3319 957 3391 duobus
987 3318 1168 3412 magistris
1195 3341 1239 3391 ex
1263 3318 1541 3412 lngolstadiensi
1559 3321 1751 3394 academia.
1781 3303 1870 3434 ἓξὲξ

130 3444 286 3540 00110010
313 3444 531 3518 Nesvisiensi
555 3444 776 3515 avisitatore
795 3443 838 3514 P.
856 3441 1020 3514 Fabricio
1039 3441 1198 3536 praefecti
1229 3449 1340 3514 sunt:
1367 3441 1537 3514 Nicolaus
1567 3444 1754 3518 Lauricius
1780 3457 1874 3512 schola

128 3576 163 3639 et
176 3569 378 3664 Stephanus
393 3567 650 3641 Rudzinskius:
668 3568 725 3639 hic
739 3567 793 3640 001
805 3567 1043 3650 oeconomicaa,
1064 3565 1124 3638 ille
1142 3566 1302 3661 Collegit
1320 3589 1549 3661 personarum
1568 3569 1755 3663 sexaginta
1779 3536 1921 3593 mmm·

127 3693 277 3788 amplius
312 3692 537 3778 moderator;
587 3699 722 3765 rectore
766 3691 903 3774 domus,
933 3691 1069 3762 Thema
1095 3690 1229 3786 elegio,
1259 3692 1466 3776 Torunium,
1504 3691 1550 3764 ad
1578 3693 1751 3768 celebrem
1849 3715 1882 3769 20

127 3817 307 3890 doctorum
325 3817 512 3914 synodum,
531 3824 567 3890 et
585 3817 844 3890 controversias
863 3815 1057 3887 catholicos
1070 3815 1163 3886 inter
1181 3821 1216 3887 et
1232 3815 1430 3902 haereticos,
1457 3825 1599 3890 evocato
1617 3840 1639 3889 a
1665 3843 1751 3916 rege
1775 3789 1931 3928 ggpgripp

125 3941 310 4014 Vladislao
328 3942 377 4038 (1).
399 3943 467 4022 Qut
487 3941 571 4013 olim
588 3942 624 4013 10
647 3940 807 4034 Collegio
825 3939 860 4011 N
862 3939 1049 4012 esvisiensi
1063 3938 1221 4010 scholam
1238 3938 1362 4011 habuit
1379 3948 1519 4037 patrum
1537 3945 1652 4014 tertiae
1670 3967 1749 4038 pro·
1776 3953 1900 4021 colloqui-

126 4063 280 4138 bationis
297 4065 481 4158 magister,
509 4065 601 4138 idem
627 4064 816 4158 aliquando
839 4064 988 4135 duorum
1011 4063 1135 4137 Socius
1153 4065 1343 4160 praesidum
1360 4066 1639 4161 provincialium,
1661 4067 1751 4142 alias
1777 4033 1923 4164 ffl'ffl'

125 4188 245 4261 Vilnae
269 4189 480 4285 praepositus
511 4189 633 4262 domus
661 4187 843 4283 professae,
873 4189 1029 4261 Michael
1065 4188 1307 4274 Kornaclrius,
1330 4189 1525 4286 Samogita,
1546 4193 1752 4266 decennium
1843 4209 1875 4264 21

125 4313 328 4407 pontificius
347 4314 502 4408 episcopi
531 4313 737 4407 Samogitiae
764 4301 909 4404 Georgii
926 4310 1151 4406 Tyszkievicz
1179 4313 1380 4408 theologus,
1401 4339 1532 4388 annum
1550 4318 1633 4390 vitae
1652 4341 1752 4390 sexa·
1777 4285 1926 4422 fflsslssffe

126 4437 314 4531 gesimum,
344 4438 531 4513 Societatis
558 4437 656 4510 initae
684 4437 902 4510 tricesimum
929 4443 1090 4507 octavum
1117 4445 1242 4521 morte,
1273 4439 1415 4512 homine
1441 4442 1610 4537 religioso
1629 4443 1750 4537 digna,
1778 4445 1930 4504 nmmum.

124 4561 243 4634 finivit
258 4564 403 4648 Vornis,
422 4563 459 4636 10
477 4563 605 4659 oppido
631 4563 880 4634 canonicorum
899 4559 1116 4655 Samogitiae.
1147 4562 1270 4635 Funus
1287 4566 1474 4640 Michaelis
1493 4576 1633 4641 0001010
1653 4591 1753 4643 sacro
1778 4530 1904 4667 {ff'

124 4688 207 4782 ipse
224 4688 354 4760 arbiter
367 4688 517 4760 antistes
543 4687 732 4782 Georgius,
753 4686 867 4759 officio
884 4709 948 4780 pro
974 4685 1145 4759 defunctis
1164 4687 1282 4760 divino
1301 4693 1474 4776 canonici,
1504 4703 1539 4766 et
1565 4695 1692 4791 aliquis
1712 4719 1756 4768 ex

124 4811 285 4907 ipsorum
303 4811 462 4906 Collegio
492 4811 659 4882 concione
678 4810 721 4884 de
743 4809 908 4882 laudibus
934 4810 1002 4881 viri
1019 4810 1055 4881 in
1089 4835 1155 4892 sua
1180 4813 1325 4892 dioecesi
1344 4816 1433 4889 bene
1451 4819 1580 4906 meriti,
1593 4821 1754 4896 ⁸celebra·

125 4942 227 5010 runt.
247 4937 384 5032 Dignus
415 4936 547 5033 pariter
564 4935 608 5010 da
632 4960 701 5030 quo
730 4944 1034 5022 commemoretur,
1056 4937 1096 5008 P.
1128 4938 1303 5033 Georgius
1333 4925 1591 5037 Richtstcigus,
1613 4946 1757 5019 natione
1780 4987 1811 5043 p,
1826 4910 1918 5043 ἔξω.

125 5061 321 5146 Prutenus,
342 5061 494 5134 hominis
520 5060 692 5155 religiosi,
729 5059 825 5132 etin
855 5060 1080 5155 procuranda
1113 5061 1262 5134 aliorum
1295 5064 1409 5138 salute
1429 5067 1512 5138 navi
1542 5071 1753 5165 exemplum.
1784 5076 1865 5143 steigi

172 5197 219 5274 (1)
241 5199 279 5258 [lc
294 5199 497 5260 controversiis
512 5199 539 5257 in
557 5212 592 5258 00
604 5204 744 5258 conventu
758 5199 822 5258 vide
838 5199 964 5258 libellum
976 5199 1160 5274 inscriptum:
1178 5198 1356 5275 colloquium
1368 5203 1544 5264 lorunense.
1784 5158 1907 5227 ώσω*
