4906 6642
681 803 723 867 24
1050 805 1326 868 tirunulctuuu
1348 807 1562 870 socffirtrls
1582 808 1667 870 lusu
1689 807 1941 869 fflsroutuauu

509 995 576 1054 1568
716 987 833 1070 -lnds,
871 988 971 1083 quasi
1003 987 1186 1084 longaex
1219 991 1447 1086 navigatione
1475 1015 1518 1065 ac
1546 998 1754 1087 tempestate
1788 991 1826 1064 in
1864 988 2090 1085 tranquillum
2123 995 2308 1080 tutumque

682 1117 843 1207 receptus
861 1119 1014 1207 portum,
1029 1115 1204 1208 respicere
1216 1123 1332 1188 mente
1347 1138 1388 1188 ac
1406 1115 1562 1188 remetiri
1579 1115 1719 1200 itinera,
1735 1123 1855 1210 totque
1871 1121 1943 1186 tam
1957 1135 2100 1207 magna,
2115 1119 2189 1184 tam
2201 1109 2307 1182 facile

683 1243 898 1331 superatae
934 1259 973 1310 se
1005 1237 1186 1332 pericula:
1225 1239 1394 1311 admirari
1411 1239 1664 1334 benignitatem
1698 1240 1865 1324 divinam,
1899 1246 1935 1311 et
1964 1237 2009 1310 ad
2036 1233 2308 1310 collaudandam

682 1360 796 1432 socios
813 1360 975 1455 precibus
991 1362 1154 1436 invitare.
1167 1362 1226 1436 Sic
1243 1364 1361 1436 animo
1379 1364 1597 1436 erataffecto
1617 1387 1661 1436 ex
1690 1363 1750 1434 illo
1783 1363 1948 1456 deinceps
1977 1369 2149 1455 tempora,
2177 1364 2216 1430 ut
2241 1355 2310 1428 sibi

510 1494 605 1586 Q.
618 1494 659 1548 in·
677 1485 754 1580 jam
771 1491 933 1579 acceptus
946 1486 983 1557 in
1003 1485 1132 1572 coelum
1152 1487 1345 1560 videretur.
1372 1489 1493 1560 Prima
1507 1512 1545 1562 se
1558 1489 1677 1560 statim
1687 1489 1832 1561 incessit
1849 1511 1934 1560 cura
1949 1486 2100 1558 instituti
2118 1481 2309 1556 Societatis

512 1573 616 1628 mm*
683 1610 933 1703 cognoscendi,
954 1610 1000 1681 ad
1018 1611 1118 1706 cujus
1134 1611 1235 1706 leges
1253 1613 1410 1706 exigeret
1427 1635 1489 1684 sua
1505 1611 1649 1697 omnia;
1684 1635 1725 1684 eo
1743 1611 1889 1684 consilio
1907 1608 2144 1684 communium
2164 1605 2307 1700 regula-

682 1755 760 1804 rum
787 1733 916 1828 capita,
935 1733 1154 1828 inspicienda
1171 1759 1242 1808 ase
1256 1736 1461 1820 identidem,
1480 1736 1683 1830 perscripsit
1700 1742 1874 1808 accurate.
1902 1734 1950 1806 At
1972 1732 2032 1805 ille
2058 1741 2133 1803 tum
2163 1731 2236 1802 suis
2269 1751 2310 1802 se

684 1841 853 1952 pingebat
881 1857 1074 1943 litterulis;
1110 1860 1162 1932 sic
1194 1861 1237 1932 ad
1262 1861 1332 1932 ista
1357 1861 1432 1956 jam
1459 1861 1542 1932 olim
1576 1861 1703 1931 divino'
1723 1861 1904 1932 institutus
1918 1857 2134 1952 magisterio,
2155 1865 2207 1941 ut,
2228 1877 2311 1950 quae

511 1983 629 2078 popius
685 1980 865 2064 scriberet,
880 1981 956 2076 jam
973 1981 1047 2054 suis
1076 1981 1114 2054 in
1131 1984 1286 2056 moribus
1314 2007 1483 2078 expressa
1514 1983 2005 2056 cernerentur.'Pervidebant
2029 1980 2067 2052 id
2090 1985 2310 2074 spectatores

512 2063 888 2213 1,¹¹'¹¹„,{,'‡,¹,¹J}¹¹⁵morumque
913 2128 1076 2178 censores
1108 2107 1279 2202 praesides
1311 2109 1395 2192 sui;
1434 2116 1537 2202 atquc
1563 2107 1658 2178 hunc
1689 2107 1741 2178 illi
1768 2107 2025 2180 observandum
2054 2104 2244 2198 diligenter
2274 2110 2312 2175 et

512 2227 563 2277 2¹¹¹·
681 2228 890 2301 imitandum
917 2230 1160 2325 proponebant
1174 2232 1360 2304 tironibus.
1382 2231 1570 2303 Trifariam
1583 2231 1732 2302 divisum
1746 2238 1823 2302 erat
1837 2231 1962 2302 Romae
1977 2228 2189 2300 novitiorum
2203 2227 2310 2298 soda-

682 2351 817 2425 litium:
838 2375 922 2447 pars
937 2353 975 2424 in
992 2353 1166 2426 domicilio
1185 2355 1435 2449 professorum,
1452 2375 1536 2450 pars
1549 2355 1586 2425 in
1605 2355 1762 2449 Collegio
1788 2353 2015 2440 scholastico,
2034 2376 2118 2448 pars
2144 2350 2223 2424 loco
2242 2375 2310 2423 suo

681 2475 719 2575 in
736 2483 853 2547 monte
872 2475 1015 2549 Cavallo
1034 2477 1079 2549 ad
1096 2477 1210 2551 aedem
1226 2477 1380 2551 Andreae
1397 2478 1573 2574 Apostoli,
1594 2478 1837 2551 imbuebantur
1855 2479 2033 2569 religiosae
2051 2478 2134 2548 vitae
2167 2477 2309 2550 studiis.

683 2599 725 2670 In
752 2597 901 2693 singulis
932 2599 1184 2696 aliquantisper
1213 2602 1429 2675 Stanislaum
1459 2603 1668 2674 commorari
1697 2603 1874 2697 oportuit;
1907 2603 2013 2696 idque
2046 2623 2088 2674 eo
2114 2600 2311 2695 praesidum

683 2721 844 2806 consilio,
867 2729 906 2793 ut
923 2723 1047 2796 existo
1064 2724 1259 2819 perillustri
1279 2725 1471 2820 exemplari
1502 2747 1722 2820 unaquaeque
1751 2725 1928 2799 Sodalitas
1946 2748 2081 2797 morum
2106 2733 2143 2797 et
2167 2724 2312 2819 pietatis

682 2853 823 2940 caperet
839 2835 1070 2920 documenta:
1087 2850 1194 2934 Nam,
1210 2852 1346 2923 tametsi
1360 2851 1396 2921 in
1414 2848 1561 2945 egregia
1578 2849 1641 2922 illa
1657 2849 1777 2923 sobole
1793 2849 1917 2923 eadem
1933 2873 2055 2922 omnes
2073 2859 2169 2922 recte
2187 2850 2312 2922 actita-

683 2977 776 3056 rent,
792 2991 833 3042 ac
846 2993 910 3066 pro
927 2994 966 3044 se
983 2973 1130 3066 quisque
1148 2981 1350 3068 satagerent
1366 3000 1375 3060 ;
1395 2973 1584 3048 discrimen
1601 2981 1721 3045 tamen
1738 2973 1775 3044 in
1791 2973 1924 3049 eisdem
1943 2981 2020 3046 erat
2036 2973 2254 3069 praecipuum
2274 2983 2312 3047 et

617 3182 624 3196 ·
685 3095 852 3190 splendor
868 3095 1009 3191 quidam
1026 3098 1149 3184 mirus,
1167 3123 1245 3193 quae
1264 3098 1321 3170 hic
1347 3107 1489 3193 gereret
1517 3099 1759 3171 communiter.
1790 3099 2092 3178 Quemadmodum
2117 3100 2245 3184 oratio,
2280 3101 2312 3172 si

508 3181 661 3316 mg,
684 3243 789 3315 quam
805 3221 843 3293 in
860 3244 1029 3296 consessu
1059 3231 1223 3296 narrator
1252 3223 1467 3326 percurristi,
1500 3247 1520 3296 ο
1550 3225 1731 3318 superiore
1751 3223 1829 3295 loco
1855 3231 1988 3305 orator,
2021 3224 2112 3318 legis
2136 3231 2173 3297 et
2190 3225 2310 3297 decori

510 3339 586 3396 nimi.
682 3343 874 3418 observans
891 3345 1017 3427 omnis,
1037 3348 1255 3441 pronunties,
1275 3347 1355 3442 plus
1373 3348 1482 3420 habet
1499 3346 1588 3419 lucis
1605 3346 1668 3418 illa
1684 3354 1720 3420 et
1737 3348 1859 3441 gratia
1873 3348 1944 3419 :ita
1958 3348 2113 3443 inhujus
2130 3347 2306 3434 oratione,

683 3477 763 3540 actu
793 3476 829 3541 et
858 3478 961 3564 gestu
987 3471 1081 3548 omni
1110 3471 1218 3544 decus
1249 3472 1364 3543 inerat
1391 3470 1505 3564 magis
1532 3471 1770 3564 conspicuum,
1791 3478 1826 3543 et
1842 3470 1906 3542 lux
1931 3470 2136 3564 singularis.
2157 3470 2198 3543 Id
2224 3495 2311 3545 vero

683 3593 766 3666 huic
795 3593 961 3668 afflabunt
983 3595 1153 3667 maxime:
1176 3619 1276 3668 amor
1305 3595 1372 3668 Dei
1402 3595 1531 3667 ardens
1561 3602 1596 3666 et
1629 3594 1766 3666 illibata
1792 3596 1919 3668 mentis
1943 3595 2180 3691 pulchritudo.
2215 3596 2312 3669 Hinc

684 3740 822 3812 quoque
840 3717 903 3789 illa
920 3726 1086 3790 constans
1105 3720 1225 3791 vultus
1243 3719 1431 3790 amoenitas
1452 3743 1460 3789 :
1481 3718 1563 3789 hinc
1579 3718 1616 3788 in
1633 3717 1728 3788 omni
1746 3717 1884 3790 actione
1897 3718 2004 3791 ardor
2016 3719 2137 3805 animi,
2154 3721 2312 3814 pruden-

584 3925 612 3939 ..
684 3841 736 3913 tia
753 3841 994 3936 modestiaque
1011 3851 1245 3937 temperatus:
1262 3843 1345 3914 hinc
1361 3842 1521 3924 comitas,
1538 3851 1574 3913 et
1587 3841 1757 3913 sermonis
1770 3841 1869 3937 lepor
1885 3843 2059 3916 amabilis.

508 3925 658 4060 guffiff
734 3965 888 4038 Odiosus
905 3966 1044 4040 interim
1063 3967 1130 4039 sibi
1146 3975 1224 4041 erat
1252 3968 1355 4051 ade0‚
1389 3973 1428 4038 ut
1457 3989 1494 4038 se
1519 3967 1555 4036 in
1587 3965 1819 4038 humilitatem
1845 3967 2140 4062 asperitatemque
2170 3991 2312 4041 omnem

508 4083 558 4138 ⁸¹¹³·
683 4089 859 4185 abjectum
878 4090 958 4162 iret.
979 4093 1131 4164 Torrere
1149 4091 1273 4186 flagris
1295 4099 1448 4185 tergum,
1480 4089 1604 4162 ferreis
1626 4091 1782 4182 succingi
1808 4090 1992 4176 catenulis,
2025 4091 2119 4162 hirta
2139 4091 2314 4164 subucula

683 4215 822 4310 corpori
835 4237 933 4309 aegre
950 4214 1078 4299 facere,
1099 4238 1259 4288 somnum
1275 4215 1313 4285 in
1329 4215 1418 4288 duro
1453 4237 1592 4308 capere,
1623 4236 1730 4306 parce
1761 4214 1868 4296 vesci,
1901 4214 2082 4308 ipsamque
2100 4214 2188 4288 cibis
2205 4217 2312 4288 obso-

683 4359 771 4410 nare
787 4338 928 4423 famem,
948 4340 1096 4412 humilia
1113 4341 1218 4412 sociis
1246 4345 1352 4432 atque
1382 4335 1585 4432 coquinaria
1611 4345 1781 4430 praestare
1806 4336 1934 4419 officia,
1964 4337 2010 4408 ad
2030 4337 2138 4432 pedes
2160 4338 2313 4411 fratrum

684 4459 799 4554 abjici,
817 4460 976 4536 laborem
993 4470 1030 4536 et
1046 4463 1201 4558 inopiam
1218 4461 1385 4543 tolerare,
1405 4461 1484 4533 leve
1501 4485 1544 4534 ac
1573 4460 1747 4532 familiare
1773 4459 1840 4532 sibi
1864 4459 2074 4544 videbatur;
2104 4459 2307 4535 durioribus

683 4583 806 4669 etiam,
821 4607 926 4679 quam
938 4586 1007 4659 ista
1023 4587 1151 4669 forent,
1172 4588 1224 4658 uti
1241 4592 1475 4669 exerceretur,
1499 4585 1671 4680 praesides
1684 4584 1874 4678 rogitabat.
1894 4584 1948 4658 De
1963 4584 2128 4658 laudibus
2145 4585 2218 4658 suis
2244 4597 2309 4660 aut
2433 4571 2434 4576 ¹

682 4710 738 4782 sui
752 4709 911 4782 claritate
929 4709 1070 4804 generis
1085 4709 1219 4781 nullum
1237 4731 1434 4782 sermonem
1447 4714 1587 4802 poterat
1604 4706 1791 4781 sustinere.
1804 4709 1842 4780 Si
1860 4709 1943 4803 quid
1960 4709 2086 4782 horum
2099 4709 2305 4798 inferretur,

680 4833 886 4905 laudatores
914 4832 986 4905 alio
1016 4834 1103 4905 scite
1126 4833 1383 4927 detorquebat:
1416 4833 1560 4927 objectis
1586 4832 1750 4916 maxime,
1783 4856 1863 4926 quae
1893 4833 1959 4904 Dei
1987 4833 2244 4928 benignitatem
2270 4843 2309 4908 et

683 4979 836 5029 amorem
852 4957 1152 5030 commendarent.
1172 4956 1355 5030 Reversus
1372 4957 1512 5029 Vienna
1524 4957 1689 5040 Romam,
1717 4956 1904 5028 cardinalis
1920 4957 1942 5028 J
1945 4979 2079 5030 oannes
2093 4958 2308 5034 Franciscus

682 5079 964 5155 Commendonus
993 5082 1110 5156 visere
1144 5083 1241 5156 venit
1275 5080 1512 5156 Stauislaum:
1533 5079 1606 5165 ille,
1641 5089 1680 5153 ut
1710 5088 1787 5154 erat
1816 5081 1853 5152 in
1879 5081 2072 5154 ministerio
2099 5083 2306 5178 coquinario

683 5205 897 5291 sordidatus,
917 5205 985 5280 hoc
1002 5213 1105 5302 pacto
1123 5206 1271 5279 daturus
1288 5228 1327 5279 se
1344 5205 1382 5278 in
1399 5207 1577 5289 ruborem,
1597 5214 1694 5279 recta
1711 5205 1755 5278 ad
1774 5205 1977 5300 principem.
1997 5207 2140 5280 Amavit
2159 5209 2305 5302 juvenis
