4948 6654
666 813 775 874 LlBER
798 813 938 874 SEXTUS
960 815 1174 890 (toto-obab).
1710 803 1771 868 225

147 993 347 1068 prosecuta
373 1018 491 1091 regem
508 1003 585 1070 tota
602 996 736 1069 civitas.
758 997 924 1069 Instituta
941 1019 1004 1091 pro
1033 995 1185 1067 victoria·
1199 1001 1235 1067 et
1261 993 1404 1066 victoris
1421 989 1664 1063 incolumitate
1691 1009 1773 1081 sup·
1801 991 1866 1050 1611

148 1117 302 1212 plicatio.
327 1121 413 1195 Inde
431 1121 688 1217 Sigismundus,
710 1123 853 1194 remotis
883 1121 1054 1204 arbitriis
1075 1122 1152 1215 ipso
1182 1119 1255 1191 filio
1287 1140 1350 1190 suo
1380 1115 1563 1189 Vladislao
1582 1119 1771 1209 praesente,

149 1238 207 1310 diu
235 1241 280 1316 de
306 1267 497 1339 progressu
515 1246 699 1341 religionis
717 1245 902 1319 catholicae
920 1247 955 1316 in
974 1224 1127 1331 civitate,
1150 1246 1327 1319 erroribus
1352 1243 1536 1316 Photianis
1556 1240 1696 1321 insecta,
1713 1235 1772 1308 diu

65 1393 72 1410 ·
150 1361 316 1438 derebus
339 1367 519 1441 Sociorum
547 1371 583 1443 in
600 1394 643 1445 ea
669 1372 806 1444 colonia
825 1395 868 1444 ex
894 1370 1045 1466 praeside
1071 1370 1194 1442 domus
1214 1374 1460 1464 percontatus;
1493 1364 1648 1460 cognito,
1669 1383 1772 1456 quam

151 1485 295 1580 frugifer
329 1501 423 1566 esset
451 1518 522 1567 non
553 1493 621 1590 ipsi
650 1495 754 1568 modo
790 1496 939 1580 civitati,
968 1494 1032 1568 sed
1061 1494 1237 1566 universae
1271 1493 1375 1565 etiam
1406 1491 1536 1564 circum
1566 1479 1769 1583 provinciae,

153 1609 332 1687 Sociorum
346 1617 459 1706 labor,
479 1621 646 1715 templum
664 1622 911 1718 suppellectili,
932 1622 1072 1694 domum
1089 1618 1188 1691 novis
1207 1617 1307 1688 auxit
1320 1611 1529 1688 redditibus

198 1737 266 1816 Qui
307 1743 441 1834 pariter
483 1745 605 1817 Socios
648 1769 708 1818 sua
743 1745 778 1818 in
818 1746 905 1819 urbe
946 1744 1150 1824 collocaret,
1174 1742 1249 1835 jam
1289 1738 1348 1812 diu
1380 1737 1606 1834 exspectabat
1630 1734 1765 1816 Plocia,
1878 1773 1895 1828 2

154 1857 273 1932 civitas
297 1864 455 1940 Poloniae
486 1869 686 1964 Superioris
712 1871 905 1967 praecipua.
924 1870 1119 1969 Introducti
1140 1892 1181 1941 eo
1217 1868 1285 1939 duo
1311 1890 1331 1938 e
1363 1867 1520 1962 Collegio
1555 1863 1774 1939 Pultoviensi
1802 1853 1899 1950 Plocio

155 1986 364 2074 sacerdotes,
385 1990 556 2064 Nicolaus
573 1994 742 2090 Niszczyc
756 2002 790 2067 et
808 1995 1041 2068 Sebastianus
1059 1994 1267 2078 Romanus;
1287 1990 1335 2062 ad
1352 1991 1464 2063 aedem
1487 1992 1589 2063 beato
1606 1985 1776 2062 Michacli
1802 1952 1945 2070 hffshdh

156 2129 302 2194 sacram,
333 2125 482 2190 exeunte
518 2120 770 2213 septembris
803 2118 961 2192 Martino
993 2116 1265 2216 Szyszkovskio,
1303 2117 1378 2211 ejus
1411 2117 1574 2188 dioecesis
1605 2113 1775 2196 antistite,
1805 2113 1873 2153 run.

157 2233 327 2310 collocati.
353 2239 536 2314 Fructibus
552 2242 703 2337 primum
720 2243 818 2339 ipsis
840 2266 926 2338 quos
949 2265 993 2314 ex
1020 2241 1179 2315 decumis
1204 2242 1407 2336 assignarat
1434 2241 1630 2338 episcopua,
1650 2238 1783 2313 deinde

158 2381 196 2430 ex
209 2361 379 2435 attributo
398 2365 532 2459 praedio
557 2367 775 2452 Littobrooo,
795 2367 958 2463 denique,
980 2391 1059 2440 cum
1078 2367 1155 2438 haec
1180 2367 1258 2462 ipsa
1283 2373 1510 2461 carperentur
1527 2366 1573 2437 ab
1598 2363 1726 2436 invidis
1746 2369 1780 2436 et

159 2486 456 2572 subtraherentur,
476 2489 641 2564 subsidiis
659 2500 694 2564 et
710 2491 923 2564 liberalitate
937 2493 1075 2587 piorum
1092 2491 1218 2564 civium
1233 2513 1270 2564 se
1289 2490 1544 2564 sustentabant.
1562 2489 1718 2584 Magnus
1735 2487 1781 2560 ad

160 2631 273 2682 sacras
286 2611 471 2685 conciones
485 2613 593 2686 fiebat
607 2637 812 2701 concursus
825 2617 937 2711 major
950 2617 996 2689 ad
1013 2615 1224 2688 familiarem
1238 2614 1407 2687 doctrinae
1424 2615 1469 2686 de
1487 2613 1609 2686 officiis
1628 2612 1781 2685 hominis

162 2731 648 2840 christianiexplanationem.
671 2739 729 2811 Ad
743 2742 903 2815 scholam
917 2765 1053 2838 quoque
1070 2744 1173 2837 pueri
1192 2743 1387 2849 convocati.

208 2861 352 2958 Aliquot
370 2887 413 2936 ex
431 2866 498 2938 hac
515 2868 695 2960 provincia
714 2869 873 2963 insignes
887 2867 1018 2962 pietate
1032 2867 1127 2940 viros
1143 2870 1189 2941 ad
1202 2870 1308 2941 vitam
1324 2870 1463 2942 beatam
1477 2890 1571 2940 mom
1586 2863 1780 2939 transtulit.
1877 2868 1901 2971 ,3
1930 2956 1937 2969 ι

165 2988 346 3086 Antecepit
363 2992 502 3066 virtutis
525 3019 600 3068 suae
616 2996 767 3070 fructum
785 2995 991 3069 adolescens
1008 2995 1272 3090 integerrimae,
1292 2993 1338 3066 ad
1368 2993 1486 3064 omnia
1504 3013 1639 3064 summa
1664 2998 1781 3073 natus,
1811 2958 1967 3104 fflffi·

167 3113 302 3207 generis
313 3116 535 3204 nobilissimi,
547 3121 569 3192 J
572 3122 700 3193 acobus
714 3120 905 3205 Mlockius,
918 3121 1066 3216 poeticae
1079 3120 1115 3190 in
1128 3119 1314 3216 gymnasio
1328 3115 1476 3211 Rigcnsi
1492 3115 1672 3210 magister,
1685 3114 1787 3186 annis
1813 3128 1849 3220 1115
1870 3125 1959 3180 obitus

168 3237 290 3312 abhinc
308 3251 386 3314 octo
412 3235 688 3317 in'Societatem
714 3254 899 3341 acceptus;
928 3243 1124 3328 modestiae,
1146 3242 1376 3326 castimoniae,
1400 3239 1539 3336 pietatis
1570 3237 1785 3333 exemplum;
1814 3207 1899 3276 ΒΨ·

169 3363 282 3460 legum
312 3367 561 3462 religiosarum
595 3377 630 3442 et
659 3370 950 3443 consuetudinum
980 3369 1333 3452 observantissimus3
1367 3365 1412 3438 ad
1446 3387 1569 3438 omnes
1598 3365 1788 3460 praesidum

172 3508 308 3558 suorum
339 3495 445 3560 nutus
475 3495 613 3560 erectus
639 3513 777 3586 semper
796 3500 831 3565 et
847 3493 978 3579 alacer,
1001 3494 1155 3566 omniurn
1174 3515 1298 3565 amans
1316 3491 1351 3562 in
1379 3489 1519 3563 Christo
1549 3512 1591 3561 ac
1609 3512 1789 3572 reverens

172 3611 321 3682 omnium
339 3611 416 3706 ipse
429 3635 548 3684 amore
567 3619 602 3685 et
616 3617 815 3688 reverentia
833 3628 976 3714 propter
993 3620 1167 3715 ingenuos
1184 3639 1312 3700 mores,
1327 3624 1362 3688 ct
1379 3617 1573 3714 spirantem
1585 3615 1621 3688 in
1639 3615 1694 3686 his
1713 3615 1796 3687 vitae
1857 3604 1863 3621 ’

175 3732 406 3811 innocentiam
433 3760 476 3810 ac
493 3739 775 3826 sanctimoniam,
793 3743 889 3814 visus
908 3749 961 3815 est
985 3767 1124 3839 semper
1141 3743 1283 3839 dignus.
1308 3744 1448 3816 Memor
1465 3741 1652 3839 praesentis
1670 3741 1798 3835 ubique

174 3861 251 3950 Dei,
272 3864 390 3936 omnia
402 3847 472 3936 'sua
491 3887 671 3958 exequens
688 3865 947 3954 honestissime,
970 3870 1142 3942 sicamore
1164 3868 1461 3941 inflammabatur
1486 3866 1618 3953 divino,
1637 3875 1673 3939 ut
1692 3867 1798 3963 hujus

177 3988 321 4084 igniculi
348 4011 369 4061 e
398 3995 541 4083 pectore
563 4013 658 4086 saepe
685 3991 720 4063 in
760 3992 908 4079 vultum,
930 4016 1025 4089 saepe
1054 3995 1092 4067 in
1121 3992 1274 4088 suspiria
1305 4001 1339 4064 et
1368 3991 1534 4086 gemitus
1557 4016 1625 4063 non
1659 4012 1740 4062 raro
1764 3987 1801 4060 in
1879 3967 1881 3977 ¹

177 4113 349 4214 lacrymas
379 4116 485 4189 etiam
516 4127 754 4214 erumperent.
772 4119 972 4192 Secundum
1000 4121 1113 4192 Deum
1139 4120 1205 4194 Dei
1238 4128 1418 4216 parentem
1445 4119 1633 4214 Virginem
1659 4118 1800 4190 amabat

180 4242 328 4315 maxime
361 4240 586 4335 colebatque;
620 4240 777 4336 quotidie
804 4251 901 4316 certa
931 4245 963 4316 ei
997 4245 1097 4339 quasi
1128 4244 1260 4316 tributa
1292 4244 1433 4340 pietatis
1469 4244 1657 4315 devotione
1692 4242 1801 4314 animi

180 4369 356 4464 praecipua
373 4367 585 4462 pensitabat.
603 4367 755 4440 Gratum
770 4366 836 4440 sibi
853 4389 932 4438 eum
951 4365 1088 4440 clientis
1102 4368 1157 4439 sui
1171 4369 1326 4440 animum
1343 4368 1454 4440 Beata
1468 4369 1584 4440 Mater
1601 4365 1709 4439 fuisse
1722 4390 1804 4439 con-

181 4491 346 4581 firmarit;
366 4479 517 4566 maxime
541 4515 749 4588 oppressum
771 4495 893 4566 morbo
913 4519 1089 4591 supreme,
1105 4496 1227 4568 diebus
1249 4502 1333 4568 ante
1350 4494 1484 4566 obitum
1502 4493 1641 4567 circiter
1666 4493 1800 4578 decern,

183 4593 368 4714 conspectu
391 4641 455 4692 suo
478 4617 616 4705 solata;
636 4619 672 4690 id
690 4618 783 4712 quod
813 4619 980 4706 lacobus,
1001 4619 1129 4694 mentis
1156 4620 1264 4692 etiam
1296 4627 1370 4690 tum
1394 4640 1549 4712 compos,
1570 4618 1695 4691 laetitia
1724 4642 1803 4715 per·

184 4739 282 4815 fusus
310 4743 464 4829 insolita,
498 4743 687 4827 sacerdoti,
724 4743 858 4815 arbitro
892 4747 1128 4831 conscientiae,
1158 4745 1234 4816 viro
1268 4742 1435 4839 prudenti
1467 4765 1510 4815 ac
1543 4742 1614 4837 pio,
1635 4741 1802 4840 prodidit.

184 4865 299 4942 Biduo
327 4876 411 4942 ante
441 4877 601 4954 mortem,
623 4875 725 4941 nocte
753 4868 976 4965 intempesta,
998 4895 1075 4942 oum
1109 4870 1227 4942 lumen
1246 4868 1281 4938 in
1308 4867 1505 4939 cubiculum
1533 4867 1660 4962 aegroti
1690 4875 1808 4939 custos

186 4989 419 5094 inferret,ille
436 4993 538 5089 quasi
556 5001 784 5090 experrectus
807 5018 814 5064 :
835 5023 851 5054 κ
873 4995 1007 5081 omitte,
1023 4995 1148 5100 inquit,
1159 4994 1241 5076 ista,
1256 4993 1367 5064 irater
1384 4991 1586 5077 carissime;
1606 4990 1808 5065 lumen'hoc

190 5141 206 5174 κ
227 5116 315 5189 meis
332 5120 382 5191 uti
407 5142 453 5193 ne
472 5119 601 5192 officiat
630 5117 854 5213 spectaculis.
871 5117 965 5190 Audi
990 5125 1028 5190 tu
1051 5119 1191 5190 interim
1209 5141 1298 5189 meae
1321 5118 1451 5212 pariter
1471 5123 1611 5211 tuaeque
1627 5115 1806 5189 felicitatis

191 5267 207 5298 a
228 5241 400 5316 nuntium.
422 5242 680 5317 Illustrissimos
698 5242 888 5318 habuimus
914 5269 995 5319 ecce
1023 5267 1115 5317 nunc
1129 5244 1286 5340 hospites
1304 5269 1311 5314 :
1332 5243 1544 5316 exhilaravit
1570 5265 1638 5328 me,
1656 5242 1804 5337 dignata

1680 5362 1713 5416 29
