4936 6658
753 841 863 904 mono
883 839 1043 905 uncinus
1063 841 1275 922 (roso-roco.
1615 915 1618 922 ,
1778 837 1836 906 aot

218 1017 414 1116 Gotoburgi
446 1019 483 1093 in
501 1019 667 1096 Schonia.
688 1021 829 1096 Moschi
844 1022 987 1098 interim
1009 1023 1168 1120 insignes
1190 1020 1310 1095 multis
1328 1019 1417 1094 locis
1441 1018 1560 1095 clades
1586 1020 1784 1116 accipiunt;
1800 1025 1837 1096 in
1865 1043 1929 1100 1660

216 1143 351 1239 primis,
373 1144 446 1219 dux
469 1146 617 1220 millium
642 1146 802 1242 triginta,
824 1148 1070 1223 Chovanskius
1087 1171 1110 1220 a
1128 1147 1276 1222 ducibus
1297 1147 1507 1222 nostratium
1535 1146 1647 1221 Paulo
1668 1149 1835 1247 sapiam,
1863 1123 1973 1261 ἓξὲξ

215 1269 372 1364 palatino
396 1271 573 1358 Vilnensi,
599 1278 635 1346 et
657 1272 838 1369 Stephano
865 1273 1078 1348 Crarneckio
1103 1272 1261 1369 palatino
1287 1272 1443 1358 Russiae,
1470 1271 1564 1369 apud
1591 1273 1834 1362 Lachovioios,
1864 1281 1986 1372 moritur.

217 1394 425 1483 Slonirnum,
447 1397 638 1485 Polociam‚
656 1406 691 1472 et
708 1398 792 1472 alibi
805 1423 930 1486 caesus,
945 1400 1005 1473 vix
1022 1398 1172 1493 denique
1184 1397 1274 1495 ipse,
1295 1397 1461 1482 dimissis
1476 1402 1516 1470 ut
1528 1397 1640 1484 aiunt,
1661 1398 1836 1485 manibus,
1864 1357 1969 1496 {affl
2004 1480 2010 1494 ¹

217 1519 375 1616 profugit
385 1519 424 1594 in
441 1521 696 1597 Smolensciam
719 1551 727 1597 :
745 1523 887 1612 deinde,
908 1524 968 1619 qui
985 1547 1063 1597 cum
1089 1522 1288 1596 recentibus
1306 1545 1329 1594 a
1345 1520 1526 1594 Moscovia
1545 1520 1655 1617 copiis
1673 1545 1839 1618 superve-

219 1651 335 1730 nerat,
356 1647 488 1721 Ivanus
501 1648 742 1723 Dolhorukius
759 1650 807 1722 ad
824 1651 1071 1747 Borystenem‚
1087 1648 1243 1733 Essiam,
1264 1647 1586 1730 Prussam‚amnes
1603 1671 1611 1718 ε
1631 1647 1728 1743 apud
1744 1649 1838 1746 oppi-

219 1767 266 1840 da
279 1769 464 1859 Sklotum,
482 1772 701 1847 Cudnoviam
720 1774 768 1871 (1),
783 1774 1016 1848 Mobiloviam
1034 1779 1070 1848 et
1086 1773 1171 1846 alibi
1187 1770 1251 1844 alii
1263 1770 1418 1846 hostium
1435 1771 1611 1846 exercitus
1633 1772 1692 1846 vel
1714 1773 1784 1848 fusi
1799 1775 1837 1846 in

220 1893 297 1969 acie
313 1895 372 1970 vel
391 1896 566 1994 dissipati.
591 1898 669 1972 Pax
691 1899 773 1972 inde
801 1899 973 1994 affulgere
998 1899 1147 1987 civibus,
1174 1921 1253 1971 oum
1278 1919 1367 1994 pace
1396 1896 1694 1994 respublicavisa
1711 1899 1836 1995 partim
1921 1915 1954 1970 41

217 2021 477 2110 convalescere,
493 2024 622 2120 partim
635 2024 733 2099 refici
750 2048 869 2121 posse.
899 2025 1082 2100 Polociam
1100 2026 1173 2100 ‚duo
1192 2023 1288 2099 Socii
1304 2025 1350 2096 ad
1368 2022 1672 2119 recognoscendas
1690 2025 1839 2120 Collegii
1863 2006 1994 2148 fflffl

216 2169 275 2220 res
288 2147 399 2234 missi,
418 2143 508 2223 nihil
524 2150 562 2221 in
584 2151 711 2247 oppido
730 2152 802 2224 nisi
819 2175 941 2224 aream
958 2151 1094 2236 domus,
1116 2149 1205 2222 nihil
1223 2148 1380 2245 inpagis
1402 2149 1471 2220 nisi
1494 2170 1624 2222 vacuas
1651 2171 1750 2223 casas
1777 2157 1840 2224 aut
1866 2169 1944 2225 Socii.

198 2279 200 2284 ’
217 2271 296 2368 ipsa
309 2274 413 2347 busta
437 2283 656 2371 repererunt.
685 2276 833 2373 Excepti
855 2299 984 2372 magna
1002 2275 1130 2349 civium
1151 2274 1289 2361 laetitia,
1315 2274 1471 2370 ipsorum
1488 2274 1653 2349 subsidiis
1667 2275 1840 2372 tantisper

215 2397 370 2495 inopiam
396 2407 652 2486 sustentarunt,
674 2401 757 2474 dum
782 2402 1075 2476 reconcinnarent
1101 2422 1166 2474 sua
1192 2399 1463 2486 intertrimenta,
1498 2400 1754 2496 aediculamque
1785 2401 1838 2474 rei
1864 2451 2009 2509 ansber-

215 2522 346 2598 divinoe
361 2533 396 2600 et
409 2528 645 2602 remediorum
669 2528 876 2603 salutarium
889 2529 965 2624 jam
988 2528 1049 2602 diu
1068 2527 1200 2600 sitienti
1220 2526 1349 2623 populo
1366 2533 1621 2602 construerent.
1640 2528 1838 2601 Brunsber-
1864 2551 1958 2626 gepses
1969 2551 2011 2592 1⁰·

215 2669 275 2743 gae
293 2672 431 2745 quoque
451 2653 528 2749 jam
555 2653 658 2727 facile
684 2654 816 2726 vicenis
841 2651 974 2749 plures
1004 2659 1039 2726 et
1059 2651 1127 2747 ipsi
1150 2651 1224 2724 suis
1246 2649 1402 2724 defuncti
1422 2650 1600 2759 periculis,
1627 2652 1780 2724 animam
1793 2652 1838 2726 de
1864 2617 1976 2687 spuunt.

214 2771 305 2847 ooelo
321 2775 470 2850 liberius
488 2777 616 2852 ducere
638 2803 646 2850 :
667 2783 866 2873 respectare
880 2777 1029 2850 subinde
1054 2775 1251 2862 dadanum,
1275 2777 1336 2848 ubi
1355 2775 1537 2872 suppellex
1555 2798 1621 2850 sua
1641 2785 1735 2851 esset
1755 2800 1837 2850 con·

216 2897 307 2973 dita.
328 2899 433 2974 Nova
454 2900 549 2976 inter
565 2903 642 2975 haec
660 2901 810 2987 colonia,
834 2902 870 2974 in
888 2923 981 2999 pago
1003 2901 1218 2985 Curlandiae,
1243 2900 1497 2996 Sohonbergae‚
1517 2901 1657 3008 invitati
1679 2924 1837 2974 sumusa
1863 2893 1993 3029 Shossm·

211 3025 398 3118 praenobili
425 3026 618 3112 sariendo,
649 3027 835 3100 Vladislao
861 3027 1054 3100 Francisco
1090 3026 1133 3100 de
1175 3025 1322 3099 Karmel
1360 3025 1492 3108 Berch,
1528 3024 1768 3121 Schonbergae
1802 3034 1837 3100 et
1861 3059 2010 3138 gaepovum

210 3147 348 3223 Eckeni
361 3151 513 3226 domino.
533 3153 662 3228 Oblata
674 3153 870 3249 hospitibus
888 3177 895 3224 :
912 3151 1013 3225 locus
1027 3152 1202 3225 domicilio
1216 3151 1304 3224 satis
1316 3150 1465 3248 amplus,
1482 3149 1581 3246 isque
1594 3174 1832 3247 peramoenus:
1861 3125 2003 3260 {ffiuff

210 3273 336 3348 domus
366 3275 507 3350 interim
531 3277 759 3374 temporaria,
788 3286 824 3351 et
846 3301 866 3352 e
887 3276 1008 3372 lignea
1034 3284 1275 3352 constructum
1300 3275 1469 3372 templum
1496 3276 1674 3350 materia:
1705 3298 1833 3374 pagus,

208 3398 390 3473 utensilia.
406 3400 558 3475 Donatio
577 3402 784 3476 auctoritate
795 3403 818 3475 J
822 3403 945 3475 oannis
959 3401 1125 3474 Casimiri
1156 3401 1258 3498 rogia
1273 3400 1391 3474 idibus
1409 3400 1494 3473 maii
1517 3401 1611 3476 1660
1630 3399 1783 3474 firmata.

253 3551 295 3627 (1)
323 3551 385 3615 vid.
401 3553 540 3615 Libellum
556 3557 660 3616 editum
682 3571 698 3616 a
721 3555 832 3616 loanno
858 3550 1060 3623 Zoloniovicio‚
1084 3554 1322 3630 sicinscriptunr:
1343 3547 1534 3613 Memorabilis
1546 3552 1662 3614 victorio
1679 3555 1713 3614 de
1730 3553 1833 3614 Sacro·

210 3665 287 3721 moto
304 3663 340 3722 od
356 3659 539 3727 Cudnouiarn.
972 3652 976 3660 ⁵
1227 3677 1231 3684 '
