4896 6650
653 801 763 868 LIBER
787 799 941 858 TERTIUS
965 799 1175 872 (taso-1590).
1707 791 1766 856 139

155 985 307 1079 altaque
332 985 363 1056 is
389 1007 514 1058 sensus
539 985 614 1057 sere
641 985 808 1068 omnium,
830 985 890 1079 qui
906 1005 985 1056 eam
1000 988 1247 1076 agnoscerent,
1267 980 1344 1064 fuit,
1366 985 1403 1052 nt
1424 980 1604 1052 catholicis
1623 981 1763 1074 quidem
1793 989 1858 1046 1586

153 1105 395 1201 «voluptatem
413 1113 484 1180 tam
502 1116 623 1204 aperte
642 1107 862 1203 deprehensa
896 1107 1035 1179 vanitas
1065 1105 1323 1189 haereticorum,
1343 1104 1438 1176 hisce
1458 1103 1629 1199 pudorem
1641 1105 1765 1178 eadem

152 1259 166 1290 a
185 1229 365 1302 Sociorum
382 1230 520 1303 vanitas
537 1231 680 1304 afferret
694 1262 699 1302 :
718 1255 839 1304 omnes
853 1237 970 1302 antem
987 1253 1088 1324 poena
1106 1229 1352 1323 dignissimum
1370 1235 1549 1300 auctorem
1566 1235 1761 1312 censerent,

151 1382 165 1412 α
185 1354 241 1448 qui
258 1355 428 1449 figmento
446 1361 519 1428 tam
536 1353 720 1428 manifesto
738 1355 918 1428 hominum
936 1353 1299 1428 innocentissimorum
1315 1351 1445 1424 famam
1463 1353 1647 1426 traducere
1661 1375 1765 1426 ausus

150 1509 164 1538 ιι
183 1479 299 1552 suerit.
322 1482 453 1553 Verum
468 1488 591 1554 natura
608 1482 807 1576 pravitatis,
828 1489 868 1553 ut
882 1504 1021 1576 semper
1037 1481 1115 1566 fuit,
1132 1481 1183 1551 ita
1200 1503 1293 1551 nunc
1311 1481 1417 1551 ctiam
1435 1487 1501 1564 est,
1521 1488 1572 1566 ut,
1595 1480 1655 1552 ubi
1673 1481 1765 1553 veri-

150 1633 164 1664 κ
182 1611 253 1674 iate
271 1610 395 1676 contra
413 1604 597 1678 veritatem
610 1605 748 1678 efficere
766 1605 854 1678 nihil
872 1612 1000 1700 potest,
1017 1603 1064 1675 ad
1079 1602 1216 1676 fabulas
1231 1611 1336 1704 atque
1359 1602 1551 1674 calumnias
1569 1603 1763 1697 confugiat.

149 1755 163 1786 κ
183 1727 255 1800 Nos
274 1728 428 1822 quidem,
447 1753 525 1803 cum
547 1732 583 1802 in
605 1753 717 1826 regno
735 1738 771 1802 et
788 1730 979 1804 ditionibus
998 1728 1127 1800 nostris
1147 1727 1331 1799 Societatis
1350 1729 1425 1821 ejus
1444 1728 1570 1800 Patres
1589 1728 1631 1799 ad
1639 1729 1766 1822 juveu-

153 1859 291 1924 ctutem
325 1853 551 1926 excolendam
582 1877 654 1926 non
680 1877 810 1949 paucos
842 1854 1033 1936 foveamus,
1060 1851 1297 1925 testimonium
1321 1851 1388 1924 hoc
1413 1851 1483 1922 illis
1509 1874 1590 1925 vere
1612 1853 1769 1924 tribuere

152 2005 165 2034 ι
183 1998 366 2070 possumus
381 2001 388 2048 :
405 2000 477 2049 non
495 1977 599 2049 modo
613 1977 748 2049 nullum
767 1999 888 2078 eorum
903 1999 1060 2070 unquam
1082 1977 1118 2048 in
1136 1999 1248 2070 regno
1271 1985 1391 2048 nostro
1410 1977 1454 2047 ob
1473 1976 1608 2048 facinus
1625 1976 1768 2071 aliquod

152 2127 165 2158 κ
183 2101 349 2195 supplicio
362 2101 541 2187 allectum,
563 2102 623 2174 sed
642 2125 686 2174 ne
705 2108 909 2175 accusatum
924 2101 1063 2196 quidem
1076 2107 1139 2172 aut
1152 2101 1332 2171 minimam
1350 2101 1583 2195 suspicionem
1600 2101 1766 2173 facinoris

153 2225 325 2319 «alicujus
346 2249 499 2321 unquam
521 2227 558 2298 in
576 2226 686 2298 ullum
713 2250 837 2300 eorum
861 2193 1040 2296 collatam.
1063 2225 1192 2318 ltaque
1207 2247 1327 2295 omnes
1353 2225 1483 2296 vixisse
1509 2230 1544 2296 et
1578 2225 1706 2310 vivere,
1729 2233 1767 2297 ut

152 2371 254 2420 acum
275 2349 459 2444 religionis
473 2351 583 2445 ipsius
601 2349 961 2444 causadignissimos
980 2371 1040 2420 eos
1058 2348 1243 2420 clementia
1262 2355 1384 2419 nostra
1396 2347 1609 2442 judicemus
1630 2355 1703 2419 tum
1722 2350 1766 2421 ob

151 2504 165 2534 a
183 2475 392 2570 singularem
405 2479 573 2574 pietatem
594 2485 630 2551 ct
647 2479 730 2550 vitae
744 2477 1013 2550 sanctimoniam
1028 2476 1136 2546 multo
1151 2476 1256 2548 etiam
1272 2477 1427 2549 cariores
1444 2477 1545 2548 nobis
1560 2477 1641 2548 sint.
1665 2477 1765 2556 Quod

151 2599 349 2695 “reliquum
377 2609 450 2685 est,
484 2602 740 2673 Paternitatem
773 2603 941 2673 Vestram
967 2623 1071 2694 quam
1103 2599 1231 2693 optime
1261 2598 1381 2672 valere
1415 2601 1584 2694 cupimus.
1611 2599 1765 2672 Grodnae

152 2724 233 2797 “die
254 2726 361 2799 tertia
382 2725 513 2800 mensis
530 2726 624 2819 julii,
646 2749 741 2798 anno
765 2725 906 2798 Domini
926 2725 1034 2808 1586,
1059 2725 1163 2818 regni
1181 2746 1266 2797 vero
1288 2725 1401 2797 nostri
1422 2748 1526 2798 nono.
1556 2761 1572 2791 a

189 2848 278 2920 Satis
292 2847 432 2942 quidem
446 2871 509 2943 per
527 2871 605 2922 sese
618 2849 788 2922 adversus
803 2848 1271 2921 obtrectatorumaudaciam
1285 2848 1419 2920 munita
1432 2856 1509 2921 erat
1521 2823 1762 2922 innocentium
1790 2843 1935 2988 Rigffiae·

147 2995 265 3058 causa;
288 2973 357 3046 hoc
376 2997 472 3058 vero,
500 2979 573 3045 tam
598 2973 777 3046 luculento
812 2974 908 3067 regis
934 2972 1147 3058 testimonio,
1168 2972 1385 3067 aliorumque
1409 2959 1606 3069 principum
1625 2973 1761 3069 J'udicio
1790 2981 1866 3052 ranei
1888 2999 1935 3054 so.

147 3097 248 3168 extitit
268 3096 376 3168 etiam
395 3097 686 3182 commendatior,
707 3106 746 3170 ui
765 3119 809 3170 ex
830 3097 979 3170 adverso
1005 3096 1251 3169 haereticorum
1276 3096 1477 3192 malignitas
1493 3098 1661 3192 apertior.
1788 3094 1922 3215 gffii

188 3221 305 3316 Neque
315 3221 534 3316 Rigensihus
545 3221 677 3315 justior
694 3222 760 3295 fuit
774 3222 839 3294 sub
853 3221 945 3294 idem
960 3229 1097 3317 tempus
1112 3221 1507 3317 oppugnandiJesuitas
1525 3223 1629 3296 ratio.
1651 3222 1762 3296 Ferre

145 3341 213 3416 sine
231 3343 344 3416 turbis
368 3349 438 3416 n'on
464 3353 629 3441 poterant
650 3346 808 3441 hospites
831 3345 953 3418 Socios
970 3344 1217 3418 haereticorum
1235 3347 1410 3431 ministri;
1431 3346 1570 3442 plebem
1590 3347 1656 3433 illi,
1681 3368 1760 3418 sua·

143 3488 212 3538 rum
228 3475 261 3540 et
283 3467 391 3540 decus
417 3468 629 3562 religionum
650 3477 685 3542 et
702 3469 918 3562 praesidium,
935 3468 1125 3541 sollicitare
1146 3468 1192 3539 ad
1210 3469 1382 3541 tumultus
1400 3470 1586 3564 caedesque
1603 3470 1757 3551 assidue,

142 3591 218 3681 quin
235 3592 403 3664 adversus
422 3616 523 3665 suum
543 3593 649 3664 etiam
663 3593 909 3686 magistratum
923 3593 1071 3664 cooriri:
1096 3622 1112 3652 a
1126 3601 1164 3666 ut
1178 3593 1237 3688 qui
1249 3595 1272 3666 J
1275 3595 1405 3680 equitas
1423 3602 1458 3667 et
1480 3594 1670 3689 accepisset
1687 3602 1760 3667 tam

144 3743 159 3772 α
179 3715 298 3802 facile,
337 3717 470 3790 civitati
506 3741 580 3790 suae
608 3740 629 3789 a
655 3740 744 3812 rege
776 3717 958 3802 obtusos,
988 3724 1024 3790 et
1047 3717 1270 3812 indulgentia
1299 3719 1406 3790 nimia
1437 3742 1498 3792 eos
1523 3719 1654 3813 templa
1686 3719 1757 3791 divi

142 3864 156 3894 κ
177 3837 296 3912 Jacobi
322 3846 358 3913 et
385 3841 422 3912 S.
445 3840 672 3935 Magdalenae
689 3841 957 3935 coenobiumque
969 3841 1110 3936 aliaque
1127 3842 1260 3916 habere
1286 3849 1465 3937 peteretur
1481 3843 1683 3938 :adjecisse
1700 3843 1753 3914 in-

142 3989 156 4018 e
176 3984 277 4058 super
295 3965 415 4037 oculos
433 3964 588 4037 Jesuitas
615 3964 658 4036 ad
681 3965 850 4061 templum
870 3965 1049 4037 cathedrae
1072 3965 1276 4060 pontificiae,
1292 3965 1360 4037 sibi
1373 3989 1395 4037 a
1409 3989 1494 4060 rege
1516 3967 1752 4061 promissum:

141 4084 307 4161 “inhiare
344 4089 499 4162 advenas
533 4089 639 4161 rebus
682 4089 834 4160 civitatis
872 4089 1046 4172 omnibus,
1088 4095 1124 4161 et
1166 4089 1271 4184 (quod
1305 4090 1473 4162 invidiam
1513 4091 1756 4164 inflammabat
1859 4144 1864 4156 .

139 4237 154 4266 κ
173 4211 331 4307 maxime)
349 4212 529 4307 publicum
557 4213 655 4286 urbis
673 4213 983 4286 armamentarium
1014 4213 1147 4286 eisdem
1177 4213 1354 4288 addictum
1380 4215 1454 4308 jam
1479 4237 1544 4309 per
1574 4214 1753 4298 consules,

139 4360 154 4390 α
172 4335 385 4409 tumultuose
413 4335 664 4430 querebantur.

179 4459 301 4532 Fidem
313 4460 408 4555 plehi
427 4461 545 4536 stultae
559 4463 640 4535 fecit
657 4485 769 4546 error,
799 4485 843 4534 ex
859 4460 929 4534 levi
955 4459 1155 4556 suspicione
1172 4462 1343 4556 objectus.
1363 4463 1420 4535 Ad
1432 4464 1544 4538 aedem
1562 4467 1604 4538 D.
1626 4467 1648 4539 J
1651 4468 1754 4540 acobi

134 4579 167 4652 in
196 4583 271 4675 ipso
300 4584 501 4656 coemeterio
531 4586 841 4658 armamentarium
858 4585 1008 4658 civitatis
1037 4583 1143 4656 situm
1167 4593 1267 4658 erat:
1289 4588 1532 4682 praesidiariis,
1553 4590 1583 4662 si
1602 4592 1648 4664 ad
1675 4591 1753 4664 Col·

131 4702 211 4799 legii
231 4707 377 4780 tutelam
395 4715 517 4781 contra
533 4711 703 4783 tumultus
722 4711 850 4783 civicos
877 4709 985 4782 armis
1004 4731 1149 4782 necesse
1173 4709 1264 4782 foret
1289 4711 1354 4796 uti,
1379 4735 1435 4784 res
1453 4721 1623 4808 prompta.
1658 4717 1757 4788 Istud

131 4851 190 4923 pro
211 4833 361 4928 pignore
382 4833 465 4906 fidei
481 4858 556 4906 suae
573 4843 608 4908 et
626 4836 828 4908 securitatis
850 4836 974 4908 codem
1004 4835 1081 4907 loco
1112 4841 1257 4907 senatus
1284 4856 1362 4906 esse
1389 4835 1521 4923 voluit;
1545 4860 1659 4933 neque
1685 4839 1756 4911 alio

130 4975 164 5024 se
182 4955 448 5041 translaturum,
468 4953 594 5030 litteris
626 4960 732 5031 etiam
749 4960 816 5031 rite
839 4960 943 5042 datia,
966 4958 1132 5030 Patribus
1150 4957 1380 5030 confirmavit.
1405 4959 1487 5031 Non
1510 4962 1619 5055 probe
1639 4964 1754 5035 consi·

128 5077 212 5150 lium
230 5082 459 5175 magistratus
474 5082 647 5156 intellexit
665 5083 797 5166 Simon,
815 5085 846 5177 ej
852 5107 892 5156 us
909 5084 1024 5156 scriba
1046 5084 1285 5178 chirographi,
1305 5084 1469 5159 homulus
1483 5087 1756 5180 pangendarum

129 5214 302 5300 utcunque
323 5205 534 5289 litterarum,
560 5230 630 5278 non
655 5207 777 5280 latinae
804 5207 889 5280 item
907 5207 1052 5302 linguae,
1087 5231 1156 5302 qua
1183 5230 1240 5280 res
1266 5207 1496 5293 tractabatur,
1524 5209 1655 5282 sciens.
1686 5211 1757 5282 Per
