4896 6650
644 855 753 916 LIBER
780 853 969 915 SECUNDUS
991 853 1197 931 (15711580.)
1722 847 1761 922 77

151 1057 378 1132 κηιι1111111111ς
409 1034 503 1132 quod
520 1035 609 1109 sicut
633 1059 697 1132 per
728 1059 830 1110 omne
859 1037 942 1110 vitae
972 1059 1061 1108 meae
1089 1041 1227 1130 tempus
1250 1033 1295 1108 ab
1325 1033 1487 1109 Ecclesia
1510 1032 1684 1108 catholica
1708 1055 1763 1105 me
1789 1033 1853 1090 ¹579

151 1182 247 1232 anon
264 1158 435 1257 disjunxi,
457 1159 508 1232 sic
524 1183 590 1234 nec
603 1160 758 1234 moriens
775 1162 819 1234 ab
838 1184 881 1234 ea
900 1160 958 1232 vel
975 1161 1051 1256 ejus
1063 1161 1230 1234 doctrina
1248 1160 1404 1254 disjungi
1421 1160 1521 1255 cupio
1543 1185 1551 1232 :
1572 1182 1613 1233 ac
1638 1181 1710 1231 non
1727 1159 1763 1228 in

151 1310 165 1342 e
184 1305 225 1356 ea
237 1284 354 1368 modo,
370 1305 493 1358 verum
511 1292 547 1358 et
562 1308 627 1380 pro
645 1307 700 1368 ea,
722 1286 751 1357 si
769 1309 826 1358 res
847 1285 898 1358 ita
914 1285 1156 1381 postulaverit,
1176 1284 1265 1356 mori
1282 1307 1337 1357 me
1353 1291 1517 1378 paratum
1535 1282 1655 1356 offero.
1678 1281 1713 1353 N
1715 1304 1762 1353 on

152 1409 266 1482 «meis
294 1407 378 1482 ullis
410 1408 558 1496 viribus,
587 1432 674 1504 quas
709 1408 868 1482 infirmas
902 1431 980 1482 esse
1014 1409 1107 1496 scio;
1140 1431 1263 1482 verum
1287 1409 1354 1482 Dei
1378 1408 1618 1482 misericordia
1637 1407 1760 1489 fretus,

152 1531 284 1626 «quod,
325 1534 385 1629 qui
423 1533 520 1607 dedit
552 1539 749 1629 promptam
782 1533 874 1606 hanc
907 1533 1137 1620 voluntatem,
1169 1533 1199 1605 si
1237 1533 1449 1607 conferenda
1484 1532 1590 1606 fauerit
1616 1532 1663 1603 ad
1690 1554 1763 1604 rem

151 1654 381 1752 “aliquando
415 1657 512 1729 dabit
538 1658 643 1731 etiam
672 1656 886 1730 facultatem.
918 1656 995 1730 Hac
1018 1655 1165 1729 solemni
1192 1655 1283 1729 facta
1308 1657 1572 1752 protestatione,
1605 1655 1698 1748 quod
1730 1662 1766 1726 et

151 1779 296 1854 «vivere
314 1787 350 1853 et
367 1781 455 1853 mori
475 1780 591 1874 cogito
609 1781 646 1853 in
672 1781 847 1855 Ecclesiae
860 1781 1016 1875 gremio;
1044 1781 1081 1852 in
1103 1801 1171 1875 qua
1191 1780 1267 1852 sola
1285 1780 1446 1876 spiritum
1472 1779 1642 1863 veritatis,
1668 1784 1764 1850 extra

152 1927 259 1978 “eam
283 1928 367 1978 vero
386 1905 547 2002 spiritum
571 1906 769 2002 vertiginis,
790 1907 933 1990 erroris,
954 1904 1125 1978 mendacii
1146 1929 1153 1975 :
1180 1908 1216 1977 in
1240 1928 1306 1999 qua
1333 1904 1409 1978 sola
1426 1903 1668 1978 remissionem
1685 1925 1765 1999 pec-

152 2037 348 2115 «cetorum,
370 2036 469 2102 extra
487 2053 567 2104 eam
585 2053 668 2103 vero
685 2054 784 2126 spem
801 2030 925 2103 salutis
943 2030 1077 2102 nullam
1103 2053 1194 2116 esse,
1215 2031 1301 2101 mihi
1329 2038 1462 2103 certum
1487 2036 1541 2102 est
1571 2036 1607 2101 et
1627 2028 1765 2101 indubi-

153 2160 291 2226 «atum
312 2155 620 2250 :quandoquidem
637 2155 673 2226 in
690 2154 784 2227 illius
807 2154 877 2226 fide
895 2142 1081 2249 'permansi
1107 2176 1255 2249 semper,
1283 2178 1350 2228 nec
1375 2155 1420 2226 ab
1445 2177 1489 2226 ea
1513 2177 1569 2227 me
1595 2153 1762 2249 disjunxi,

153 2303 167 2334 a
185 2274 357 2350 ueletiam
375 2279 540 2374 deinceps
566 2280 632 2352 sim
650 2278 889 2375 disjuncturus
907 2301 1075 2374 unquam,
1095 2285 1196 2351 tanto
1221 2279 1354 2373 majore
1381 2302 1460 2351 cum
1488 2278 1617 2351 fiducia
1635 2278 1764 2352 accedo

154 2400 227 2471 «ad
242 2401 369 2496 gratim
395 2408 468 2474 tuae
484 2402 664 2486 thronum,
682 2403 740 2497 qui
769 2403 874 2475 Pater
891 2425 930 2476 es
952 2402 1271 2475 misericordiarum
1299 2409 1334 2474 et
1356 2402 1451 2474 Deus
1468 2402 1576 2474 totius
1607 2401 1766 2475 consola·
1792 2393 1913 2540 ἶξῗίὲξο

153 2523 296 2610 «tionis,
322 2531 360 2597 ut
377 2524 653 2600 misericordiam
670 2547 876 2620 consequar,
897 2535 932 2600 et
962 2527 1113 2622 gratiam
1143 2526 1182 2598 in
1206 2527 1277 2599 tuis
1300 2525 1410 2598 oculis
1427 2526 1612 2597 inveniam.
1790 2549 1852 2605 sits.

193 2648 443 2742 «Quocunque
475 2658 631 2744 tempore
662 2650 861 2744 depositum
897 2657 996 2722 tuum
1026 2657 1187 2746 repetere
1217 2672 1240 2721 a
1270 2672 1326 2722 me
1346 2649 1411 2722 tibi
1443 2648 1557 2720 visum
1585 2646 1709 2735 fuerit;
1728 2649 1765 2721 in

155 2795 306 2845 «manus
335 2781 417 2846 tuas
442 2776 646 2847 commendo
673 2773 836 2869 spiritum
865 2797 1006 2860 meum;
1032 2797 1135 2868 quem
1160 2774 1189 2847 si
1208 2782 1248 2846 tu
1266 2773 1525 2868 contempleris,
1548 2743 1662 2868 qualis
1690 2775 1766 2870 ipse

155 2923 167 2952 ¹
186 2903 295 2968 estex
317 2917 368 2982 se,
389 2895 515 2983 fateor,
537 2898 631 2993 quod
649 2921 721 2971 non
746 2905 801 2970 est
820 2897 962 2992 dignus,
983 2898 1042 2992 qui
1061 2899 1125 2971 sub
1151 2897 1271 2970 oculos
1298 2897 1493 2992 majestatis
1518 2904 1591 2970 tuae
1623 2899 1765 2984 veniat;

155 3048 169 3078 κ
187 3043 262 3093 cum
278 3021 325 3094 sit
342 3023 437 3094 omni
463 3023 567 3094 sorde
593 3021 730 3116 plenus.
750 3023 924 3095 Caeterum
942 3022 971 3095 si
984 3022 1068 3093 Filii
1081 3023 1134 3094 tui
1151 3023 1373 3118 sanguinem,
1391 3046 1459 3117 quo
1476 3022 1570 3095 lotus
1587 3029 1623 3118 et
1639 3045 1766 3096 emun-

155 3171 169 3202 a
187 3145 285 3220 datus
300 3152 356 3220 est
375 3171 383 3219 :
401 3147 432 3218 si
450 3147 624 3220 cruciatus
639 3169 722 3219 suos
734 3127 943 3241 inspexeris,
959 3169 1047 3241 quos
1064 3147 1171 3243 longe
1189 3146 1526 3221 tulitacerbissimos
1540 3148 1768 3244 propeccatis

156 3271 326 3357 «nostris,
346 3278 385 3344 ut
409 3294 475 3343 nos
505 3271 669 3344 redderet
686 3271 941 3366 acceptabiles;
963 3271 1061 3365 digni
1079 3279 1162 3344 sunt
1188 3280 1283 3345 certe
1308 3271 1372 3358 illi,
1393 3280 1536 3369 propter
1553 3295 1640 3366 quos
1668 3279 1767 3345 tanto

156 3424 171 3454 κ
187 3395 414 3491 redemptum,
429 3395 539 3470 iacias
566 3417 646 3468 eum
662 3395 867 3491 participem
894 3395 1019 3490 gloriae
1037 3403 1109 3469 tuae
1132 3397 1367 3492 sempiternae.
1385 3396 1472 3469 Noli
1487 3397 1593 3470 Pater
1614 3397 1766 3471 clemen·
1881 3472 1886 3482 ,

156 3547 170 3576 1
187 3519 329 3608 tissime,
346 3521 419 3595 noli
433 3521 606 3616 inspicere
623 3519 797 3593 infaciem
814 3542 949 3605 meam;
966 3519 1050 3614 quin
1067 3528 1189 3593 averte
1207 3520 1324 3617 potius
1337 3543 1360 3593 a
1371 3522 1524 3616 peccatis
1541 3521 1628 3596 meis
1644 3520 1767 3596 faciem

156 3650 280 3716 «tuam
302 3669 309 3717 :
330 3652 378 3732 et,
399 3668 420 3717 c
438 3645 622 3719 Protector
647 3645 790 3718 noster!
812 3643 930 3738 aspice
948 3644 1056 3726 Deus,
1081 3643 1218 3739 respice
1245 3644 1342 3716 Deus
1359 3644 1397 3715 in
1414 3643 1538 3718 faciem
1556 3645 1684 3718 Christi
1701 3647 1765 3728 tui,

157 3797 170 3825 1
188 3768 320 3863 respice
340 3769 379 3840 in
396 3768 522 3842 faciem
539 3768 622 3840 Filii
638 3769 703 3853 tui,
725 3768 957 3864 propeccatis
976 3767 1063 3840 meis
1080 3767 1117 3839 in
1135 3790 1239 3841 cruce
1252 3768 1437 3862 pendentis
1453 3775 1489 3840 et
1506 3769 1687 3842 morientis
1704 3795 1712 3855 ;
1733 3777 1769 3842 et

157 3919 170 3947 a
189 3890 221 3961 in
234 3914 356 3965 eorum
374 3894 617 3966 remissionem
634 3892 678 3966 de
692 3892 812 3965 saucio
842 3891 955 3965 latere
983 3891 1162 3986 copiosum
1180 3891 1390 3987 sanguinem
1402 3891 1655 3986 profundentis.
1678 3892 1766 3966 Con·

159 4013 288 4088 «fiteor
313 4016 389 4099 tibi,
411 4017 532 4100 Pater,
549 4016 643 4112 quod
660 4015 785 4111 gravia
815 4023 897 4087 sunt
922 4021 1064 4110 peccata
1082 4038 1173 4100 mea,
1195 4015 1319 4110 quibus
1336 4015 1425 4087 iram
1441 4024 1540 4088 tuam
1568 4016 1764 4110 promerui;

158 4167 172 4196 1
190 4137 249 4211 scd
271 4139 405 4212 utinam
423 4141 604 4236 appendas
622 4163 665 4212 ea
683 4139 834 4212 Domine
846 4139 884 4210 in
896 4146 1030 4212 statera
1043 4146 1079 4212 et
1103 4161 1208 4233 quam
1223 4160 1285 4233 pro
1303 4160 1358 4212 me
1377 4137 1613 4212 calamitatem
1626 4140 1769 4234 pertulit

159 4290 172 4320 1
189 4263 354 4338 innocens
373 4265 485 4338 Filius
498 4273 601 4351 tuus3
624 4271 717 4338 certe
731 4263 841 4336 multo
860 4263 1003 4357 gravior
1017 4265 1198 4358 apparebit
1214 4264 1291 4335 haec
1309 4271 1345 4336 et
1361 4265 1475 4358 magis
1490 4264 1611 4358 digna,
1627 4271 1770 4360 propter

157 4413 172 4443 ⁸
190 4411 291 4482 quam
308 4389 470 4462 effundas
483 4391 519 4462 in
533 4412 588 4462 me
602 4387 878 4461 misericordiam
892 4394 1001 4473 tuam,
1023 4410 1127 4482 quam
1140 4387 1200 4459 illa
1218 4387 1301 4471 sint,
1320 4394 1359 4459 ut
1375 4395 1519 4482 propter
1531 4411 1574 4460 ea
1587 4389 1768 4462 contineas

158 4508 224 4584 1111
252 4512 305 4587 ira
329 4521 392 4586 tua
416 4513 659 4586 miserationes
687 4520 779 4585 tuas.
804 4511 976 4608 Indignus
1002 4534 1069 4605 ego
1093 4533 1183 4595 sum,
1212 4533 1317 4604 quem
1340 4509 1450 4582 oculis
1471 4511 1665 4606 majestatis
1696 4519 1768 4585 tuac

158 4663 173 4693 1
190 4638 356 4732 aspicias;
377 4661 499 4711 verum
523 4645 643 4711 tamen
673 4635 900 4730 dignissimus
929 4643 984 4708 est
1008 4635 1081 4718 ille,
1101 4635 1245 4730 propter
1263 4636 1362 4730 cujus
1380 4636 1556 4732 passionis
1582 4644 1617 4710 et
1646 4639 1768 4712 mortis

159 4761 348 4834 «meritum
365 4785 437 4834 non
453 4762 556 4835 modo
574 4760 743 4857 respicias
760 4783 829 4843 me,
849 4782 971 4832 verum
994 4759 1100 4832 etiam
1126 4781 1285 4832 corones.
1305 4761 1418 4840 Quam
1441 4760 1485 4834 ob
1510 4783 1584 4834 rem
1601 4762 1703 4834 venio
1721 4763 1768 4834 ad

160 4891 235 4970 ste,
256 4887 363 4958 Pater
380 4885 661 4971 clementissime,
681 4883 784 4957 venio
809 4884 856 4984 ad
882 4890 929 4968 te,
950 4882 1056 4954 nullis
1082 4883 1168 4955 meis
1186 4885 1249 4956 sed
1267 4884 1385 4956 multis
1400 4883 1483 4955 Filii
1502 4883 1553 4955 tui
1570 4884 1711 4957 Domini
1733 4893 1769 4960 et

161 5034 174 5063 ⁸
192 5007 437 5107 Redemptoris
462 5013 531 5085 mei
544 5013 566 5084 J
570 5035 632 5087 esu
651 5009 781 5084 Christi
798 5009 932 5082 meritis
950 5015 1117 5094 onustus;
1137 5009 1292 5102 quicum
1309 5009 1464 5105 pretiosa
1481 5017 1592 5082 morte
1618 5033 1682 5084 sua
1699 5036 1769 5086 non

160 5159 174 5188 ⁶
193 5133 291 5206 modo
308 5158 373 5230 pro
390 5136 478 5209 meis
490 5159 613 5210 verum
630 5135 736 5208 etiam
749 5155 814 5230 pro
838 5132 946 5204 totius
967 5132 1087 5204 mundi
1113 5133 1266 5228 peccatis
1284 5133 1423 5206 abunde
1440 5132 1504 5205 tibi
1530 5132 1740 5209 satisfecerit
1755 5163 1765 5224 ;

161 5255 293 5351 «hujus
327 5260 450 5332 mortis
479 5261 654 5360 meritum,
684 5261 720 5330 in
750 5280 818 5352 quo
848 5255 925 5328 solo
954 5278 1068 5328 meam
1102 5278 1199 5352 spem
1228 5265 1264 5330 et
1293 5255 1457 5330 fiduciam
1487 5281 1625 5348 omnem
1654 5261 1766 5335 habeo
