4936 6658
700 831 762 900 370
1100 829 1377 898 LITUANICARUM
1399 832 1615 899 socmutuls
1634 835 1723 900 lusu
1746 834 2003 900 HISTORIARUM

703 1041 904 1116 Tridentini
921 1041 1069 1118 concilii
1086 1051 1122 1118 et
1134 1043 1403 1117 constitutiones
1419 1043 1606 1119 societatis
1624 1069 1633 1132 ;
1653 1066 1801 1140 cumque
1817 1043 1874 1116 his
1891 1043 2004 1116 voluit
2020 1043 2176 1141 sepeliri.
2196 1043 2332 1118 Triduo

704 1174 787 1240 aute
804 1175 953 1242 mortem
969 1167 1187 1265 propositum
1203 1167 1329 1241 habuit
1349 1168 1386 1240 iu
1401 1167 1561 1242 cubiculo
1579 1191 1643 1242 suo
1661 1168 1827 1242 viaticum
1847 1191 1987 1242 sacrum
2004 1195 2012 1255 ;
2041 1168 2079 1240 iu
2109 1168 2176 1242 boc
2207 1167 2334 1241 defixis

703 1290 814 1365 oculis
832 1297 868 1364 et
883 1298 1011 1378 mente,
1029 1291 1244 1388 supplicans,
1266 1314 1425 1388 gemens,
1458 1293 1671 1391 lacrymans,
1697 1292 1836 1366 duravit
1861 1292 2107 1366 continenter:
2140 1292 2333 1366 sueceden-

701 1415 796 1487 tibus
813 1414 860 1488 ad
878 1417 1171 1512 compreceudum
1186 1417 1313 1504 Sociis,
1335 1425 1370 1490 et
1387 1439 1489 1491 sacra
1515 1420 1683 1505 carmina,
1712 1418 1867 1492 maxime
1892 1417 1973 1490 illos
1994 1418 2170 1515 hymnos:
2200 1423 2334 1492 Salutis

701 1543 867 1612 bumana
885 1543 1001 1626 Soter,
1019 1545 1105 1613 Jesu
1136 1563 1267 1612 corona
1284 1546 1485 1632 virginum,
1512 1550 1634 1638 gratos
1659 1541 1697 1613 iu
1722 1542 1844 1637 primis
1872 1542 2035 1628 Nicolao,
2062 1542 2329 1616 cantitantibus.

704 1663 856 1738 Chorum
874 1665 969 1738 buno
986 1666 1163 1749 diurnum,
1184 1665 1382 1760 excipiebat
1402 1676 1609 1756 nocturnus,
1631 1668 1731 1763 isque
1749 1667 1859 1740 multo
1871 1667 2089 1765 jucundior:
2122 1691 2259 1764 nempe,
2293 1675 2334 1741 ut

702 1791 887 1878 creditum,
908 1791 1077 1879 coelicus;
1099 1814 1203 1887 quem
1221 1815 1300 1864 cum
1330 1793 1481 1866 Nicolao
1511 1795 1654 1868 audisse
1670 1793 1849 1872 ¹dicuutur
1883 1795 2078 1868 domestici.
2117 1795 2238 1868 Laetus
2268 1793 2331 1877 ita,

701 1920 852 1994 salutato
870 1922 906 1993 iu
916 1943 1018 1994 sacra
1034 1920 1151 1992 hostia
1168 1925 1345 2015 praeseute
1358 1918 1522 2002 Domino,
1537 1917 1759 1992 adstantibus
1773 1917 2011 2014 cumpreeside
2025 1917 2149 1990 domus
2163 1914 2331 1990 Floriano

702 2044 900 2118 Malevskio
919 2044 1045 2129 Sociis,
1062 2044 1190 2118 clausit
1206 2042 1354 2128 lumina,
1377 2043 1650 2138 compositisque
1677 2041 1855 2127 manibus,
1872 2065 2074 2138 supremum
2096 2042 2241 2138 quievit,
2275 2041 2332 2116 die

701 2169 886 2243 Dominica
920 2169 1115 2254 Passionis,
1144 2192 1177 2241 a·
1195 2167 1342 2240 meridie
1370 2167 1470 2240 horae
1497 2169 1662 2242 secundae
1686 2168 1883 2264 quadrante
1908 2167 2027 2254 tertio,
2054 2190 2148 2264 auno
2181 2168 2265 2240 vitae
2284 2168 2332 2240 78

699 2295 997 2392 exacto(1l.Tota
1033 2294 1155 2367 statim
1186 2294 1233 2366 ad
1260 2302 1399 2389 portam
1431 2293 1608 2365 concurrit
1633 2291 1783 2378 civitas;
1818 2315 1932 2389 neque
1961 2293 2076 2366 arceri
2093 2299 2259 2389 poteraut
2286 2292 2331 2364 ab

701 2419 829 2492 osculis
847 2420 977 2493 mortui
994 2419 1127 2504 Patris,
1146 2426 1181 2493 et
1200 2419 1420 2502 exhibendis,
1441 2417 1541 2513 quasi
1553 2417 1630 2512 jam
1660 2417 1729 2490 rite
1755 2426 1887 2504 sancto,
1918 2417 2124 2492 honoribus.
2160 2418 2332 2491 Conditus

700 2544 893 2642 intemplo
923 2543 1048 2628 vetari,
1081 2566 1181 2616 sacro
1207 2543 1400 2616 honoribus
1418 2541 1523 2615 Baeti
1545 2541 1716 2615 Stauislai
1746 2541 1899 2625 Kostke,
1943 2543 1987 2616 ab
2030 2543 2190 2628 introitu,
2227 2550 2332 2638 parte

569 2648 573 2654 ¹
701 2673 873 2756 dextera3
894 2670 954 2743 ubi
970 2668 1080 2764 ipsius
1095 2669 1293 2764 depositum
1312 2676 1390 2742 erat
1406 2666 1523 2739 adhuc
1541 2688 1668 2760 eorpus
1682 2666 1723 2739 P.
1741 2665 1870 2740 Adami
1890 2666 2129 2740 Sobolevskii.
2151 2669 2333 2741 Statuerat

523 4313 662 4372 Evertitur

523 4395 662 4466 templum.

699 2795 844 2868 exuvias
860 2791 999 2866 Nicolai
1012 2790 1197 2864 transferri
1220 2792 1374 2875 Viluam,
1403 2787 1694 2862 honorificentius
1721 2791 1994 2885 componendas,
2029 2792 2211 2870 Viluensis
2240 2792 2332 2887 epis·

700 2941 808 3012 copus
826 2917 1002 3012 Georgius
1020 2915 1261 3014 Tyszkievicz.
1283 2915 1333 2988 Ut
1346 2939 1390 2989 ne
1404 2915 1441 2987 id
1458 2916 1599 3010 iujuriae
1622 2916 1868 2990 Cannensibus
1888 2917 2037 2990 antistes
2058 2917 2203 3004 faceret,
2219 2916 2332 2989 iotar-

699 3042 806 3115 oessit
819 3065 898 3115 oum
912 3064 977 3114 sua
993 3063 1127 3138 pressas
1142 3040 1296 3127 civitate,
1314 3038 1492 3114 Lituauiae
1513 3041 1758 3127 cancellarius,
1780 3042 1943 3138 princeps
1966 3043 2003 3116 S.
2033 3041 2082 3113 R.
2114 3041 2141 3114 l.
2162 3040 2334 3114 Albertus

700 3169 915 3244 Radivillus.
931 3167 1038 3262 Atqui
1055 3167 1173 3240 divino
1192 3165 1229 3238 id
1246 3168 1376 3241 laetum
1393 3168 1549 3242 creditur
1572 3168 1732 3254 oonsilio,
1764 3175 1800 3240 et
1818 3168 1928 3264 ipsius
1955 3174 2056 3240 oratu
2083 3165 2249 3252 Nicolai;
2272 3164 2335 3260 qui

702 3294 786 3368 olim
812 3295 847 3367 id
865 3301 1027 3388 precatus
1054 3298 1148 3368 esset
1165 3313 1187 3363 a
1205 3292 1294 3379 Deo,
1316 3299 1354 3365 ut
1370 3315 1414 3366 ne
1433 3291 1526 3366 ullus
1548 3293 1683 3380 honor,¹
1696 3299 1775 3389 post
1792 3300 1941 3365 mortem
1958 3293 2076 3374 etiam,
2097 3290 2166 3363 sibi
2182 3290 2336 3363 babere·

697 3429 778 3494 tur:
795 3444 877 3493 uam
895 3420 1001 3516 paule
1019 3427 1099 3516 post
1118 3441 1245 3514 corpus
1258 3425 1435 3502 exustum,
1460 3418 1668 3514 cineresque
1686 3440 1750 3514 per
1767 3441 1906 3492 amnem
1924 3417 2124 3492 Nemeuum
2142 3416 2337 3512 dispersis

700 3546 841 3619 Cosacis
857 3544 1031 3630 hostibus,
1054 3543 1233 3618 Lituaniae
1251 3543 1413 3616 civitates
1430 3542 1684 3638 praedantibus.

612 3743 614 3748 ,
749 3669 916 3743 Cladibus
945 3669 1013 3741 hoc
1043 3675 1200 3762 tempore
1232 3667 1267 3739 iu
1296 3668 1476 3753 Lituauia,
1509 3667 1655 3752 Russia,
1690 3665 1898 3763 Samogitia,
1932 3666 2096 3752 Livouia‚
2124 3665 2331 3750 corlandin,

699 3793 860 3878 Prussia,
881 3792 1040 3866 cladibus
1062 3791 1202 3887 magnis
1220 3799 1322 3865 erant
1340 3791 1447 3888 plena
1474 3799 1509 3866 et
1533 3789 1716 3866 funeribus
1738 3794 1869 3866 omnia.
1891 3792 2002 3888 Capta
2018 3816 2131 3889 nuper
2148 3817 2170 3867 a
2187 3793 2335 3865 Mosco·

697 3920 780 3995 vitis
794 3920 956 4005 Paionia,
978 3919 1066 3992 duce
1083 3918 1235 3991 bostium
1254 3919 1468 3993 Sueremeto.
1489 3918 1543 3992 Ex
1562 3919 1722 4015 disperso
1736 3917 1894 4012 Collegio
1913 3918 2067 4012 quinque
2081 3917 2175 3992 Socii
2189 3915 2337 4012 abrepti

698 4046 735 4118 iu
753 4045 894 4118 vincula
915 4069 923 4117 :
943 4065 1002 4117 res
1020 4041 1204 4116 familiaris
1223 4043 1385 4139 direpta:
1406 4042 1617 4139 praediave]
1643 4042 1828 4116 Photiauis
1846 4040 2255 4126 sacerdotibustradita,
2278 4038 2338 4112 vel

697 4168 936 4266 proditoribus
954 4167 1109 4250 addicta,
1125 4167 1182 4239 vel
1199 4167 1394 4240 combusta.
1416 4166 1613 4265 Templum,
1635 4167 1728 4264 quod
1753 4167 1868 4263 ipsum
1894 4167 1987 4242 iuter
2010 4166 2175 4262 disjectas
2196 4165 2338 4239 circum

696 4293 793 4368 aedes
819 4297 1013 4388 supererat,
1033 4291 1188 4364 dirutum
1214 4292 1289 4364 ibat
1319 4291 1620 4365 schismaticorum
1643 4291 1793 4366 antistes
1820 4289 1987 4365 Callistus
2006 4287 2172 4387 Suyszlra‚
2194 4311 2242 4362 ex
2271 4285 2338 4358 illa

695 4420 843 4494 materie
864 4419 1004 4492 domum
1021 4417 1087 4490 sibi
1105 4417 1262 4514 profanis
1281 4418 1402 4492 usibus
1420 4423 1699 4492 constructurus.
1720 4415 1791 4489 Sed
1820 4413 2040 4510 propositum
2069 4410 2220 4486 tentavit
2238 4411 2338 4484 frus-

694 4553 752 4618 tra
772 4569 780 4617 :
801 4544 923 4639 rejecti
951 4543 1057 4616 toties
1088 4541 1226 4616 occulta
1248 4543 1283 4614 vi
1315 4541 1554 4630 demolitores,
1592 4541 1729 4637 quoties
1759 4538 1911 4612 fuissent
1940 4535 2118 4632 aggressi.
2147 4534 2339 4608 Creditum

695 4676 762 4752 est,
782 4668 976 4763 prohibitos
996 4690 1072 4740 esse
1090 4667 1219 4741 virtute
1236 4666 1333 4740 beati
1360 4666 1530 4762 principis
1560 4664 1746 4752 Casimiri;
1775 4663 1835 4759 qui
1856 4661 1984 4746 locum,
2005 4659 2127 4734 tutelae
2150 4681 2339 4732 commen·

695 4793 815 4865 datum
842 4815 928 4878 suae,
946 4791 1160 4864 defenderat.
1183 4790 1231 4864 At
1244 4789 1412 4864 Callistus
1431 4813 1475 4864 ne
1493 4787 1691 4863 manifestis
1709 4788 1849 4885 quidem
1866 4787 2087 4885 prohibentis
2106 4783 2187 4857 Divi
2213 4785 2338 4880 signis
2426 4853 2427 4878 ἢ

694 4916 808 5013 potuit
825 4916 1028 4990 absterreri.
1056 4915 1247 5011 Oppuguat
1265 4939 1386 4989 rursus
1405 4939 1519 4990 arcem
1537 4938 1675 4989 sacram
1700 4916 1775 5011 jem
1793 4913 1920 4987 deiude
1937 4913 2023 5010 ipsis
2049 4909 2238 5005 religionis
2260 4931 2340 4984 suaa

694 5040 878 5113 machinis.
917 5039 1113 5113 Contractis
1146 5038 1273 5113 villicis
1303 5039 1377 5113 suis
1407 5039 1637 5137 presbyteris,
1666 5038 1743 5137 ipse
1789 5039 1879 5112 tiara
1920 5038 2086 5133 vittisque
2124 5033 2338 5119 redimitus,
2426 5087 2427 5140 p

694 5171 800 5238 sectae
818 5186 892 5236 suaa
918 5161 1069 5258 stipatus
1094 5162 1277 5258 gregibus,
1298 5163 1368 5235 diri
1391 5163 1512 5237 nescio
1539 5163 1623 5259 quid
1649 5164 1815 5238 carminis
1845 5159 2125 5248 concinentibus,
2147 5157 2340 5234 adsedem

738 5299 778 5378 ll)
803 5298 889 5360 Natus
905 5297 1039 5360 Nicotaus
1054 5315 1128 5361 euno
1145 5301 1236 5373 157⁴,
1249 5303 1295 5363 die
1311 5303 1348 5362 10
1365 5303 1538 5370 decembris,
1553 5304 1623 5364 teria
1647 5301 1693 5366 l'l.
2426 5275 2427 5278 Ἴ
