4906 6642
759 825 868 886 LIBER
887 825 1025 888 PRlltlUS
1046 826 1256 906 (1661-1676).
1805 824 1825 890 9

203 1057 221 1090 ι
243 1027 386 1103 nomine
399 1054 506 1125 quam
527 1034 674 1130 reipsa,
703 1034 872 1107 Poltrono
886 1030 933 1128 (1),
954 1020 1018 1128 per
1039 1055 1212 1105 summum
1221 1032 1336 1107 scelus
1349 1033 1540 1128 proditorie
1554 1032 1823 1106 confodiendum

202 1183 221 1214 ι
241 1155 404 1242 curavit;
424 1176 537 1252 neque
557 1159 644 1232 satis
659 1159 784 1231 habuit
799 1159 867 1230 hoc
888 1164 961 1230 tarn
982 1157 1099 1230 audax
1122 1156 1257 1230 facinus
1286 1164 1459 1252 patrasse,
1479 1179 1601 1230 verum
1615 1156 1718 1230 etiam
1730 1155 1824 1229 edito

202 1307 220 1336 κ
241 1277 360 1352 libello
373 1282 599 1376 parricidium
616 1284 685 1356 hoc
705 1283 902 1367 defendere,
922 1280 1082 1366 laudare,
1099 1280 1271 1376 tituloque
1287 1281 1430 1376 pietatis
1453 1304 1580 1355 ornare
1601 1281 1734 1355 veritus
1754 1303 1827 1352 non

203 1427 221 1460 κ
243 1408 310 1476 001.
339 1403 431 1483 Quin
452 1412 488 1478 et
510 1405 726 1480 insidiatoris
756 1406 852 1479 illius
876 1412 949 1478 tam
965 1406 1179 1478 horrendum
1196 1399 1369 1500 flagitium
1386 1430 1464 1480 cum
1486 1407 1578 1480 facto
1596 1407 1746 1502 Moysis
1768 1405 1827 1502 qui

202 1554 222 1586 κ
242 1528 473 1624 AEgyptium,
490 1536 525 1603 et
544 1531 703 1616 Davidis,
726 1532 785 1626 qui
804 1530 947 1604 Goliath
968 1530 1156 1616 interfecit,
1185 1553 1390 1627 comparare
1411 1558 1419 1617 ;
1459 1539 1496 1606 et
1514 1556 1606 1618 cum,
1631 1531 1724 1627 quod
1752 1553 1824 1604 me·

201 1678 221 1710 0
242 1657 375 1737 100101,
391 1653 600 1749 supplicium
625 1656 671 1730 do
694 1654 865 1728 scelerato
888 1654 1013 1726 sicario
1036 1662 1211 1749 sumptum
1229 1654 1364 1740 fuisset,
1386 1655 1594 1728 Poltronum
1617 1655 1710 1728 inter
1732 1677 1826 1727 mar·

203 1805 222 1836 s
245 1783 343 1874 tyres
377 1778 510 1853 referre
528 1803 599 1852 000
616 1780 800 1853 dubitavit.
830 1778 956 1873 Neque
987 1785 1172 1851 contentus
1189 1778 1268 1863 fuit,
1284 1787 1357 1851 tarn
1386 1781 1538 1854 immane
1556 1779 1686 1852 facturn
1716 1780 1826 1874 parri·

202 1929 222 1962 c
242 1900 332 1975 cidae
349 1901 525 1989 laudasse,
540 1927 663 1978 verum
676 1905 764 1977 alios
778 1902 887 1976 etiam
900 1903 948 1974 ad
962 1902 1171 1974 imitandum
1195 1902 1282 1974 illud
1309 1904 1385 1998 ejus
1408 1904 1568 1999 exemplo
1594 1903 1766 1985 accendit,
1787 1925 1829 1974 ac

204 2053 222 2084 ι
243 2025 392 2100 1000000
410 2028 541 2114 docuit,
556 2028 679 2102 fallere
696 2028 815 2111 fidem,
835 2026 931 2098 heris
946 2023 1118 2109 insidiari,
1135 2031 1171 2097 01
1199 2047 1260 2097 000
1283 2047 1421 2120 quoquo
1449 2024 1553 2096 modo
1571 2023 1708 2109 tollere,
1725 2025 1830 2119 juxta

131 2227 136 2236 ,
202 2179 221 2212 ⁶
242 2153 351 2228 illud:
374 2156 476 2229 dolus
489 2181 535 2228 an
553 2156 677 2244 virtus,
698 2158 775 2252 quis
797 2157 834 2236 in
859 2151 961 2222 hoste
989 2147 1170 2241 requiratl
1201 2147 1270 2220 Sed
1298 2149 1381 2242 quid
1417 2170 1484 2243 ego
1501 2146 1604 2242 plura
1617 2147 1768 2220 scribam
1785 2146 1829 2217 de

201 2308 221 2341 c
244 2279 341 2354 Beaa
356 2282 437 2368 hoc,
455 2306 523 2378 quo
541 2283 629 2356 nihil
641 2306 796 2379 unquam
822 2290 919 2356 terra
936 2275 1102 2372 produxit
1122 2272 1333 2348 00010011001
1361 2271 1419 2344 1110
1440 2271 1533 2344 enim
1556 2277 1609 2343 est
1624 2271 1685 2342 fax
1706 2271 1827 2342 iucen-

201 2433 220 2464 κ
242 2404 382 2478 diorum
410 2407 577 2493 omniurn,
609 2408 757 2501 fonsque
783 2411 955 2499 caputque
978 2400 1149 2472 malorum
1180 2396 1359 2480 omnium;
1389 2396 1514 2489 quibus
1544 2395 1829 2484 florentissimum

203 2557 222 2588 α
244 2528 374 2602 Galliae
395 2553 544 2626 regnum
557 2539 610 2604 fot
618 2532 692 2626 jam
704 2553 816 2603 annos
829 2535 883 2601 est
900 2525 1092 2611 afflictum
1112 2523 1171 2618 qui
1189 2529 1377 2618 propterea
1390 2519 1483 2590 misit
1496 2519 1566 2591 huo
1579 2518 1828 2615 synagogistas
1944 2575 1949 2580 .

201 2677 220 2710 c
243 2673 341 2735 suos,
361 2661 401 2724 ut
419 2655 568 2727 eundern
583 2654 689 2750 hujus
707 2674 844 2748 quoque
860 2649 962 2744 regni
980 2646 1174 2743 maJestatis
1197 2653 1325 2718 vestrae
1352 2643 1530 2717 efficerent
1554 2649 1697 2727 statum,
1727 2649 1762 2714 01
1791 2643 1828 2714 10

201 2802 221 2834 ⁶⁶
242 2777 386 2850 easdem
404 2776 491 2849 illud
506 2777 726 2852 calamitates
740 2776 967 2850 adducerent.
991 2807 1007 2840 a
1024 2772 1107 2845 Pari
1123 2769 1424 2842 commendatione
1450 2768 1621 2839 bonorum
1640 2766 1752 2860 digni,
1776 2789 1829 2838 re·

195 2896 290 2994 liqui
318 2905 494 2972 sectarum
528 2901 566 2973 in
591 2900 741 2974 Polonia
769 2898 952 2994 signiferi:
986 2899 1114 2970 Petrus
1144 2896 1277 2969 Paulus
1307 2895 1503 2989 Vergerus,
1534 2899 1570 2965 et
1602 2893 1712 2966 frater
1743 2915 1827 2964 suus

194 3022 222 3096 J
226 3045 361 3097 oannes
379 3023 549 3110 polanus,
570 3033 717 3121 uterque
739 3023 821 3097 olim
835 3023 989 3118 episcopi
1002 3022 1039 3092 10
1055 3021 1168 3106 101110,
1187 3003 1557 3115 uterque'transsugae.
1579 3019 1777 3090 Tentarunt
1790 3016 1828 3087 hi

197 3168 342 3242 qnoque
359 3146 541 3220 fraudibus
554 3147 626 3220 suis
642 3146 809 3234 Polonos,
827 3146 866 3218 et'
878 3143 1006 3217 libellis
1021 3143 1247 3238 Sigismundo
1264 3140 1427 3236 Augusto
1440 3140 1637 3236 inscriptis:
1651 3139 1826 3234 Georgius
1853 3115 1984 3250 yffi

195 3268 412 3356 Blandrota,
435 3270 559 3344 Ticino
577 3271 758 3345 avinculis
776 3271 931 3365 elapsos,
950 3268 1150 3365 peragratis
1169 3266 1370 3341 Germaniae
1387 3265 1589 3360 provinciis,
1610 3288 1689 3337 curn
1710 3264 1826 3360 impiis
1853 3289 1912 3329 nun.

195 3393 428 3467 consiliorum
464 3418 608 3467 suorum
645 3395 874 3490 adjutoribus,
925 3393 1154 3490 Lysmanino,
1200 3392 1369 3478 Statorio,
1420 3389 1663 3476 Scerebesino‚
1708 3389 1827 3462 intulit

194 3517 372 3592 Arianam
388 3525 524 3614 pestem
554 3519 592 3591 10
618 3520 816 3592 Poloniam.
850 3518 937 3592 Cum
959 3519 1014 3591 his
1041 3517 1267 3591 similitudine
1294 3539 1431 3588 morum
1458 3515 1720 3608 studiorumque
1746 3536 1827 3585 con·
1852 3481 2002 3616 fflffdffi
2087 3597 2089 3600 ,

190 3641 336 3738 juncti:
356 3643 379 3713 J
383 3665 514 3715 oannes
534 3643 731 3738 Campanus
748 3642 974 3730 iuliacensis,
995 3641 1127 3715 Laelius
1141 3641 1288 3715 Socinus
1319 3640 1497 3724 Senensis,
1518 3639 1539 3710 J
1543 3660 1676 3711 oannes
1693 3637 1826 3710 Paulus
1853 3639 1911 3695 ciis.

194 3765 358 3840 Alciatu's
375 3766 652 3840 Mediolanensis
668 3767 817 3849 athleta,
837 3767 1032 3840 Matthaeus
1047 3765 1237 3838 Gribaldus
1263 3764 1473 3847 causidicus,
1494 3763 1687 3858 Gregorius
1705 3762 1822 3849 Pauli,

195 3897 238 3962 01
258 3889 318 3984 qui
335 3890 544 3963 Petricoviae
558 3892 616 3988 (00
638 3891 753 3985 1566),
787 3891 823 3961 10
853 3891 1003 3964 00011110
1029 3891 1146 3985 regni,
1166 3888 1309 3962 Arianae
1327 3889 1372 3961 de
1392 3887 1520 3960 Christi
1543 3885 1727 3959 divinitate
1746 3909 1825 3959 sen·

194 4014 322 4087 tantiae
337 4024 591 4110 propugnator,
619 4014 757 4109 publice
772 4037 851 4087 curn
871 4014 1039 4088 ministris
1054 4013 1241 4087 Calvinicis
1258 4012 1426 4097 0001111111,
1446 4013 1469 4083 J
1472 4033 1604 4083 oannes
1617 4010 1824 4083 Valentinus

194 4137 367 4225 Gentilis,
385 4139 496 4212 Italus
515 4139 762 4218 Consentinus,
778 4137 1048 4234 languidosque,
1073 4162 1114 4211 ac
1132 4139 1280 4212 sincerae
1298 4139 1403 4212 rudes
1415 4135 1621 4231 theologia,
1637 4134 1823 4230 plerosque

192 4262 437 4358 disputatores
451 4271 487 4334 et
504 4264 654 4335 arbitros
673 4262 872 4357 sophisticis
883 4263 1100 4357 argumentis
1115 4262 1157 4334 ad
1167 4285 1268 4334 suam
1279 4261 1437 4334 traduxit
1450 4261 1673 4333 sententiam.
1692 4287 1709 4318 a
1723 4257 1824 4334 Adde

196 4415 218 4446 κ
240 4387 310 4472 1110,
336 4409 424 4481 quos
442 4394 606 4460 numerat
631 4387 904 4481 Christophorus
918 4387 1197 4474 Hartknochius,
1213 4388 1318 4459 homo
1336 4394 1372 4460 et
1397 4385 1473 4482 ipse
1504 4385 1737 4458 Luteranicus
1760 4383 1819 4479 (a):
1852 4361 1990 4498 {ffli-

196 4538 217 4570 «
239 4509 335 4583 inter
350 4509 482 4604 primos
496 4510 666 4584 Ecclesiae
679 4511 926 4585 reformatores
942 4518 1100 4607 tempore
1119 4506 1823 4586 110101110010011οΡ0100101Μο111000
1848 4521 1876 4574 to
1886 4517 2006 4588 disputa-

195 4663 217 4696 oe
240 4633 384 4720 Glossa,
400 4637 559 4710 Joannes
581 4636 818 4720 Seclutianus,
838 4637 861 4708 J
864 4659 993 4710 oannes
1011 4637 1204 4711 Casminius
1223 4643 1259 4709 et
1274 4635 1449 4708 Martinus
1468 4634 1685 4709 Prasnicius.
1707 4633 1749 4704 ln
1767 4631 1823 4704 Li·
1850 4596 1995 4748 qqngqpes

194 4787 216 4820 a
239 4760 365 4832 tuania
388 4783 526 4856 quoque
541 4760 664 4834 Luteri
680 4761 831 4856 vestigia
844 4785 1006 4856 posuere,
1023 4769 1163 4836 auctore
1182 4761 1333 4858 quodam
1351 4761 1554 4835 Abrahamo
1573 4759 1696 4844 Culva,
1725 4757 1824 4830 theo·
1851 4759 1957 4812 cantu.

193 4913 215 4946 a
238 4882 350 4979 logias
371 4882 527 4958 doctore.
547 4919 564 4950 n
584 4885 758 4959 Recensis
778 4884 904 4959 deinde
919 4887 1135 4982 principibus
1150 4887 1185 4958 in
1204 4887 1353 4960 Polonia
1370 4895 1406 4960 et
1428 4882 1595 4959 Lituania
1612 4881 1767 4994 familiis,
1788 4881 1825 4952 10

237 5133 1828 5232 ssfflmmmmmmmmmmmwffissfflfflmffimmmffiqmffla

190 5261 265 5327 pag.
283 5247 334 5308 2⁰.

1714 5353 1730 5404 2
