4930 6634
620 834 683 902 248
1010 837 1287 900 urrunurclnun
1310 837 1524 898 sociareris
1544 835 1631 897 issu
1655 805 1905 894 nrsrouiluuu

453 1035 517 1090 161?
630 1023 733 1096 litani
751 1024 938 1098 sententia.
973 1026 995 1097 J
999 1024 1132 1098 esuitas
1161 1024 1214 1097 illi
1243 1025 1404 1098 certatim
1436 1023 1596 1108 laudare,
1626 1023 1735 1096 etad
1767 1021 2011 1116 magisterium
2039 1021 2249 1118 deposcere:

626 1148 785 1244 ipsorum
822 1149 991 1236 navitate,
1012 1157 1065 1221 tot
1093 1149 1277 1244 praeclaris
1311 1149 1461 1244 probata
1486 1147 1671 1244 exemplis,
1702 1147 1792 1220 effici
1811 1147 1990 1220 enimvero
2007 1169 2122 1240 posse,
2143 1154 2182 1218 ut
2199 1148 2252 1218 sui

627 1273 707 1346 laus
725 1272 884 1358 Ordinis,
904 1275 980 1368 jam
1011 1273 1070 1344 diu
1083 1275 1222 1368 jacens,
1244 1281 1408 1368 assurgat
1423 1272 1568 1345 tandem
1597 1281 1633 1344 et
1661 1271 1895 1344 convalescat.
1924 1271 2107 1367 Bytinium
2137 1272 2254 1364 itaque

627 1405 701 1470 tres
719 1421 739 1470 e
759 1397 979 1470 Nesvisiensi
998 1397 1181 1470 Sociorum
1208 1396 1366 1496 collegio
1385 1398 1589 1470 sacerdotes
1618 1397 1712 1480 lecti,
1734 1397 1856 1468 Simon
1883 1395 2070 1480 Prushius,
2091 1395 2255 1468 Andreas

629 1521 862 1607 Koniuskius,
885 1529 920 1593 et
938 1520 1142 1616 Stephanus
1175 1521 1426 1606 Gruzevskius,
1447 1523 1669 1594 deducuntur
1686 1521 1732 1615 (ι).
1760 1521 1896 1592 Horum
1922 1521 2124 1614 magisterio
2151 1521 2254 1591 unius

629 1647 744 1743 spatio
762 1647 845 1719 anni
880 1645 1042 1718 effectum
1061 1651 1128 1728 est,
1144 1651 1184 1716 ut
1196 1644 1285 1716 illud
1302 1645 1456 1717 tironum
1470 1647 1602 1740 pariter
1615 1669 1657 1719 ac
1671 1653 1917 1717 veteranorum
1938 1645 2132 1740 Collegium
2159 1643 2256 1716 alind

627 1771 709 1844 inde
722 1769 864 1843 omnino
878 1793 899 1842 a
913 1792 952 1841 se
967 1770 1164 1841 videretur:
1185 1769 1236 1840 ita
1254 1769 1310 1840 hic
1328 1770 1471 1863 antiqua
1492 1770 1635 1842 Ordinis
1662 1771 1835 1843 Basiliani
1860 1771 1938 1842 laus
1957 1771 2123 1864 reviguit.
2141 1769 2257 1862 Hujus

629 1896 682 1968 rei
708 1894 1010 1991 commendatione
1045 1893 1201 1974 excitati,
1221 1892 1340 1985 plures
1359 1915 1403 1965 ex
1419 1892 1501 1964 aliis
1519 1894 1689 1966 coenobiis
1714 1918 1752 1968 se
1769 1894 1949 1990 Bytinium
1975 1893 2148 1977 conferre,
2166 1901 2201 1966 et
2219 1893 2255 1962 in

630 2018 849 2113 disciplinam
885 2015 1022 2090 alacres
1053 2017 1184 2088 nostris
1215 2016 1366 2101 dedere;
1406 2016 1554 2112 aliisque
1584 2016 1657 2101 alii,
1694 2018 1866 2090 institutis
1905 2017 2024 2100 rudes,
2053 2018 2253 2090 succedere.

629 2145 854 2239 Quapropter
871 2141 1003 2213 diutius
1021 2164 1062 2213 eo
1081 2141 1118 2212 in
1139 2141 1347 2234 magisterio
1370 2142 1486 2214 socios
1504 2143 1641 2214 versari
1659 2143 1827 2237 oportuit,
1856 2165 1960 2236 quam
1977 2143 2070 2214 inter
2087 2141 2257 2235 praesides

628 2267 782 2363 partium
800 2265 1021 2338 convenisset
1039 2289 1046 2335 :
1068 2285 1151 2336 nam
1169 2264 1341 2359 principio
1360 2264 1457 2337 Socii
1472 2266 1539 2337 hoc
1552 2274 1651 2360 pacto
1665 2265 1815 2361 accepti,
1832 2273 1870 2335 ut
1887 2289 1931 2338 ne
1951 2239 2088 2336 'annum
2107 2263 2258 2360 amplius

631 2415 738 2463 unum
755 2392 793 2463 in
811 2389 936 2462 officiis
953 2395 1179 2472 tenerentur;
1204 2387 1269 2460 sed
1283 2397 1410 2483 rogatu
1430 2413 1509 2461 cnm
1532 2390 1794 2486 metropolitani
1810 2397 1884 2460 tum
1901 2408 2045 2461 suorum
2061 2389 2257 2461 antistitum

630 2516 745 2588 coacti
758 2522 852 2600 sunt,
874 2514 994 2608 plures
1008 2535 1121 2585 annos
1135 2533 1200 2584 sua
1213 2513 1420 2584 continuare
1433 2514 1639 2607 magisteria
1661 2515 1711 2609 (a).
1737 2513 1881 2607 Exque
1907 2513 2034 2585 deinde
2061 2524 2202 2606 quantae
2219 2513 2257 2582 in

629 2639 768 2734 plebem
796 2638 901 2710 etiam
937 2637 1108 2709 utilitates
1135 2643 1333 2718 manarent,
1370 2636 1538 2709 videbant
1573 2636 1825 2731 gratulabundi
1859 2635 2034 2708 antistites
2065 2637 2133 2708 sui.
2175 2636 2258 2707 Jam

630 2762 752 2859 plebes
769 2786 834 2836 sua
847 2763 1038 2844 Rutenica‚
1056 2783 1136 2855 quae
1153 2783 1267 2854 nuper
1280 2770 1316 2831 et
1333 2761 1422 2833 ritus
1449 2760 1618 2836 Ecclesiae
1636 2743 1810 2833 Romanae
1837 2768 1873 2832 et
1898 2762 2099 2833 sacerdotes
2116 2783 2255 2834 aversa·

632 2891 750 2974 batur,
767 2888 849 2961 inde
867 2887 984 2959 omnia
1000 2885 1254 2957 catholicorum
1271 2889 1342 2978 pro'
1354 2885 1426 2957 suis
1443 2885 1594 2970 habere;
1615 2884 1805 2957 Societatis
1822 2892 1955 2956 nostrae
1981 2885 2154 2968 homines,
2170 2907 2258 2978 quos

633 3020 716 3086 ante
750 3009 966 3104 defugiebat,
1001 3007 1180 3102 suspicere
1210 3006 1389 3098 deinceps,
1418 3005 1583 3079 fidentius
1611 3007 1723 3091 adire,
1753 3009 1848 3079 etin
1873 3031 1936 3078 suo
1963 3009 2110 3103 quisque
2136 3009 2259 3082 salutis

634 3133 778 3230 negotio
804 3156 867 3228 pro
886 3132 959 3204 suis
977 3131 1029 3203 uti
1055 3129 1237 3223 magistris
1269 3151 1310 3199 ac
1335 3127 1505 3223 patribus.
1523 3130 1615 3202 Tum
1640 3132 1779 3204 demum
1797 3131 1927 3204 clarius
1953 3133 2167 3206 intellectum
2186 3141 2256 3217 est,

633 3257 719 3354 quid
737 3258 819 3329 unio
838 3278 913 3340 sua,
935 3278 1039 3349 quarn
1064 3254 1254 3325 inscientes
1285 3253 1401 3325 adhuc
1418 3253 1469 3326 ita
1496 3256 1700 3328 Graecorum
1719 3281 1797 3330 cum
1811 3259 1948 3331 Latinis
1978 3260 2258 3354 conjunctionem

634 3383 852 3466 vocitarent;
881 3379 976 3473 quid,
1010 3380 1166 3471 inquam,
1204 3375 1437 3470 significaret,
1470 3379 1622 3474 quidque
1653 3381 1866 3453 discriminis
1897 3405 2081 3456 romanam
2113 3385 2203 3458 inter
2221 3394 2257 3457 et

637 3504 889 3601 graecamsoret
902 3501 1110 3575 Ecclesiam.
1125 3498 1220 3572 Alibi
1234 3499 1319 3593 ipsis
1330 3501 1436 3572 etiam
1446 3485 1677 3576 schismaticis
1687 3527 1796 3598 opera
1811 3506 1993 3578 Sociorum
2003 3507 2068 3579 fuit
2081 3516 2260 3604 pergrata.

465 3614 591 3752 auffu-
689 3627 790 3723 Capti
816 3649 928 3722 nuper
950 3624 1042 3698 bello
1069 3623 1314 3707 Moscovitico,
1343 3624 1476 3696 Ruteni
1501 3627 1630 3700 milites
1650 3629 1751 3700 Orsee
1779 3630 1813 3698 in
1840 3629 1990 3702 vinculis
2017 3632 2259 3704 servabantur.

465 3772 552 3843 puros
572 3787 614 3827 re·
639 3752 764 3824 Visere
782 3751 939 3846 captivos
957 3748 1147 3820 identidem
1172 3744 1368 3840 eGollegio
1392 3750 1513 3823 Socii:
1535 3751 1644 3824 solari
1669 3753 1857 3847 mancipia,
1878 3777 1947 3824 non
1974 3752 2078 3826 aliter
2104 3763 2206 3847 atque
2233 3757 2264 3826 si

464 3851 614 3986 {ffilssuifl
639 3878 707 3960 sui,
727 3877 821 3970 iique
847 3871 1082 3957 benemeriti,
1103 3872 1231 3954 forent,
1253 3880 1289 3942 et
1306 3894 1443 3956 curare,
1460 3875 1549 3970 stipe
1574 3885 1609 3948 et
1634 3876 1776 3948 cibariis
1803 3901 1940 3971 quoque
1959 3878 2080 3951 dicad
2105 3903 2264 3952 carceres

470 4008 571 4065 officis.
639 4027 702 4101 per
720 4025 802 4076 suas
820 4023 945 4073 manus
963 3998 1113 4070 collatis.
1135 3996 1306 4090 Magnam
1332 3996 1484 4072 faciebat
1510 4001 1777 4074 admirationem
1806 4025 1849 4073 ea
1873 4004 2115 4075 misericordia
2138 4004 2264 4075 barba-

637 4130 710 4213 ris;
730 4127 850 4221 itaque
874 4123 1029 4196 vicissim
1060 4122 1263 4193 Moscorum
1295 4120 1418 4194 ductor
1449 4125 1641 4198 clementer
1667 4124 1798 4196 hebere
1834 4148 1853 4196 e
1888 4124 2072 4198 Lituanico
2107 4127 2264 4220 captivos

543 4319 548 4330 .
638 4251 810 4334 exercitu;
831 4248 1021 4322 nonnullos
1050 4272 1170 4322 eorum
1200 4250 1324 4338 Sociis,
1356 4260 1523 4345 tanquam
1554 4249 1648 4321 inter
1674 4257 1793 4342 partes
1814 4249 2046 4342 benignitatis
2069 4249 2262 4343 magistris,

468 4405 581 4461 nuum
640 4375 810 4470 quasique
828 4374 1033 4469 sequestris,
1055 4376 1191 4448 remisit
1217 4379 1292 4452 sine
1312 4377 1437 4473 pretio.
1459 4375 1530 4446 Per
1557 4373 1759 4444 occasiones
1786 4373 1958 4466 ejusmodi
1984 4374 2076 4445 facta
2106 4383 2187 4472 suut
2207 4372 2265 4444 lu-

442 4564 443 4568 ,
469 4486 591 4556 insignis.
641 4522 702 4572 cre
731 4499 927 4571 animorum
958 4497 1125 4593 insignia.
1148 4501 1350 4595 Octingenti
1376 4507 1412 4571 et
1439 4496 1677 4592 quadraginta
1703 4496 1759 4568 vel
1785 4519 1808 4566 a
1830 4497 2028 4590 graecanico
2059 4499 2262 4584 schismate,

642 4623 700 4696 vel
730 4645 752 4695 a
782 4623 887 4695 sectis
917 4623 1164 4696 haereticorum
1194 4625 1315 4708 uariis,
1335 4625 1429 4695 intra
1458 4623 1553 4692 hunc
1578 4643 1721 4702 annum,
1743 4620 1858 4702 Orsee,
1879 4619 1915 4689 in
1942 4619 2018 4714 ipso
2049 4621 2190 4716 oppido,
2219 4623 2269 4694 ad

467 4765 599 4834 Novcgro
643 4747 840 4821 Ecclesiam
870 4747 1024 4820 revocati
1056 4757 1298 4821 numerantur.
1335 4744 1650 4840 Novogrodensem
1685 4745 1860 4816 civitatem
1892 4745 2137 4820 Nesvisienses
2171 4747 2268 4820 Socii

467 4842 603 4980 {imm
643 4895 708 4968 pro
727 4893 792 4945 sua
818 4871 921 4943 vinea
937 4869 1117 4956 colebant;
1139 4873 1391 4946 excurrebatur
1408 4871 1455 4942 ad
1473 4891 1546 4942 eam
1565 4867 1776 4953 identidem;
1805 4893 1883 4941 cum
1900 4869 2044 4941 Arianis
2069 4870 2116 4941 ibi
2143 4871 2269 4943 crebra

469 5003 572 5058 munt.
646 4999 745 5072 suere
764 5021 826 5092 pro
846 4996 1031 5069 sanctitate
1057 4996 1239 5092 religionis
1265 4998 1448 5071 catholicae
1475 4995 1680 5068 certamina.
1703 4979 1875 5066 Effectum
1900 4994 1968 5066 hoc
1992 4995 2268 5090 amouerique,

683 5149 722 5224 (t)
747 5147 779 5206 V.
797 5151 823 5206 in
842 5149 898 5206 rita
912 5149 941 5206 Ρ.
955 5149 1069 5206 Thornae
1083 5145 1186 5221 Viejski
1205 5153 1309 5223 scripta
1324 5167 1338 5208 a
1353 5149 1386 5207 Ρ.
1400 5144 1522 5215 Brictio,
1540 5161 1604 5224 pag.
1621 5147 1689 5204 995.

683 5255 724 5337 (t)
746 5256 787 5315 dd
801 5259 897 5316 decem
914 5271 1003 5316 annos
1014 5265 1231 5330 perseverarunt
1245 5259 1272 5316 in
1289 5274 1325 5317 eo
1342 5255 1516 5334 magisterio.
