4930 6634
677 813 739 880 264
920 887 923 895 4
1040 810 1314 872 LlTUANlCAltUM
1336 809 1548 873 SOClETA’llS
1567 807 1653 870 insu
1676 806 1927 870 fllsronlnnuu

506 1015 567 1069 roal
681 1015 720 1071 se
734 995 982 1093 'propulsantes
1013 996 1171 1091 pericula
1196 996 1368 1090 polonicae
1396 996 1512 1092 gentis
1529 994 1714 1090 legiones:
1748 1017 1912 1090 superne,
1934 994 1993 1066 via
2014 992 2117 1088 quasi
2132 993 2260 1080 lactea,
2281 1017 2305 1066 a

503 1093 643 1225 iffi?
682 1122 988 1220 septemtrionibus
1006 1123 1176 1195 orientem
1193 1145 1317 1194 versus
1343 1122 1457 1220 (quarn
1474 1129 1608 1216 spectat
1626 1120 1770 1216 plagam
1788 1120 1983 1202 Moldavia,
2001 1120 2077 1214 ejus
2099 1120 2182 1192 belli
2208 1144 2300 1192 cam·

502 1267 561 1306 rum
573 1258 602 1343 gt
678 1249 755 1343 pus)
771 1247 966 1343 perillustri
982 1254 1119 1320 vectam
1142 1247 1281 1333 thensa,
1298 1247 1393 1319 illam
1411 1270 1576 1320 auroram
1605 1255 1889 1340 consurgentem,
1922 1245 2107 1340 pulchram
2124 1252 2163 1317 ut
2196 1245 2295 1328 luna,

502 1330 627 1386 ‘mm'
676 1372 825 1447 electam
842 1381 881 1447 ut
897 1373 964 1456 sol,
985 1397 1063 1446 cum
1080 1395 1189 1468 puero
1207 1373 1229 1444 J
1232 1396 1296 1445 esu
1321 1373 1505 1468 Virginem
1531 1371 1804 1444 Beatissimam:
1825 1371 1871 1443 ad
1897 1372 2023 1445 horum
2043 1373 2152 1466 pedes
2170 1369 2301 1464 suppli-

675 1520 751 1571 cem
769 1495 1000 1582 Stanislaum,
1027 1519 1069 1568 eo
1088 1495 1204 1570 vultus
1231 1495 1432 1582 simulacro,
1462 1519 1506 1568 ex
1532 1519 1600 1590 quo
1629 1495 1733 1568 facile
1764 1517 2011 1589 cognosceres,
2040 1518 2063 1566 a
2086 1495 2300 1567 Beatissimo

673 1622 750 1695 cive
784 1644 858 1694 rem
888 1644 962 1692 suae
997 1619 1158 1693 Polouiae
1201 1621 1363 1715 precibus
1397 1620 1658 1692 commendari:
1697 1619 1855 1692 arridere
1898 1619 2119 1713 deprecaturi
2145 1619 2298 1690 Matrem

672 1745 886 1843 piissimam:
907 1744 1037 1817 Filium
1071 1743 1382 1817 clementissimum
1407 1742 1548 1816 servulo
1574 1765 1638 1814 suo
1673 1765 1842 1816 annuere.
1864 1743 1947 1815 Nou
1977 1743 2185 1815 somniantis
2211 1741 2299 1814 illud

673 1880 749 1944 erat
765 1868 986 1952 miraculum,
1004 1867 1116 1962 inquit
1141 1869 1177 1939 in
1203 1890 1267 1939 sua
1284 1866 1435 1939 historia
1461 1860 1504 1938 de
1534 1866 1640 1939 rebus
1670 1866 1806 1961 patriis,
1837 1873 1980 1940 senator
1997 1865 2160 1960 polonus,
2185 1867 2300 1938 Geda-

672 1995 836 2068 nensium
861 1991 1086 2076 castellanus,
1109 1990 1308 2064 Stanislaus
1334 2013 1356 2061 a
1378 1987 1623 2086 Kobierzycko
1654 1989 2195 2088 Kobierzyckius(1),cuifidem
2220 1992 2297 2064 dies

677 2149 693 2179 a
715 2117 881 2192 stabilitae
909 2117 1020 2212 pacis,
1041 2116 1123 2211 quin
1151 2115 1266 2210 ipsum
1296 2137 1387 2210 pene
1417 2121 1631 2186 momentum
1667 2115 1911 2192 adstruxerat.
1945 2115 2033 2194 Quae
2065 2115 2205 2208 quidem
2232 2115 2298 2187 Dei

674 2273 690 2303 a
712 2241 834 2336 optimi
848 2241 1047 2334 benignitas
1063 2238 1293 2332 Ooelitumque
1310 2237 1411 2310 favor
1425 2259 1481 2308 me
1498 2236 1682 2331 permovit,
1699 2245 1739 2310 ut
1751 2261 1825 2310 rem
1839 2237 1915 2310 loco
1929 2246 2087 2311 attexere
2105 2262 2176 2311 non
2194 2237 2295 2309 dubi·

674 2395 691 2426 α
712 2373 846 2438 tarem:
866 2387 946 2436 nam
963 2370 1002 2435 ut
1019 2361 1126 2435 dubia
1140 2370 1176 2434 et
1198 2360 1404 2434 admiranda
1431 2383 1450 2432 e
1468 2359 1581 2432 triviis
1599 2369 1661 2432 aut
1686 2360 1973 2434 circumforaneis
1999 2361 2137 2434 schedis
2155 2363 2297 2457 conqui-

672 2518 690 2549 α
712 2509 804 2574 rere,
825 2487 947 2583 procul
968 2488 1142 2582 gravitate
1171 2486 1325 2580 suscepti
1352 2483 1469 2580 operis
1495 2485 1701 2570 habuerim,
1730 2485 1781 2556 ita
1799 2484 1891 2558 serio
1917 2483 2071 2571 traditis,
2101 2495 2299 2581 eventuque

673 2639 689 2672 v
711 2609 960 2706 comprobatis,
978 2609 1117 2682 silentio
1135 2609 1240 2682 fidem
1261 2608 1430 2693 adimere,
1450 2608 1605 2704 profecto
1631 2616 1667 2681 et
1684 2608 1856 2694 divorum,
1878 2608 1937 2704 qui
1956 2632 2066 2704 prope
2088 2606 2299 2682 damnantur

674 2764 690 2796 a
711 2757 790 2806 cum
807 2739 1078 2829 praetereuntur,
1097 2732 1261 2827 injuriam
1274 2732 1378 2818 duco,
1400 2743 1435 2806 et
1448 2733 1494 2805 ab
1507 2733 1651 2805 homine
1664 2733 1855 2818 catholica
1873 2733 1982 2807 veluti
2008 2735 2171 2808 beneficii
2183 2737 2300 2808 minus

672 2887 689 2918 u
711 2865 828 2952 grato,
849 2857 1003 2930 alienum
1017 2857 1191 2930 existimo.
1213 2857 1340 2929 Exstat
1355 2857 1430 2950 ejus
1444 2855 1607 2930 beneficii
1621 2865 1886 2930 monumentum
1905 2857 2099 2943 cracoviae,
2116 2858 2153 2930 in
2170 2858 2301 2954 templo

673 3012 689 3044 κ
715 2981 914 3063 Societatis,
957 2981 1048 3053 divis
1087 2979 1324 3075 apostolorum
1369 2979 1586 3076 principibus
1621 2979 1750 3065 dicato,
1789 2982 1826 3054 in
1861 2982 1992 3054 sacello
2032 2983 2162 3056 ibidem
2196 2983 2301 3055 Beati

673 3136 689 3168 κ
710 3105 880 3180 Stanislai
898 3105 1099 3200 magnifica
1120 3105 1246 3199 iugens
1262 3103 1398 3188 tabula,
1417 3104 1455 3175 in
1485 3127 1556 3200 qua
1572 3104 1649 3177 baec
1665 3104 1788 3200 legas:
1810 3112 1904 3177 Dum
1925 3111 2132 3191 Osmannes,
2156 3113 2297 3178 Turon-

673 3258 690 3290 «
711 3253 794 3302 rum
813 3215 1037 3319 imperator,
1069 3232 1204 3318 insipat
1232 3251 1379 3300 suorum
1404 3232 1503 3300 clade
1531 3232 1579 3298 ad
1598 3232 1794 3301 Cbotimum
1812 3233 1898 3301 betto
1915 3235 2044 3302 Dacico
2071 3235 2229 3316 adactum,
2249 3235 2295 3302 de

673 3383 690 3418 e
706 3359 811 3444 pacis
838 3357 972 3442 saedere
988 3355 1177 3452 sanciendo
1210 3376 1290 3424 curm
1321 3357 1465 3425 Potomia
1498 3356 1631 3424 barat:
1660 3358 1871 3426 Beatissimo
1900 3359 1966 3425 Dei
1996 3360 2118 3427 Mater
2147 3359 2294 3427 unicum

675 3506 691 3538 κ
711 3481 899 3549 christiani
918 3479 1073 3548 nominis
1087 3480 1406 3568 propugnaculum,
1427 3500 1507 3548 cum
1537 3481 1675 3564 infante
1704 3481 1790 3547 Jesu
1821 3480 1933 3547 rheda
1946 3495 1948 3499 ’
1962 3481 2082 3550 inuehi
2114 3489 2298 3568 compecto

674 3629 691 3662 α
712 3610 992 3690 est‚praesentem
1005 3603 1163 3672 Potomia³
1179 3622 1279 3690 apem
1292 3605 1468 3684 otiatura,-
1485 3605 1703 3690 supplicante
1717 3625 1837 3673 coram
1852 3608 1959 3673 Beato
1973 3607 2149 3676 Stanistoo
2162 3609 2298 3677 Kostlco

674 3756 692 3787 α
713 3729 894 3800 societatis
911 3729 1079 3814 desupra
1103 3729 1242 3813 patria,
1268 3746 1359 3813 pene
1386 3735 1584 3796 octrumum
1610 3735 1693 3796 tune
1702 3731 1944 3814 periclitante.
1965 3727 1987 3800 J
1990 3749 2047 3798 am
2077 3752 2160 3802 vero
2183 3729 2298 3823 Sigis-

675 3878 691 3910 κ
712 3849 843 3922 mundo
859 3871 947 3944 rago
969 3871 1047 3922 cum
1078 3849 1254 3922 universae
1284 3847 1480 3922 nobilitatis
1503 3849 1684 3950 ordinibus
1702 3848 1750 3920 ad
1767 3858 1885 3922 castra
1903 3851 1958 3922 sui
1983 3852 2159 3924 exercitus
2175 3875 2300 3946 proce·

675 4005 691 4037 a
713 3972 831 4058 deute,
858 3973 940 4045 dum
954 3972 1068 4045 hostis
1099 3972 1273 4066 inglorius
1290 3971 1419 4044 tinibus
1434 3973 1604 4046 excedere
1617 3982 1816 4067 cogeretur,
1833 3998 1876 4048 eo
1889 3975 1966 4069 ipso
1984 3983 2142 4070 ternpore
2160 3999 2301 4048 sacrum

675 4128 692 4160 κ
714 4099 785 4170 divi
802 4098 907 4194 hujus
937 4097 1100 4172 tutelaris
1130 4104 1247 4192 caput,
1268 4096 1340 4168 alia
1374 4097 1478 4191 regni
1507 4107 1621 4192 parte,
1651 4099 1689 4171 in
1719 4098 1905 4172 Poloniam
1937 4101 2113 4174 communi
2144 4101 2302 4172 omnium

677 4251 694 4284 a
715 4221 841 4296 solatio
871 4220 1088 4292 inferebatur
1126 4242 1191 4315 per
1219 4218 1495 4292 illustrissimum
1528 4222 1859 4294 reverendissimum
1893 4224 2081 4295 Dominum
2110 4223 2301 4296 Achatium

676 4375 693 4406 a
714 4344 948 4430 Grochovski,
982 4345 1184 4441 episcopum
1215 4344 1500 4430 Luceoriensem,
1522 4345 1638 4419 Roma
1665 4347 1710 4419 ab
1739 4345 1929 4419 admodum
1969 4348 2015 4421 R.
2048 4349 2155 4420 Patre
2185 4349 2305 4422 Mutio

677 4497 694 4530 α
715 4469 828 4544 eidam
859 4471 1082 4544 serenissimo
1100 4471 1388 4544 transmissum..
1407 4477 1475 4542 etc.
1492 4475 1559 4544 eto.
1584 4506 1601 4538 s

501 4573 613 4709 suanir
724 4595 822 4668 Inter
847 4602 1025 4669 nostrates
1041 4604 1254 4682 castrenses,
1271 4596 1376 4691 hujus
1400 4594 1526 4690 gloriae
1544 4595 1744 4690 participes,
1765 4597 1896 4693 primas
1923 4597 1991 4670 sibi
2015 4598 2170 4672 vindicat
2186 4600 2308 4676 laudis

501 4731 631 4859 ppppkiie
677 4725 795 4814 partes
812 4717 924 4792 virtus
944 4719 1042 4794 ducis
1058 4720 1251 4805 fortissimi,
1272 4720 1291 4791 J
1296 4719 1422 4792 oannis
1441 4717 1557 4792 Caroli
1576 4719 1841 4807 Chcdkiewicz;
1857 4723 1957 4817 cujus
1974 4725 2125 4797 maxime
2138 4726 2305 4812 consilio,

501 4880 565 4936 vicu
592 4883 650 4937 nos
674 4842 837 4936 imperio,
855 4841 890 4916 et
915 4843 1021 4917 ductu
1051 4843 1144 4916 salus
1170 4867 1313 4916 suorum
1347 4842 1505 4915 constitit
1531 4852 1566 4917 et
1593 4845 1754 4918 victoria.
1776 4847 1891 4941 Hujus
1916 4847 2067 4920 fructum
2093 4849 2311 4946 laudemque
2437 4869 2438 4880 ¹

501 4963 626 5020 orobitin
677 4964 849 5062 reliquam
867 4991 946 5040 cum
962 4967 1109 5064 imperio
1128 4966 1258 5040 dimisit
1275 4989 1340 5040 suo
1353 4965 1515 5062 collegae,
1533 4990 1576 5040 ea
1589 4975 1797 5065 tempestate
1816 4971 1972 5066 dapifero
1991 4974 2106 5070 regui,
2124 4976 2309 5051 Stanislao

679 5089 949 5176 Lubomirsld0;
977 5091 1066 5187 ipse,
1087 5097 1292 5165 senescente
1309 5092 1386 5187 jam
1416 5089 1523 5176 bello,
1544 5093 1589 5164 ad
1613 5093 1826 5169 immortales
1848 5097 1960 5190 (quod
1986 5098 2185 5172 existimare
2202 5099 2309 5196 licet)

720 5230 760 5310 (t)
783 5231 916 5296 Historia
929 5232 1062 5294 vladislai
1076 5233 1123 5304 Ν,
1138 5234 1187 5295 tib.
1206 5233 1241 5297 x,
1264 5249 1329 5307 pag.
1348 5234 1418 5292 Sti.
