4936 6658
715 765 777 836 368
1104 767 1382 835 LlTUleCAllUM
1403 769 1619 836 SOCIETATIS
1639 772 1727 837 Jssu
1749 767 2005 835 lllS'lOllldllUlt

543 935 610 1029 1051
718 953 866 1029 mendos
896 975 980 1028 suos
1007 955 1174 1046 comites;
1194 959 1300 1055 idque
1318 959 1467 1033 Praesidi
1484 959 1634 1056 aparuit.
1653 959 1799 1043 Rector,
1821 957 2080 1032 imminentium
2111 957 2191 1030 urbi
2216 964 2252 1032 et
2270 979 2348 1032 suae

595 1159 603 1174 .
719 1077 839 1153 domui
856 1080 1090 1178 periculorum
1119 1092 1214 1157 metu
1240 1086 1407 1179 praesenti
1427 1084 1689 1180 perturbatior,
1719 1081 1910 1157 Nicolaum
1938 1107 2016 1157 cum
2052 1083 2125 1158 suis
2158 1083 2348 1157 comitibus

544 1161 648 1298 {⁰3⁰2}
718 1201 898 1279 discedere
904 1206 1008 1302 jubet
1024 1208 1201 1282 continuo.
1222 1209 1293 1282 Vix
1311 1209 1393 1282 dum
1411 1210 1563 1306 ingressi
1580 1209 1660 1296 iter,
1680 1207 1839 1282 incidunt
1856 1209 1893 1280 i'n
1909 1209 2046 1291 hostes,
2063 1208 2164 1281 rabie
2180 1209 2344 1282 furentes

545 1322 649 1463 2232?
718 1329 910 1403 haeretica:
930 1338 1003 1404 tres
1020 1355 1096 1405 uno.
1108 1334 1199 1406 vecti
1230 1357 1334 1408 curru
1351 1334 1553 1408 lacerantur
1570 1359 1578 1407 :
1600 1335 1668 1408 duo
1685 1333 1724 1406 in
1741 1339 1932 1428 conspectu
1951 1330 2093 1406 Nicolai
2120 1339 2321 1407 mactantur
2336 1359 2346 1421 ;

546 1477 681 1536 11111111.
718 1453 844 1526 tertius
858 1477 922 1550 pro
940 1454 1123 1530 interiecto
1142 1458 1376 1553 relinquitur:
1395 1459 1470 1554 ipse
1492 1459 1661 1532 Nicolaus
1682 1481 1750 1553 quo
1768 1465 1872 1553 pacto
1890 1457 2007 1532 nescio
2035 1456 2226 1530 inviolatus
2243 1458 2348 1530 omit-

718 1576 816 1652 titur.
836 1577 965 1652 Amisit
981 1587 1055 1653 tum
1081 1590 1281 1657 sanctorum
1299 1607 1484 1680 corporum
1501 1583 1681 1680 reliquiae,
1705 1591 1740 1656 et
1770 1583 1903 1679 scripta
1921 1581 2102 1678 vulganda
2131 1581 2240 1679 typis.
2259 1583 2349 1655 Vita

717 1725 782 1777 sua
800 1704 865 1777 fuit
878 1713 1048 1803 perpetua
1064 1708 1121 1781 vel
1139 1709 1247 1781 animi
1265 1709 1322 1783 vel
1333 1711 1491 1806 corporis
1509 1707 1715 1782 afflictatio:
1737 1709 1890 1782 interdiu
1908 1708 2011 1782 labor
2029 1708 2220 1782 assiduus:
2238 1715 2348 1782 noctu

717 1830 816 1926 quies
829 1829 961 1919 brevis,
980 1855 1091 1930 eaque
1108 1835 1145 1908 in
1162 1836 1270 1909 humo
1288 1835 1394 1921 nuda,
1411 1845 1473 1909 aut
1491 1836 1526 1908 in
1545 1859 1624 1924 axe,
1640 1843 1712 1909 tres
1732 1859 1803 1910 non
1819 1835 1897 1931 plus
1923 1835 1996 1909 lato
2014 1835 2163 1931 palmos.
2182 1831 2348 1908 interula

715 1955 873 2043 horrida,
890 1959 1008 2032 esetis
1027 1966 1204 2034 contexta.
1223 1959 1397 2054 Flagellis
1411 1968 1551 2056 tergum
1565 1959 1749 2055 quinquies
1764 1959 1802 2032 in
1819 1960 1925 2044 diem,
1944 1960 2073 2056 saepius
2090 1967 2197 2034 noctu
2209 1960 2347 2034 lacera·

694 2080 789 2154 -bat
815 2081 1035 2177 Frugalitas
1056 2106 1161 2180 quam
1186 2070 1349 2158 Justiuus
1367 2085 1486 2170 etiam,
1508 2084 1713 2168 historicus
1735 2091 1884 2159 matrem
1898 2084 2066 2158 virtutum
2084 2092 2200 2171 vocat,
2222 2084 2347 2180 singu-

715 2203 825 2278 laris:
846 2207 896 2280 sio
920 2208 1133 2303 appetentiae
1152 2209 1219 2282 cibi
1250 2209 1513 2308 moderabatur,
1543 2215 1582 2282 ut
1599 2230 1622 2280 a
1639 2230 1762 2282 mensa
1780 2208 1913 2282 rediret
1946 2207 1994 2280 ad
2024 2208 2140 2282 officia
2165 2231 2347 2303 nunquam

717 2340 825 2406 satur.
846 2331 974 2407 Animo
989 2356 1127 2429 semper
1150 2334 1356 2429 tranquillo,
1376 2333 1474 2408 vultu
1501 2357 1654 2419 amoeno,
1683 2335 1720 2407 in
1750 2335 1910 2408 adversis
1931 2334 2066 2431 pariter
2089 2356 2132 2409 ac
2149 2334 2344 2430 prosperis,

717 2456 891 2532 Latebras
904 2459 1101 2532 animorum
1113 2459 1302 2546 interdum,
1323 2459 1465 2545 dicitur,
1486 2459 1681 2555 pervidisse
1699 2467 1735 2534 ot
1752 2460 2012 2556 praenuntiasse
2032 2459 2175 2546 futura;
2196 2481 2276 2555 quae
2294 2459 2348 2534 sic

719 2583 859 2657 omnino
878 2586 1072 2658 evenerint.
1089 2584 1411 2659 Discernendorum
1429 2585 1616 2680 spirituum
1629 2585 1757 2671 sciens,
1779 2607 1875 2680 saepe
1889 2583 2033 2657 fraudes
2047 2583 2247 2658 daemonum
2261 2606 2348 2679 ape·

704 2707 802 2780 ‘ruit
823 2707 942 2781 Unum
970 2709 1030 2802 hic
1052 2731 1096 2782 ex
1121 2708 1240 2782 multis
1265 2709 1466 2807 hujusmodi
1485 2709 1654 2804 exemplis
1686 2731 1805 2782 narro.
1828 2710 1870 2781 ln
1896 2697 2072 2796 Masovia,
2094 2707 2347 2782 Drohioinensi

546 2825 680 2920 panonia
718 2832 948 2928 provinciola,
974 2833 1158 2908 Mordonsi
1187 2833 1296 2920 curia,
1319 2834 1356 2905 in
1381 2833 1515 2907 familia
1545 2832 1768 2930 Beydonum,
1801 2832 1979 2906 haereticis
2009 2839 2091 2905 nata
2121 2831 2345 2928 parentibus,

546 2910 678 3043 {gpffil'
718 2956 835 3044 Anna,
855 2957 1005 3054 triginta
1033 2982 1206 3033 annorum
1231 2960 1388 3046 foemina,
1408 2958 1618 3033 consederat
1644 2957 1839 3044 Pultoviae;
1861 2957 1961 3053 quasi
1995 2981 2081 3034 vero
2112 2959 2224 3055 major
2252 2959 2348 3032 foret

471 3087 482 3114 '
546 3065 633 3122 tacta.
718 3081 888 3156 maleficae
905 3085 1149 3180 opportunitas
1165 3083 1212 3155 ad
1229 3085 1402 3158 bonorum
1419 3084 1625 3158 meritorum
1642 3083 1779 3178 copiam
1806 3083 1841 3154 in
1868 3083 1976 3170 urbe;
1996 3083 2058 3155 ubi
2077 3090 2207 3178 praesto
2225 3089 2349 3156 essent

717 3207 862 3304 templa,
884 3209 1097 3294 sacerdotes
1119 3209 1303 3283 sanctioris
1329 3210 1412 3283 vitae
1441 3209 1645 3304 magisteria
1673 3214 1709 3281 et
1727 3207 1910 3304 exempla;
1930 3229 2055 3285 revera
2072 3209 2193 3305 utiquo
2220 3207 2347 3281 vendi·

719 3333 819 3405 tandi
837 3335 892 3407 sui
911 3335 1041 3430 populo
1068 3356 1189 3421 causa,
1219 3341 1254 3408 et
1271 3334 1375 3408 lamae
1392 3334 1528 3407 artibus
1555 3332 1658 3406 malis
1676 3333 1898 3428 colligendae.
1915 3332 1970 3406 Ea
1986 3341 2104 3407 mente
2129 3333 2273 3406 foemina
2302 3331 2350 3406 ad

719 3456 871 3551 speciem
889 3459 1076 3554 probitatis
1094 3481 1132 3532 se
1146 3482 1284 3533 comere
1302 3481 1444 3542 101111,
1460 3459 1638 3554 jejunare,
1655 3455 1808 3552 flagellis
1822 3455 1964 3552 pulsare
1990 3462 2146 3551 tergum,
2163 3479 2285 3530 omnes
2304 3457 2351 3530 ad

717 3581 887 3678 templum
917 3590 1148 3670 antevertere,
1169 3583 1294 3656 ultima
1315 3583 1457 3655 domum
1486 3581 1602 3655 redire
1622 3605 1632 3646 τ
1653 3602 1749 3676 saepe
1776 3580 1982 3684 lacrymari,
2009 3562 2166 3675 gemere,
2187 3580 2350 3676 provolvi

718 3703 904 3802 ingenua,
924 3706 1051 3780 coelum
1065 3708 1223 3781 crebrius
1238 3707 1431 3802 suspicere,
1448 3713 1484 3780 et
1501 3706 1618 3780 nescio
1637 3705 1720 3801 quid
1739 3713 1925 3801 praeterea.
1946 3703 2147 3801 Adjuvabat
2166 3704 2239 3778 suis
2251 3704 2350 3778 frau·
2466 3749 2467 3755 κ

720 3827 823 3901 dibus
840 3829 977 3926 pellicis
994 3831 1160 3905 astutiam
1175 3855 1249 3905 suae
1267 3854 1395 3926 porcus
1411 3830 1571 3918 1111111011;
1592 3853 1686 3903 nunc
1702 3829 1896 3914 foeminam,
1915 3829 2125 3924 injuriarum
2139 3829 2240 3924 quasi
2254 3829 2351 3903 ultor

721 3975 876 4042 suarum,
898 3964 1133 4051 contorquens
1149 3955 1242 4029 foede
1264 3981 1272 4028 :
1294 3980 1387 4030 nunc
1406 3954 1534 4052 populo
1559 3955 1661 4053 quasi
1686 3953 1800 4027 bonus
1826 3954 1952 4050 genius
1975 3953 2162 4028 sublimem
2190 3977 2233 4028 ex
2263 3977 2351 4029 aere

721 4101 923 4177 proponens
946 4090 981 4155 et
999 4081 1244 4156 circurnfusam
1260 4081 1352 4154 luce.
1376 4081 1466 4154 Haeo
1482 4081 1533 4153 ita
1559 4079 1744 4154 immodica
1770 4079 1963 4153 mirabatur
1987 4079 2087 4175 plebs
2110 4079 2250 4176 quidem
2264 4080 2350 4152 sim·
2465 4167 2466 4184 1

721 4203 802 4299 plex
819 4212 854 4279 et
871 4206 1108 4302 praedicabat;
1129 4204 1435 4279 considerantibus
1447 4212 1566 4279 autem
1583 4227 1640 4278 res
1657 4204 1857 4278 accuratius
1874 4205 2111 4300 suspicionem
2124 4204 2261 4278 fraudis
2274 4228 2351 4278 non
2465 4185 2466 4213 ¹

721 4328 837 4404 levem
862 4330 1051 4416 faciebant,
1079 4331 1117 4404 in
1145 4331 1269 4427 primis
1295 4330 1396 4404 Patri
1414 4329 1576 4403 Nicolao.
1598 4311 1731 4403 Oderat
1748 4329 1807 4403 bic
1823 4330 2018 4415 foeminam,
2038 4331 2089 4404 ita
2119 4339 2292 4414 sanctam,
2315 4335 2352 4402 et

722 4460 891 4551 tanquam
910 4454 1216 4552 praestigiatricem
1235 4454 1450 4527 damnabat:
1471 4454 1606 4527 invisus
1627 4459 1816 4550 propterea
1831 4455 1898 4527 luit
1911 4454 2069 4528 mulieris
2084 4454 2351 4542 laudatoribus,
2464 4505 2465 4522 ,

724 4576 837 4655 donec
853 4581 1104 4657 fraudulentiae
1127 4582 1271 4656 tandem
1288 4579 1425 4654 larvam
1456 4578 1609 4654 detraxit
1633 4581 1779 4653 veritas.
1800 4580 1937 4654 Vocata
1967 4581 2005 4653 in
2025 4579 2201 4677 judicium
2218 4580 2353 4655 Anna:

724 4713 905 4802 comperta
922 4707 1021 4780 fraus
1039 4731 1047 4778 t
1069 4714 1193 4802 aperta
1210 4705 1348 4801 flagitia
1366 4705 1547 4778 immania.
1570 4705 1722 4778 Decreto
1740 4703 1926 4778 afficienda
1944 4704 2131 4801 supplicio,
2152 4705 2268 4780 modis
2286 4729 2357 4802 po-

722 4833 792 4906 tuit
822 4831 940 4912 induci
965 4831 1084 4918 nullis,
1111 4839 1151 4904 ut
1180 4831 1402 4927 resipisceret
1423 4855 1431 4902 :
1452 4831 1541 4904 adeo
1564 4829 1803 4906 circumventa
1827 4830 1894 4904 fuit
1923 4830 2155 4928 indurataque
2183 4829 2356 4906 versutiis
2463 4819 2464 4860 ⁷

723 4957 852 5032 moechi
869 4957 924 5029 sui
940 4957 1101 5030 tartarei.
1770 4970 1773 4975 ·
2013 5035 2016 5050 Ι

772 5080 829 5157 Ad
846 5103 902 5168 ea,
923 5103 1003 5177 quae
1015 5079 1204 5153 Nicolaum
1221 5081 1480 5177 praenuntiasse
1497 5057 1661 5169 diximus,
1682 5082 1775 5157 adde
1799 5082 1969 5180 praedicta
1986 5081 2031 5158 ab
2049 5082 2126 5180 ipso
2142 5080 2215 5155 alia
2234 5105 2244 5167 ;
2266 5103 2359 5179 quo·

724 5206 1054 5304 rur'npraenotiones
1070 5203 1131 5282 ille
1149 5205 1330 5282 distractae
1348 5206 1441 5283 inter
1465 5209 1637 5285 orandum
1664 5209 1793 5286 mentis
1809 5231 1947 5286 errores
1974 5231 2058 5284 suos
2087 5205 2359 5282 dissimulanter
2462 5245 2463 5282 3
