4930 6634
639 767 701 834 314
1036 769 1312 858 ntruspruuuuu
1334 768 1547 830 SOCOETATIS
1567 767 1654 831 JESU
1675 767 1932 830 utsronntnuu

470 962 534 1056 1636
639 954 774 1048 cipibus
787 953 909 1048 regiis,
925 953 1056 1027 ioanni
1073 953 1245 1026 casimiro
1254 960 1289 1026 et
1303 953 1429 1026 Carolo
1440 951 1676 1039 Ferdinando,
1692 950 1871 1046 germanis
1883 947 2059 1022 Vladislai
2071 949 2251 1033 iratribus,

468 1039 615 1190 ffl'w
639 1076 757 1148 Vilnae
786 1077 995 1173 hospitibus,
1018 1078 1251 1163 adumbravit,
1279 1077 1464 1150 rhetoricae
1480 1084 1555 1148 tum
1571 1077 1610 1148 in
1625 1061 1808 1148 academia
1820 1073 2010 1170 professor,
2040 1073 2085 1146 P.
2101 1074 2123 1146 J
2127 1095 2259 1146 oannes

467 1217 540 1294 Ψ]
558 1200 615 1255 ᾱθθ·
641 1199 846 1297 Ryvockins
864 1200 910 1298 (1).
929 1199 1129 1274 Secundum
1146 1200 1265 1273 Patris
1296 1201 1445 1272 Mathiae
1457 1199 1722 1296 panegyricum,
1741 1223 1805 1294 per
1821 1198 1898 1270 fora
1911 1198 2009 1269 urbis
2022 1197 2203 1292 praecipua
2236 1218 2259 1267 a

467 1280 603 1433 {3220ss
640 1323 771 1419 templo
805 1323 986 1420 pontificio
1020 1325 1180 1397 instituta
1219 1323 1441 1419 supphoatio
1478 1324 1598 1396 Turba
1631 1323 1896 1418 procedentium
1929 1319 2057 1416 plateis
2097 1320 2257 1392 omnibus

636 1448 792 1544 vicisque
819 1450 1088 1524 confertissima.
1117 1449 1275 1522 Praeibat
1310 1441 1434 1522 ordine‘
1448 1448 1571 1544 longo,
1607 1448 1654 1521 ad
1671 1471 1833 1544 pompam
1864 1453 1990 1518 ornata
2018 1445 2258 1540 instructaque

630 1571 798 1667 juventus
812 1573 1034 1659 academica;
1051 1571 1153 1646 dulce
1169 1573 1257 1646 illud
1271 1573 1375 1646 Beati
1393 1571 1554 1646 Casimiri
1567 1595 1711 1645 carmen
1728 1597 1736 1644 :
1756 1575 1859 1643 Omoi
1875 1575 1932 1642 die
1950 1574 2007 1642 dic
2029 1574 2162 1642 Maria
2178 1593 2257 1644 meo

635 1701 757 1768 laudes
773 1701 897 1770 anima
928 1705 1129 1780 occentans,
1154 1697 1411 1770 alternantibus
1441 1698 1535 1770 idem
1551 1677 1635 1770 hino
1660 1696 1757 1769 illino
1775 1695 2105 1793 symphoniacorum
2119 1693 2250 1766 choris.

634 1821 834 1895 Secundum
866 1821 1082 1894 academicos
1115 1821 1327 1916 procedebat
1345 1821 1510 1915 frequens
1540 1823 1763 1894 sacerdotum
1787 1829 1897 1894 coctus
1926 1829 2000 1892 tum
2030 1820 2132 1891 latini
2166 1819 2255 1892 ritus

633 1954 707 2019 tum
733 1946 854 2041 graeci,
883 1946 1010 2020 deinde
1033 1947 1281 2018 canonicorum
1312 1945 1521 2040 collegium
1551 1945 1763 2018 claudebant
1792 1967 1919 2038 agmen
1950 1969 2028 2017 cum
2061 1943 2255 2039 apostolico

635 2069 772 2143 Urbani
793 2071 881 2143 Vlll
909 2071 1045 2155 nuntio,
1066 2070 1182 2142 Mario
1214 2069 1444 2154 Philomede,
1469 2068 1770 2142 Avenionensium
1787 2068 2060 2164 archiepiscopo,
2081 2067 2256 2142 antistites

634 2195 815 2290 utriusque
829 2197 917 2269 ritus
935 2196 1088 2268 infulati.
1101 2197 1199 2268 Pone
1212 2195 1278 2266 hos
1292 2195 1391 2266 ibant
1398 2193 1479 2266 lecti
1488 2218 1530 2266 ex
1546 2193 1630 2266 aula
1642 2192 1741 2289 regia
1753 2215 1832 2264 cum
1848 2191 1922 2265 suis
1933 2191 2099 2287 choragis
2114 2192 2251 2276 auletae,

632 2318 828 2405 citharaedi,
853 2319 1034 2404 fidicines,
1057 2319 1244 2401 tubicines,
1278 2327 1383 2412 atque
1407 2318 1470 2389 alii
1500 2318 1604 2412 hujus
1622 2316 1763 2412 generis
1780 2314 1947 2400 artifices,
1980 2315 2098 2389 choris
2124 2317 2255 2390 circum

633 2448 881 2538 responsantes
903 2442 1076 2514 omnibus.
1099 2441 1282 2515 Interhaec
1304 2440 1477 2525 labarum,
1498 2441 1652 2536 imagine
1669 2439 1771 2513 Beati
1788 2439 1952 2512 Casimiri
1965 2439 2119 2535 insigne,
2136 2439 2255 2513 Litua·

633 2567 689 2639 nis
718 2588 875 2662 nupera
909 2567 1074 2640 Romano
1106 2566 1278 2639 Pontihce
1304 2566 1448 2637 missum
1473 2564 1522 2660 (a),
1545 2567 1590 2636 ab
1616 2563 1771 2638 antistite
1789 2588 1809 2638 e
1826 2564 2074 2637 canonicorum
2103 2564 2252 2660 collegio

632 2688 854 2764 Vilnensium
883 2690 1079 2774 sublatum;
1105 2712 1128 2761 a
1144 2690 1314 2762 lateribus
1332 2688 1478 2761 Alberto
1497 2688 1675 2762 Stanislao
1693 2687 1874 2762 Radivillo
1900 2688 1938 2761 S.
1959 2689 2007 2760 R.
2025 2689 2055 2762 1.
2079 2688 2246 2784 principe,

632 2820 668 2887 et
698 2813 878 2910 Stephano
904 2814 988 2900 Pac,
1009 2815 1077 2887 hoc
1094 2813 1381 2910 procancellario,
1403 2813 1614 2886 cancellario
1641 2813 1701 2885 illo
1721 2812 1908 2898 Lituaniee,
1930 2834 1949 2884 e
1968 2811 2249 2908 dependentibus

631 2937 809 3012 lemniscis
825 2938 942 3011 aureis
960 2938 1005 3010 ad
1036 2946 1167 3011 motum
1186 2938 1268 3011 aeris
1301 2938 1495 3022 fluitantes
1516 2938 1607 3010 sacri
1637 2938 1759 3011 vexilli
1776 2937 1852 3011 alas
1882 2938 2160 3012 moderantibus.
2181 2937 2247 3010 His

629 3063 862 3137 succedebant
887 3063 970 3149 duo,
990 3063 1183 3136 eminentes
1212 3061 1397 3147 antistitio,
1417 3062 1506 3147 riri;
1531 3085 1679 3156 quorum
1704 3063 1858 3136 humeris
1885 3063 1977 3136 sacri
1994 3062 2155 3157 reliquiae
2172 3084 2249 3136 cor·

630 3188 739 3286 poris,
759 3187 798 3260 in
828 3185 944 3260 loculo
970 3186 1116 3280 gemmis
1133 3186 1292 3281 fulgente
1325 3195 1361 3258 et
1374 3209 1472 3272 auro,
1494 3187 1619 3260 deinde
1643 3210 1665 3259 a
1687 3187 1856 3260 ministris
1873 3211 1917 3261 ex
1935 3187 2058 3261 ordine
2076 3187 2252 3260 senatorio

630 3314 731 3408 regia
754 3313 792 3385 in
814 3313 928 3386 aureis
957 3287 1119 3407 pulvillis
1136 3310 1305 3404 insignia,
1331 3310 1546 3385 ferebantur.
1575 3311 1795 3406 Sequebatur
1820 3313 1955 3386 familia
1983 3313 2086 3408 regia
2111 3319 2147 3385 et
2172 3335 2249 3384 cum

630 3443 784 3532 augusta
806 3457 926 3508 sorore
956 3457 1021 3507 sua
1043 3433 1148 3506 Anna
1166 3433 1357 3507 Gatharina
1373 3457 1437 3507 rex
1452 3435 1542 3530 ipse.
1561 3437 1639 3516 Qua
1655 3434 1944 3530 triumphantium
1963 3457 2147 3532 processus
2161 3442 2248 3520 erat,

629 3560 757 3634 anticae
778 3561 933 3633 omnium
962 3557 1091 3632 aedium
1120 3567 1239 3653 partes
1256 3558 1487 3654 splendebant
1503 3559 1628 3653 signis,
1654 3558 1791 3645 aulaeis,
1811 3560 2030 3635 emblematis
2056 3567 2248 3634 exornate.

606 3743 609 3752 ,
629 3683 716 3757 Plus
742 3691 819 3757 erat
835 3683 1033 3779 splendoris
1061 3684 1100 3754 in
1129 3682 1281 3755 arcubus
1298 3682 1593 3776 triumphalibus;
1613 3683 1706 3755 inter
1725 3706 1811 3777 quos
1848 3693 1921 3757 tres
1939 3691 2041 3756 crant
2070 3685 2113 3756 ab
2128 3683 2253 3757 acade-

627 3807 726 3881 micis
755 3805 884 3880 nostris
918 3805 1024 3879 erecti
1041 3805 1252 3900 magnifice:
1273 3804 1384 3878 exhis
1416 3806 1659 3880 adolescentes
1677 3806 1893 3893 scholastici,
1929 3808 1980 3880 sic
2010 3807 2139 3894 ornati,
2159 3807 2254 3880 utin

626 3932 777 4028 singulis
804 3932 908 4005 facile
924 3931 1144 4026 singularum
1162 3931 1262 4026 regni
1279 3931 1538 4024 provinciarum
1564 3931 1753 4010 simulacra
1768 3932 1979 4006 adumbrata
1997 3933 2248 4028 intelligeres:

628 4057 840 4131 carminibus
854 4054 1070 4141 melicis,suo
1083 4055 1135 4127 illi
1148 4055 1335 4152 quasicum
1343 4053 1636 4149 Apollinemusae,
1647 4057 1873 4151 praetereunti
1882 4079 2020 4152 pompae
2029 4055 2249 4130 occinebant.

628 4182 720 4254 Tota
736 4187 867 4275 quanta
894 4186 1028 4274 quanta
1056 4179 1122 4251 fuit
1148 4186 1223 4252 tum
1240 4202 1282 4252 ac
1291 4178 1519 4252 refertissima
1531 4179 1733 4254 celebritate
1748 4180 1870 4252 civitas
1883 4202 2061 4253 murmure
2079 4187 2116 4258 et
2129 4178 2252 4252 laetitia

624 4304 805 4378 fremebat.
830 4303 999 4376 Excitatis
1012 4303 1063 4377 ita
1076 4304 1122 4375 ad
1141 4303 1236 4398 pium
1252 4303 1469 4397 triumphum
1482 4304 1621 4388 animis,
1643 4303 1798 4377 delatum
1811 4302 1900 4374 illud
1914 4326 2054 4376 sacrum
2068 4310 2252 4398 gestamen

624 4439 730 4522 atque
746 4429 784 4500 in
802 4428 1004 4501 sanctuario
1030 4434 1223 4524 praeparato
1253 4427 1416 4499 manibus
1442 4426 1647 4522 pontificum
1678 4427 1890 4523 depositum.
1912 4427 2026 4500 AEdes
2059 4425 2150 4511 haec,
2169 4426 2252 4499 divo

623 4553 772 4650 principi
798 4554 926 4639 dicata,
945 4575 1032 4626 sane
1058 4551 1160 4646 regia
1180 4577 1187 4624 :
1207 4550 1422 4624 intrinsecus
1439 4551 1611 4647 exquisito
1629 4574 1821 4638 marmore,
1841 4552 2002 4647 picturis
2022 4551 2248 4648 anaglyphis,

622 4678 783 4760 artificio,
802 4679 899 4751 vasis
915 4678 1107 4774 argenteis,
1137 4676 1302 4771 lampade
1319 4699 1428 4749 aurea
1454 4700 1516 4752 sex
1534 4676 1688 4750 millibus
1707 4701 1906 4762 aureorum,
1926 4701 1991 4750 ara
2007 4679 2141 4773 majore
2159 4701 2244 4752 cen·

622 4811 696 4876 tum
708 4803 860 4899 amplius
872 4825 1052 4876 nummum
1069 4800 1305 4894 imperialium
1316 4801 1485 4884 millibus,
1502 4802 1685 4875 aestimatis
1704 4827 1712 4875 :
1730 4804 1948 4876 extrinsecus
1966 4802 2066 4876 tholo
2082 4810 2116 4876 et
2132 4803 2247 4898 parie-

621 4927 716 5000 tibus
733 4951 754 5000 a
773 4934 868 5000 secto
885 4925 1016 5022 lapide,
1049 4925 1198 5020 aliisque
1215 4925 1429 4999 ornamentis
1455 4925 1671 5022 spectabilis.
1701 4927 1769 4999 Hic
1787 4926 1867 4999 Divi
1884 4935 1978 5012 ossa,
2001 4927 2194 5022 composita
2211 4927 2249 4998 in

625 5075 701 5140 ara,
722 5053 896 5150 hodieque
925 5053 1055 5148 insigni
1071 5052 1190 5148 populi
1206 5051 1369 5125 coluntur
1386 5053 1529 5149 pietate.

665 5197 705 5276 (tl
722 5197 762 5258 lte
772 5197 932 5272 apotheosi,
950 5200 1083 5256 renovata
1102 5195 1185 5268 huius
1196 5193 1274 5254 Beati
1292 5193 1350 5253 rid.
1367 5193 1388 5250 1.
1401 5189 1434 5267 V,
1447 5205 1478 5260 u,
1493 5191 1541 5253 16.
1556 5223 1597 5234 —
1613 5189 1654 5268 (l)
1669 5191 1732 5254 Vid.
1743 5192 1813 5254 thid.
