4936 6658
201 735 315 806 “”“””1
747 752 854 814 LIBER
877 753 1034 819 DECIMUS
1055 757 1265 838 (1666-1661).
1756 769 1817 837 376

194 918 290 994 kius.
307 923 498 1017 Litobroci,
514 932 551 1005 10
569 937 703 1032 praedio
722 940 884 1038 collegii,
909 943 1117 1019 interfectus
1135 948 1188 1020 rei
1201 946 1386 1020 familiaris
1404 957 1548 1024 curator
1573 955 1703 1043 socius,
1724 954 1815 1027 Bar·
1842 962 1907 1022 1656

195 1044 406 1124 tholomaeus
420 1053 596 1132 Sitkovicz
613 1086 621 1132 :
641 1069 696 1136 ter
708 1063 746 1138 10
760 1066 881 1140 eculeo
896 1069 1684 1174 00000000000001010010000001000
1698 1080 1813 1152 securi
1840 1044 1988 1176 Placidus-

194 1191 398 1264 percussus.
415 1178 526 1254 Pater
542 1183 736 1260 Matthaeus
754 1190 789 1260 in
804 1191 942 1277 itinere,
958 1193 1093 1266 Raram
1111 1195 1263 1290 fugiens
1279 1196 1477 1292 perimitur.
1498 1198 1520 1271 J
1523 1221 1670 1286 000000,
1692 1200 1814 1274 evulsa
1839 1195 1896 1328 ἕξ]
1903 1197 1988 1255 80110·

194 1294 386 1394 forcipibus
403 1301 540 1399 lingua,
556 1307 735 1408 clavisque
754 1315 971 1409 caligaribus
989 1317 1095 1390 affixa
1121 1321 1266 1414 pectori,
1291 1321 1512 1395 excruciatur
1529 1325 1565 1394 in
1584 1323 1667 1396 aula
1685 1324 1813 1396 nobilis
1901 1313 1907 1326 '

193 1419 377 1515 cujusdam
390 1425 522 1514 viri,ad
539 1454 642 1526 quem
661 1436 822 1532 trepidus
841 1442 1198 1536 confugerat.anteri
1216 1446 1310 1518 domi
1327 1445 1508 1520 intereunt
1525 1447 1754 1542 pestilentia:
1776 1446 1812 1517 in
1839 1448 1938 1583 P⁰ssl⁰p
2025 1475 2029 1484 ·

191 1541 247 1615 his
267 1545 310 1620 P.
335 1547 504 1625 Albertus
522 1556 771 1653 Peplovskius‚
793 1568 949 1661 equestri
965 1568 1042 1642 loco
1062 1570 1099 1642 in
1119 1571 1283 1644 Masovia
1300 1579 1417 1658 natus,
1439 1571 1633 1646 abundanti
1651 1572 1813 1646 doctrina
1840 1543 1869 1582 ⁸⁰
1902 1545 1949 1583 Μ’

192 1668 259 1756 vir,
276 1677 324 1756 et,
347 1675 486 1768 qualem
507 1679 628 1755 Cicero
648 1684 818 1760 Catonem
845 1689 945 1779 dixit,
977 1693 1148 1767 librorum
1171 1696 1312 1791 quidam
1329 1695 1474 1768 helluo:
1504 1720 1548 1769 ex
1573 1696 1733 1769 instituto
1756 1696 1811 1769 sui

194 1790 342 1869 Ordinis
360 1798 514 1897 diligens
528 1829 604 1882 suae
621 1817 656 1884 et
672 1811 801 1886 alienae
827 1813 951 1888 salutis
973 1815 1191 1890 administer.
1203 1819 1367 1892 ,Vexatus
1387 1827 1421 1892 et
1438 1819 1513 1915 ipse
1530 1818 1649 1893 lurore
1667 1819 1808 1892 Suetico

191 1923 398 2016 tantumque
412 1950 483 2000 non
502 1935 686 2024 contritus,
709 1935 803 2010 domi
816 1946 916 2036 peste
938 1940 1079 2014 afflictis
1098 1943 1316 2030 ministrans,
1343 1944 1452 2017 vitam
1476 1945 1595 2040 posuit
1617 1945 1654 2018 10
1679 1945 1807 2020 officio.

193 2039 328 2116 Eadem
340 2045 379 2119 10
396 2071 507 2124 arena
526 2058 689 2134 occubuit
706 2062 749 2134 P.
771 2063 972 2137 Stanislaus
993 2067 1403 2155 Menozkovsuius,01im
1431 2070 1611 2144 rhetorum
1627 2073 1664 2143 in
1676 2071 1812 2146 Acade·

191 2164 262 2238 mia
282 2172 465 2266 magister,
496 2178 623 2255 deinde
652 2185 734 2258 alibi
765 2189 1022 2276 missionarius,
1043 2203 1262 2288 procurator,
1286 2195 1472 2291 0000100100
1493 2196 1651 2292 spiritus,
1680 2220 1812 2292 praeses

191 2286 332 2379 domus,
357 2294 508 2394 6001000
534 2304 592 2378 hic
613 2309 756 2384 victima
778 2313 950 2402 caritatis,
972 2340 1039 2390 000
1065 2342 1143 2391 cum
1165 2319 1276 2392 Sociis
1300 2319 1523 2414 adjutoribus
1548 2319 1702 2415 Georgio
1721 2321 1811 2393 Bur·

189 2415 292 2490 chart
306 2427 341 2491 et
364 2421 507 2500 Simone
525 2429 741 2511 Rozenstau.
1897 2435 1940 2560 00

239 2543 295 2617 Ex
312 2547 379 2622 isto
401 2557 499 2627 10010
516 2580 633 2632 rerum
656 2565 857 2639 mortalium
875 2564 1016 2638 turbine
1034 2567 1175 2641 sustulit
1189 2571 1286 2654 Deus
1308 2570 1354 2642 ad
1367 2568 1524 2664 requiem
1542 2568 1804 2662 sempiternam,
1837 2544 1959 2695 wi}

188 2669 302 2746 virum
321 2674 357 2746 in
376 2681 471 2752 omui
486 2681 629 2760 1001000
646 2689 703 2784 010
721 2700 991 2789 constanterque
1008 2701 1211 2780 versatum,
1238 2695 1422 2768 Albertum
1447 2693 1662 2767 Stanislaum
1699 2693 1810 2766 Radi-
1836 2716 1905 2770 ceps,
1923 2701 1984 2758 001-

189 2794 325 2885 villum,
346 2804 441 2875 sacri
467 2813 605 2884 romani
624 2815 761 2912 imperii
778 2819 985 2914 principem,
1016 2819 1192 2892 Lituaniae
1220 2818 1480 2905 cancellarium,
1501 2817 1613 2891 filium
1640 2816 1811 2890 Stanislai
1836 2779 1984 2920 ffigm'

185 2921 346 3014 praefecti
361 2927 625 3027 Samogitarum
646 2943 837 3037 capitanei,
860 2952 1023 3038 nepotem
1039 2944 1180 3018 Nicolai
1197 2945 1316 3040 Nigri,
1339 2943 1487 3039 Collegii
1512 2942 1624 3016 nostri
1643 2941 1811 3014 Piuscen-
1836 2945 1965 3078 00001130

186 3045 236 3117 010
250 3050 485 3131 conditorem.
508 3059 604 3134 Satis
622 3061 683 3138 ille
702 3091 781 3142 cum
794 3069 862 3142 sibi
875 3077 950 3142 tum
972 3067 1142 3142 Ecclesiae
1160 3076 1235 3142 tum
1264 3069 1393 3164 patriae
1406 3068 1494 3142 vixit
1506 3067 1553 3140 ad
1569 3066 1734 3163 gloriam.
1756 3065 1812 3138 Ι10
1838 3039 1971 3159 mmssp„

189 3169 277 3246 vixit
291 3175 379 3264 sibi,
400 3181 520 3257 inillis
537 3189 686 3281 publicis
703 3195 897 3292 amplisque
919 3194 1136 3279 muneribus
1157 3194 1252 3290 ipsos
1270 3193 1506 3290 quadraginta
1526 3215 1638 3266 annos
1653 3191 1710 3265 vel
1723 3215 1810 3288 pro·
1839 3181 1907 3236 vite
1917 3182 1968 3252 1³¹³·

1887 3276 1907 3314 16

187 3298 419 3378 cancellarius
437 3305 614 3385 Lituanioe
627 3315 684 3389 rel
702 3319 948 3409 cancellarius,
964 3325 1004 3393 ut
1017 3320 1074 3392 uel
1083 3320 1256 3392 monacho
1273 3319 1337 3393 tibi
1351 3319 1479 3391 mirum
1496 3317 1555 3404 sit,
1576 3318 1680 3390 istam
1698 3316 1809 3390 chris·
1839 3264 1967 3412 lllmpu.

187 3416 297 3496 tiauaa'
323 3425 407 3502 vitae
437 3438 473 3503 01
499 3434 668 3511 virtutum
698 3442 914 3535 palaestram,
949 3465 1054 3537 quam
1078 3443 1137 3517 hic
1169 3443 1305 3526 habuit,
1338 3443 1455 3517 locum
1489 3442 1622 3516 habere
1655 3442 1693 3513 10
1727 3440 1811 3513 0010

188 3549 360 3640 00101000.
389 3551 549 3630 Primum
566 3560 619 3632 illi
637 3565 792 3657 00011610
810 3591 852 3641 ac
869 3569 1087 3664 praecipuum
1105 3575 1181 3641 erat
1199 3568 1380 3664 negotium
1393 3568 1574 3642 matutinis
1592 3565 1808 3662 temporibus

154 3759 162 3766 ,
187 3669 314 3746 010010
329 3677 450 3750 statim
462 3680 509 3752 ad
527 3685 699 3761 orandum
713 3695 748 3762 et
765 3691 887 3765 divina
900 3715 964 3788 per
980 3691 1106 3765 horam
1123 3692 1329 3765 meditanda
1346 3693 1516 3778 animum,
1536 3715 1559 3765 a
1580 3691 1673 3766 curis
1690 3712 1808 3762 rerum

186 3795 415 3890 profanarum
437 3830 600 3900 vacuum,
621 3814 764 3903 afferre,
786 3817 1042 3913 diligenterque
1060 3819 1098 3889 in
1116 3819 1297 3914 proposito
1312 3819 1506 3914 perdurare
1525 3843 1532 3890 :
1555 3816 1682 3890 601060
1699 3816 1809 3890 sacri·

185 3917 273 3994 ficiis
287 3947 368 3998 cum
384 3935 460 4003 1010
479 3933 561 4008 0010
578 3937 637 4031 010
654 3939 827 4016 interesse
847 3967 854 4014 :
887 3950 963 4016 tum
989 3940 1140 4016 recitare
1157 3945 1331 4016 rosarium
1348 3945 1473 4018 Beatae
1491 3942 1665 4038 Virginis,
1685 3940 1810 4014 01061-

189 4043 280 4119 cium
298 4048 695 4156 01600001006000006
716 4089 883 4138 vocamus
896 4090 1058 4163 parvum,
1074 4067 1227 4140 officium
1240 4074 1413 4165 praeterea
1426 4068 1581 4140 divinum
1596 4090 1640 4140 ex
1658 4065 1808 4140 Brevia·

188 4169 242 4242 rio
259 4195 416 4251 romano.
439 4177 517 4256 Hoc
534 4193 611 4257 erat
627 4210 775 4282 pensum
792 4190 930 4265 Alberti
943 4192 1168 4265 matutinum.
1562 4177 1563 4182 ¹

236 4296 325 4376 Quae
349 4301 502 4379 interdiu
527 4311 669 4404 agenda
690 4336 838 4410 quaeque
865 4318 1024 4390 cavenda
1041 4315 1237 4402 statuisset,
1258 4335 1361 4387 mane
1386 4314 1551 4388 monebat
1577 4313 1810 4386 cubicularios

187 4439 282 4508 suos,
304 4447 392 4520 quos
417 4429 642 4508 fidelissimos
658 4435 806 4513 haberet
823 4440 1016 4526 ministros
1037 4464 1114 4515 ase
1132 4439 1309 4537 praecipue
1334 4441 1490 4513 moribus
1516 4440 1590 4513 suis
1607 4439 1804 4536 praefectos,

186 4565 266 4617 cum
283 4569 327 4622 ea
344 4557 531 4646 potestate,
553 4567 605 4646 01,
626 4561 655 4634 01
674 4563 756 4658 0016
775 4563 842 4637 sibi
858 4565 915 4639 vel
932 4589 995 4661 per
1020 4564 1291 4661 imprudentiam
1320 4571 1442 4636 contra
1471 4564 1689 4660 propositum
1707 4563 1809 4638 exci-

186 4667 307 4760 disset,
330 4697 452 4752 severe
465 4682 798 4775 animadverterent,
815 4713 857 4762 ac
869 4713 933 4786 pro
948 4690 1086 4763 ratione
1099 4688 1219 4763 delicti
1237 4689 1485 4763 commonitum
1511 4696 1605 4763 certo
1622 4689 1808 4785 plagarum

186 4815 334 4871 numero
364 4823 403 4876 00
428 4803 504 4898 jam
534 4810 876 4902 0000100060000,
910 4813 1377 4917 006000100100000100110
1402 4835 1499 4886 reum
1519 4813 1804 4907 damnatumque,

185 4921 379 5012 quamlibet
396 4928 655 5028 deprecantem,
676 4937 870 5033 plecterent
888 4939 964 5013 sine
981 4939 1096 5013 venia.
1116 4938 1174 5011 Ad
1190 4937 1259 5011 hoc
1270 4932 1344 5012 1061
1357 4937 1564 5011 inusitatum
1576 4938 1808 5012 ministerium

183 5043 393 5130 honorarios
405 5060 539 5156 aliquot
555 5063 705 5140 famulos
722 5066 884 5162 precibus
901 5061 1025 5135 habuit
1042 5068 1077 5136 et
1095 5059 1196 5135 donis
1215 5071 1375 5140 coactos:
1397 5071 1540 5161 eratque
1567 5064 1614 5137 ad
1631 5063 1667 5136 id
1680 5069 1806 5161 parata

183 5170 220 5244 iu
239 5177 397 5256 conclavi
415 5182 583 5263 interiore
604 5189 780 5275 machina,
810 5190 861 5265 010
877 5187 977 5265 fabre
1001 5187 1107 5276 facta,
1129 5194 1180 5270 ut,
1210 5187 1331 5265 clauso
1351 5196 1447 5264 arcte
1465 5188 1619 5284 undique
1646 5214 1805 5288 corpore,
