4936 6658
701 765 763 835 386
1088 769 1364 836 Lll'UleCdRUhl
1385 769 1598 835 soclurtrts
1618 769 1705 835 Jusu
1726 766 1981 833 fllsroatluuu

702 950 742 1026 in
765 951 846 1026 aliis
871 953 977 1030 rebus
1000 954 1165 1052 publicis,
1185 965 1280 1032 esset
1310 955 1529 1032 sustinenda.
1552 954 1672 1030 Sensit
1692 955 1755 1030 illa
1771 978 1892 1052 porro,
1912 977 2018 1052 quam
2042 953 2242 1050 perniciosa
2259 955 2332 1026 sibi

704 1075 796 1153 foret
811 1079 1008 1154 communio
1027 1103 1106 1156 cum
1123 1081 1192 1156 hoc
1216 1083 1417 1158 mortalium
1434 1103 1579 1179 genere,
1598 1090 1673 1154 tum
1689 1087 1835 1179 propter
1851 1080 2069 1178 impietatem
2086 1080 2333 1176 probrosaque

704 1203 740 1274 in
760 1203 873 1279 Deum
894 1206 1082 1281 meledicta
1104 1208 1306 1294 execrabili,
1326 1215 1400 1282 tum
1422 1207 1466 1282 ob
1479 1205 1623 1281 fraudes
1641 1212 1677 1280 et
1694 1205 1914 1280 clandestina
1930 1227 2009 1278 cum
2027 1202 2107 1277 aliis
2133 1205 2330 1291 haereticis,

704 1327 918 1403 Polonorum
942 1331 1116 1418 hostibus,
1140 1333 1316 1430 inprimis
1345 1332 1482 1418 Succis,
1511 1329 1720 1404 commercia
1737 1313 1916 1425 pestifero.
1947 1327 2148 1401 Constituta
2176 1327 2333 1423 primum

704 1453 844 1529 decreto
863 1455 898 1528 in
921 1479 1042 1530 omnes
1055 1457 1199 1531 Arianae
1211 1457 1398 1553 impietatis
1414 1456 1576 1530 homines
1593 1476 1701 1550 poena
1719 1454 1858 1550 capitis,
1873 1459 1910 1527 et
1922 1452 2096 1526 bonorum
2113 1449 2303 1546 publicatio
2319 1473 2329 1536 ;

702 1577 831 1654 deinde
852 1582 958 1678 hujus
985 1583 1091 1658 edicti
1115 1584 1230 1680 gratia
1260 1584 1367 1670 facta,
1399 1587 1593 1679 prorogato
1618 1579 1796 1666 triennio;
1824 1602 1893 1675 quo
1915 1577 2084 1673 temporis
2117 1577 2246 1672 spatio,
2267 1577 2333 1672 qui

702 1706 935 1803 resipuissent
952 1709 1106 1804 quidem,
1132 1709 1281 1806 integris
1294 1708 1400 1783 rebus
1422 1707 1496 1780 suis
1514 1711 1761 1780 remanerent:
1784 1704 1984 1800 pertinaces
2001 1725 2099 1788 vero,
2119 1701 2236 1776 fundis
2254 1701 2333 1774 suis

703 1830 906 1919 divenditis,
927 1833 1149 1908 excederent.

530 2001 681 2060 mmm
755 1959 874 2033 Pinsci
904 1983 962 2035 res
998 1961 1122 2035 domus
1147 1960 1328 2057 paulisper
1353 1958 1557 2034 convaluit:
1579 1963 1721 2030 auctum
1746 1952 1942 2047 Collegium
1972 1950 2098 2048 viginti
2132 1959 2168 2024 et
2190 1950 2335 2024 'duobus
2441 1985 2442 1990 ¹

531 2083 645 2153 eotragu
703 2082 958 2170 sacerdotibus,
978 2093 1055 2160 octo
1069 2085 1288 2181 adjutoribus
1306 2084 1516 2158 domesticis.
1538 2083 1594 2155 Ex
1608 2082 1676 2154 hoc
1689 2100 1836 2152 numero
1850 2075 2011 2150 sublatus
2028 2083 2140 2150 morte
2153 2076 2330 2171 magister

467 2255 470 2263 ·
506 2198 508 2206 ’
530 2161 681 2299 {lucillam
703 2209 851 2282 Petrum
864 2210 1047 2306 juniorum
1063 2210 1205 2286 tertium
1222 2209 1481 2306 probandorum
1500 2206 1694 2282 Matthaeus
1707 2203 1920 2290 Gzovslrius,
1950 2202 2143 2288 Masonita,
2165 2201 2249 2274 olim
2270 2200 2332 2274 vel

530 2319 657 2390 ⁰¹⁰fflm·
703 2332 938 2431 philosophiae
956 2334 1013 2408 vel
1038 2334 1228 2430 theologiae
1241 2334 1430 2432 professor,
1453 2331 1579 2407 deinde
1596 2337 1713 2404 rector
1734 2326 1858 2401 domus
1874 2325 1998 2423 primae
2012 2333 2048 2400 et
2065 2326 2230 2401 secundae
2246 2348 2334 2421 pro·

703 2457 856 2532 bationis
889 2460 1117 2547 sexennium3
1137 2460 1219 2533 inde
1244 2457 1427 2557 praepositi
1457 2453 1685 2551 provincialis
1703 2455 1846 2540 Socius;
1868 2453 2018 2549 denique
2045 2455 2237 2527 instructor
2253 2454 2328 2526 Pa·

627 2674 633 2688 ·
699 2589 793 2656 trum
819 2584 932 2680 spatio
950 2584 1134 2658 trimestri.
1153 2584 1273 2657 Etiam
1284 2585 1360 2658 vita
1376 2606 1443 2657 sna
1461 2583 1642 2669 virtutum,
1660 2584 1824 2657 candoris
1843 2584 1879 2655 in
1897 2585 2032 2681 primis,
2048 2583 2272 2686 humilitatis,
2290 2590 2329 2658 et

700 2707 859 2782 caritatis
885 2731 972 2804 erga
990 2709 1104 2782 Deum
1130 2707 1286 2781 incensae
1303 2715 1510 2805 perpetuum
1527 2707 1593 2781 fuit
1614 2708 1858 2804 magisterium
1884 2731 1948 2804 per
1965 2709 2137 2805 exempla.
2155 2708 2330 2783 Meditari

700 2831 743 2904 de
756 2829 884 2905 divinis
903 2831 1083 2928 occupatio
1101 2831 1169 2904 sibi
1186 2840 1263 2907 erat
1276 2833 1431 2906 omnium
1443 2831 1737 2929 jucundisssima;
1754 2833 1920 2929 adquam
1938 2839 2044 2906 noctu
2059 2835 2165 2907 etiam
2180 2840 2219 2905 ut
2233 2832 2330 2927 vigi-

699 2952 803 3039 laret,
819 2956 918 3028 humi
929 2963 992 3028 aut
1005 2956 1041 3028 in
1054 2956 1142 3052 ipsis
1155 2964 1287 3031 stratus
1305 2957 1485 3030 asseribus
1498 2955 1664 3052 captabat
1680 2981 1842 3030 somnum
1855 2957 2016 3054 carptim.
2031 2957 2183 3030 Suorum
2197 2979 2328 3030 censor

700 3101 837 3152 morum
854 3102 1012 3167 severus,
1027 3101 1157 3174 parvos
1170 3081 1277 3155 etiam
1295 3105 1415 3157 naevos
1440 3083 1559 3157 multis
1590 3083 1719 3178 poenis,
1740 3083 1903 3181 flagellis,
1918 3083 2091 3157 catenulis
2112 3083 2252 3168 terreis,
2268 3105 2329 3155 sa·

701 3206 776 3306 guli
793 3206 984 3303 asperitate
1009 3206 1154 3292 cilicini,
1183 3205 1301 3280 inedia
1331 3207 1480 3296 diutina,
1501 3209 1712 3304 castigabat.
1740 3208 1871 3282 Amore
1896 3209 1963 3282 Dei
1988 3207 2114 3282 ardere
2137 3206 2330 3280 videbatur

565 3395 568 3404 .
700 3338 870 3428 perpetuo
892 3338 928 3404 et
952 3330 1083 3406 lucere.
1104 3331 1263 3405 Narrant
1285 3332 1330 3404 de
1357 3336 1444 3409 visis
1463 3335 1674 3432 quibusdam
1700 3334 1793 3407 datis
1811 3333 1894 3406 huic
1912 3333 2101 3419 divinitus;
2118 3331 2331 3428 apparuisse

701 3459 797 3547 olim,
817 3470 892 3536 tum
920 3482 1029 3557 puero
1060 3459 1115 3533 illi
1140 3461 1303 3550 decenni,
1323 3467 1499 3534 mortuum
1514 3466 1698 3555 parentem
1724 3482 1839 3543 suum,
1857 3457 2106 3532 circumfusum
2136 3453 2332 3551 splendore

681 3564 684 3572 ¹
701 3585 854 3673 coelesti;
870 3593 944 3659 tum
959 3585 1134 3660 sacerdoti
1145 3587 1223 3681 jam
1239 3587 1456 3660 sacerdotem
1471 3609 1490 3659 e
1503 3586 1681 3661 Societate
1693 3583 1907 3672 defunctum,
1919 3585 2048 3680 diuque
2062 3605 2141 3656 cum
2153 3581 2332 3656 Matthaeo

698 3711 809 3785 fuisse
839 3707 1074 3784 collocutum:
1092 3708 1243 3784 eundem
1268 3707 1500 3805 quadriennio
1529 3719 1613 3786 ante
1641 3709 1813 3784 Vilnense
1830 3708 2040 3806 praedixisse
2066 3707 2256 3792 excidium,
2278 3709 2335 3782 su·

697 3855 850 3932 gamque
879 3833 1084 3923 Sociorum
1110 3833 1187 3908 haec
1217 3841 1323 3930 atque
1348 3833 1463 3909 aliaa
1490 3857 1529 3910 se
1560 3835 1801 3933 praenuntiata
1839 3834 2014 3910 evenisse.
2054 3832 2186 3907 Vivere
2220 3831 2335 3906 desiit

584 4031 619 4094 33
700 3959 780 4035 idus
805 3958 1021 4034 decembres.
1492 4057 1495 4066 ³

526 4127 674 4186 mem,
753 4086 923 4184 Ejusdem
939 4084 1071 4160 mensis
1099 4085 1233 4159 decimo
1267 4085 1389 4182 quinto
1411 4081 1486 4158 kal.
1514 4083 1701 4182 januarias
1730 4089 1889 4156 mortuus
1926 4081 2131 4180 Antverpiae
2143 4081 2187 4156 Ρ.
2215 4075 2340 4155 Bene·

525 4207 561 4342 ΞΘ
574 4208 640 4264 ⁸⁰¹⁰
701 4209 815 4286 dictus
832 4212 876 4286 de
906 4211 1014 4297 Soxo,
1031 4210 1228 4308 Hispanus,
1248 4233 1268 4283 e
1284 4209 1427 4285 civitate
1446 4199 1671 4284 Granatensi.
1693 4208 1877 4282 Annorum
1903 4207 2103 4303 quindecim
2120 4205 2338 4280 adolescens

525 4289 641 4434 plm-
699 4335 737 4409 in
755 4334 922 4410 Ordlnem
941 4335 1123 4410 Sociorum
1137 4335 1321 4430 cooptatus
1335 4356 1430 4408 anno
1447 4334 1554 4408 1602.
1573 4334 1661 4407 Post
1675 4335 1887 4432 eloquentiae
1901 4341 1937 4416 et
1949 4334 2186 4431 philosophiae
2196 4335 2338 4428 magis-

526 4447 651 4576 “fflffi‘
698 4461 799 4547 teria,
813 4460 890 4556 jam
907 4459 1100 4557 theologiae
1125 4458 1317 4557 professor,
1338 4479 1361 4532 a
1387 4457 1548 4554 generali
1565 4458 1753 4534 societatis
1779 4460 1971 4557 praeposito
1996 4458 2112 4533 Mutio
2134 4456 2337 4531 Vitellesco

525 4519 651 4657 llllecur
697 4585 825 4658 missus
842 4585 878 4658 in
905 4585 1120 4659 Lituaniam.
1141 4582 1316 4680 Acceptus
1337 4584 1375 4656 in
1397 4582 1595 4679 Collegium
1616 4582 1870 4670 academicum,
1892 4591 2107 4678 ornatusque
2132 4579 2339 4676 magisterii

525 4678 663 4828 {mm
698 4705 911 4805 insignibus
937 4709 1140 4785 octennium
1165 4708 1346 4805 professus
1372 4713 1426 4782 est
1452 4708 1702 4804 theologiam:
1726 4708 1869 4783 vicenos
1893 4699 2020 4782 deinde
2049 4729 2161 4780 annos
2187 4704 2340 4801 praefuit

697 4833 900 4910 Academiae
920 4833 1234 4932 procancellarius‚
1256 4831 1382 4909 deinde
1397 4831 1505 4906 etiam
1527 4840 1645 4907 rector
1661 4833 1764 4931 (circa
1782 4856 1911 4907 annum
1932 4831 2051 4930 1646).
2071 4830 2138 4904 Vir
2154 4829 2336 4904 doctrinae

698 4960 830 5057 pariter
842 4981 885 5033 ac
901 4959 1142 5033 sanctimoniae
1160 4957 1369 5055 exemplum.
1392 4957 1549 5033 Comitiis
1577 4958 1709 5033 nostris
1735 4957 2012 5055 provincialibus
2031 4956 2177 5042 electus
2198 4955 2336 5029 Romae

610 5067 612 5072 ’
696 5085 893 5160 aLituanis
905 5082 1066 5158 interfuit
1081 5083 1362 5181 congregationi
1379 5083 1468 5158 VlII
1483 5083 1658 5180 generali.
1679 5083 1767 5160 Inde
1783 5085 1927 5176 Vilnam
1940 5084 2053 5160 redux
2074 5079 2205 5156 tentari
2222 5081 2342 5176 coepit

698 5209 856 5312 paralysi
871 5219 907 5288 et
923 5209 1001 5287 aliis
1018 5210 1210 5288 senectutis
1232 5209 1474 5287 incommodis.
1494 5209 1601 5285 Anno
1623 5210 1733 5299 1655,
1750 5209 1959 5287 Moscovitis
1981 5209 2189 5285 Vilnensem
2206 5205 2340 5282 civita·
