4936 6658
675 678 735 780 ave
1041 711 1318 780 urruarucauou
1341 717 1554 781 securlus
1574 717 1661 786 lusu
1682 697 1937 786 ursrcnunuu

675 906 806 993 lasset;
840 905 993 979 monitus
1019 904 1196 1002 Georgius
1223 907 1376 981 accurrit
1396 932 1414 1002 :⁸
1433 907 1587 982 furorem
1617 909 1709 984 dicto
1742 911 1927 986 edomuit:
1953 934 2121 1008 percusso
2146 913 2291 988 morienti

676 1055 777 1128 opem
803 1033 909 1105 tulit:
931 1031 1072 1105 domum
1093 1039 1128 1105 et
1156 1031 1320 1106 viciniam
1350 1032 1598 1107 conturbatam
1614 1036 1767 1130 pacavit.
1801 1037 1922 1131 Pagos
1945 1038 2174 1114 instituendae
2205 1062 2291 1112 causa

675 1156 788 1254 plebis
809 1157 941 1240 obibat,
958 1179 1053 1251 saepe
1072 1179 1093 1230 a
1111 1155 1264 1230 diluculo
1291 1157 1338 1230 ad
1356 1158 1598 1254 crepusculum
1613 1183 1735 1256 usque,
1751 1159 1874 1235 labore
1888 1169 1924 1236 et
1949 1162 2068 1236 inedia
2101 1163 2289 1238 exhaustus.

674 1283 856 1378 Adversus
885 1283 1136 1356 haereticorum
1152 1283 1397 1378 pertinaciam,
1430 1283 1491 1356 ubi
1521 1284 1695 1361 suavitate
1730 1286 1820 1360 nihil
1848 1287 1972 1382 profici
1998 1288 2149 1373 videret,
2184 1289 2291 1384 agebat

677 1409 880 1494 excitatius3
902 1407 1095 1480 observans
1114 1408 1257 1481 interim
1284 1407 1405 1504 legum
1422 1395 1622 1503 prudentiae
1639 1418 1676 1484 et
1701 1411 1899 1485 modestiae.
1921 1412 2172 1486 Contumacior
2190 1437 2291 1486 eorum

678 1533 819 1630 aliquis,
840 1532 981 1629 suisque
999 1533 1188 1628 praefidens
1207 1533 1344 1628 opibus,
1368 1534 1569 1608 sacerdotes
1595 1536 1801 1623 catholicos,
1823 1537 1973 1612 maxime
1991 1537 2191 1622 Societatis,
2210 1538 2292 1610 aditu

679 1661 786 1733 etiam
804 1661 898 1733 villae
916 1684 991 1733 suae
1004 1659 1213 1755 prohibebat
1230 1657 1430 1744 hostiliter;
1453 1667 1554 1733 erant
1568 1668 1686 1734 autem
1704 1663 1799 1756 apud
1817 1685 1855 1736 se
1877 1662 1998 1736 samuh
2015 1662 2175 1760 plerique
2192 1665 2292 1737 catho-

592 1811 595 1818 ’
679 1786 759 1870 lici,
780 1785 874 1880 iique
903 1784 1138 1858 remediorum
1156 1782 1365 1858 salutarium
1382 1783 1553 1858 sitientes.
1573 1785 1631 1858 Ad
1661 1785 1758 1881 ipsos
1777 1785 1954 1882 Georgius
1980 1787 2179 1861 clanculum
2205 1809 2293 1884 pene·

678 1914 809 1997 trabat,
832 1918 1021 2005 noctesque
1035 1911 1210 1983 interdum
1233 1915 1338 1994 totas,
1369 1909 1451 1982 dum
1469 1910 1577 1983 herus
1604 1911 1749 1984 inlecto
1768 1919 1946 1997 sterteret,
1964 1914 2211 1988 confitentibus
2226 1936 2293 2010 pec·

680 2048 758 2112 cata
775 2061 879 2111 aures
894 2037 1013 2108 dabat.
1033 2036 1089 2109 Ad
1118 2033 1341 2109 tolerantiam
1359 2059 1477 2109 rerum
1494 2034 1719 2110 molestarum
1738 2036 1798 2110 diu
1816 2043 1961 2110 assueto
1977 2037 2141 2132 placebat
2159 2038 2294 2113 crassior

680 2167 801 2250 vestis,
822 2163 877 2237 vel
902 2187 968 2236 usu
998 2162 1147 2236 contrita
1164 2185 1239 2257 prae
1263 2184 1358 2234 nova
1376 2169 1410 2234 et
1433 2161 1607 2248 molliore,
1627 2184 1796 2236 acerosus
1811 2163 1914 2258 panis
1928 2186 2003 2257 prae
2021 2163 2165 2237 sitanio.
2194 2165 2294 2237 Tanta

680 2295 772 2366 inter
789 2290 955 2387 profanos
969 2312 1010 2361 ac
1028 2287 1187 2385 petulcos
1206 2287 1324 2373 etiam,
1346 2286 1468 2382 quales
1485 2287 1522 2358 iu
1539 2285 1631 2360 aulis
1659 2287 1847 2383 plerosque
1872 2287 2007 2374 videas,
2029 2288 2097 2361 viri
2119 2289 2221 2386 hujus
2233 2293 2296 2362 erat

681 2417 892 2499 reverentia,
913 2421 951 2486 ut
973 2414 1003 2486 si
1021 2414 1114 2486 inter
1137 2412 1338 2506 morologos
1364 2411 1584 2484 cavillatores
1617 2411 1783 2508 injeceris
1800 2411 2041 2485 inauditorum
2070 2413 2141 2486 ista
2148 2414 2227 2510 joca
2242 2434 2296 2485 sua

682 2542 827 2615 Patrem
858 2539 1063 2634 Georgium,
1084 2537 1209 2611 aulicis
1235 2536 1440 2632 theologum
1453 2537 1573 2609 multis
1591 2537 1786 2632 cognitum,
1804 2535 1960 2609 tabulam
1976 2537 2142 2612 continuo
2159 2538 2297 2634 ineptam

682 2666 898 2765 praecideris.
917 2662 951 2738 A
968 2663 1133 2736 diuturno
1158 2662 1251 2735 inter
1268 2683 1427 2757 paganos
1445 2661 1566 2734 labore
1584 2661 1729 2735 Vilnam
1752 2666 1894 2735 vocatus
1924 2662 1970 2734 ad
1993 2663 2160 2758 quietem,
2180 2665 2215 2737 in
2227 2685 2296 2760 gra·

682 2793 761 2866 vius
779 2791 903 2864 incidit
919 2790 1113 2884 negotium,
1148 2789 1206 2861 ubi
1236 2787 1369 2860 scilicet
1386 2793 1485 2890 peste
1511 2787 1635 2861 civitas
1653 2786 1825 2860 interiret.
1849 2789 2085 2862 Pereuntibus
2116 2797 2155 2863 ut
2173 2790 2298 2862 adesset

686 2918 862 3013 Georgius
876 2939 955 2990 cum
969 2915 1095 3001 Sociis,
1116 2936 1203 3010 quos
1222 2913 1278 2986 hic
1290 2913 1563 2997 nominavimus,
1583 2913 1723 2986 veniam
1740 2935 1763 2985 a
1787 2919 1924 2988 rectore
1948 2913 2098 3008 Collegit
2121 2915 2296 2990 Benedicto

686 3045 730 3124 de
745 3045 839 3117 Soxo
853 3042 1122 3115 exoravitTum
1135 3039 1185 3111 illi
1199 3037 1343 3135 pariter,
1361 3039 1474 3112 salute
1488 3062 1554 3112 sua
1569 3039 1646 3113 Deo
1659 3040 1916 3124 commendata,
1932 3041 1968 3112 in
1983 3041 2095 3114 media
2108 3064 2147 3116 se
2160 3039 2299 3115 commit-

685 3173 762 3245 tere
778 3167 936 3265 pericula
957 3193 965 3238 :
987 3165 1142 3263 quotidie
1159 3164 1273 3261 primo
1288 3187 1436 3260 surgere
1454 3164 1607 3238 diluculo
1625 3157 1633 3238 Ξ
1649 3166 1737 3238 urbe
1750 3172 1827 3239 tota
1844 3167 2085 3263 periclitantes
2102 3167 2292 3264 requirere:

686 3297 833 3369 miseros
849 3292 973 3390 opibus
981 3292 1109 3388 juvare
1128 3289 1290 3364 omnibus
1307 3315 1314 3363 :
1332 3296 1489 3364 mortuos
1508 3291 1580 3364 suis
1595 3292 1701 3364 etiam
1712 3291 1824 3366 elatos
1841 3293 1999 3366 humeris
2017 3292 2180 3388 sepelire.
2201 3292 2298 3366 Senos

687 3423 783 3519 ipsos
801 3417 1027 3510 ita'versatus
1045 3439 1196 3504 menses
1209 3423 1378 3512 concepta
1393 3439 1437 3489 ex
1450 3417 1644 3490 ministerio
1655 3424 1766 3513 peste,
1778 3418 1905 3492 cecidit
1919 3413 2299 3494 charitatisvictimalV

615 3623 625 3640 ‚
688 3549 767 3621 idus
787 3545 953 3642 quintiles
960 3602 971 3640 ·.
986 3542 1153 3638 Sepultus
1166 3543 1202 3614 in
1221 3542 1355 3615 tumulo
1369 3542 1576 3637 agriVilnae
1592 3541 1799 3628 suburbani,
1820 3544 1879 3616 via
1896 3543 2107 3618 Luciscana.
2124 3547 2168 3618 In
2183 3543 2298 3618 eisdem

689 3671 811 3745 officiis
842 3669 972 3742 ibidem
1002 3666 1176 3763 collapsi:
1198 3668 1242 3739 P.
1271 3666 1442 3752 Adamas,
1473 3673 1581 3762 gente
1599 3665 1789 3754 Masovita,
1823 3667 1960 3764 ingenii
1988 3667 2095 3744 facile
2118 3666 2295 3748 irritabilis,

613 3789 616 3796 ’
689 3805 866 3879 strenuus,
887 3803 922 3870 et
935 3795 1104 3868 iracundo
1126 3794 1251 3889 cuique
1272 3792 1478 3880 imitandus,
1498 3791 1662 3880 domitor,
1684 3817 1763 3866 cum
1781 3816 1845 3866 suo
1875 3817 1958 3869 caro
1985 3796 2088 3872 Sosio
2106 3803 2142 3871 ct
2158 3795 2300 3894 adjutore

689 3921 942 4018 christophoro
977 3919 1195 3992 Kulhiewicz
1227 3943 1235 3992 z
1262 3919 1305 3990 P.
1335 3918 1483 4004 Paulus,
1513 3917 1642 3992 nobilis
1670 3918 1916 4015 Subsylvanus
1946 3929 2026 4002 cum
2059 3921 2175 4008 tribus
2202 3915 2298 3995 Sociis

688 4048 802 4134 laicis,
834 4041 1025 4119 Francisco
1065 4041 1287 4117 Orabovskio
1319 4044 1492 4128 Pruteuo,
1521 4043 1661 4117 Joanne
1690 4042 1918 4140 Naczynskio
1937 4045 2126 4140 Huugaro,
2147 4053 2181 4120 et
2205 4045 2295 4117 Petro

688 4173 899 4273 Czyzevskio
918 4170 1050 4244 novitio
1076 4197 1083 4242 :
1110 4171 1153 4243 P.
1170 4169 1328 4243 Mathias
1364 4169 1507 4244 natione
1526 4169 1711 4256 Lituanus,
1733 4192 1906 4244 annorum
1924 4169 1986 4260 35,
2007 4171 2061 4243 vir
2077 4171 2207 4268 pietate
2220 4189 2296 4266 pre·

688 4302 803 4397 cipue,
824 4298 954 4370 virtute
972 4295 1188 4369 castimoniae
1206 4295 1448 4390 integerrima,
1481 4294 1665 4412 charitate,
1686 4295 1874 4384 modestia,
1895 4297 2080 4392 patientia,
2105 4295 2297 4375 humilitate,

690 4425 889 4498 obedientia
919 4420 1198 4505 commendabili,
1227 4421 1339 4493 cultor
1361 4420 1585 4494 Beatissimae
1602 4420 1758 4517 Virginis
1784 4421 1944 4495 eximius.
1977 4421 2094 4519 Atque
2123 4422 2161 4495 hi
2178 4419 2299 4518 quidem

691 4551 822 4637 Vilnae,
844 4551 919 4647 ipso
932 4572 1054 4623 mense
1069 4547 1205 4634 sextili;
1222 4547 1308 4620 alibi
1325 4545 1404 4619 ahis
1422 4548 1599 4621 mensibus
1618 4547 1679 4620 elii
1695 4548 1832 4620 animas
1850 4570 1931 4620 suas
1948 4547 1985 4620 in
2004 4547 2139 4622 eisdem
2155 4541 2300 4644 periculis

519 4655 661 4751 virsano,
694 4683 730 4749 et
746 4675 927 4748 laboribus
956 4672 1212 4770 protenderunt
1233 4697 1241 4744 ε
1262 4672 1449 4747 Varsaviae
1467 4675 1511 4746 P.
1540 4670 1706 4747 Nicolaus
1725 4673 1952 4747 Trzcinskius
1984 4699 2062 4747 cum
2081 4675 2122 4748 G.
2143 4666 2300 4748 Michaole

519 4741 615 4882 libbi,
695 4801 927 4885 Kuszevshio,
948 4823 1067 4874 mense
1099 4799 1252 4872 octobris
1275 4798 1528 4894 :Regiomonti
1550 4800 1586 4871 in
1614 4800 1761 4873 Prussia
1787 4801 1831 4873 P.
1848 4802 2006 4875 loannes
2037 4799 2190 4884 Kihnus,
2220 4796 2295 4869 Var-

519 4895 658 4954 Pultovia.
693 4923 850 5012 miensis,
882 4927 955 5000 XII
985 4925 1157 4999 kalendas
1174 4925 1382 4999 novembres
1404 4950 1412 4998 ι
1433 4925 1609 4998 Pultoviae
1629 4926 1675 4999 P.
1696 4925 1854 4999 Thomas
1885 4925 2115 5010 Porreckius,
2144 4925 2301 4998 Lituaous

694 5076 772 5126 cum
785 5051 932 5125 illustris
950 5073 1082 5147 genere
1100 5057 1174 5123 tum
1192 5049 1427 5125 sanctimonia
1444 5051 1526 5123 vitae
1544 5057 1579 5124 et
1601 5050 1772 5138 doctrina,
1793 5056 1909 5126 rector
1925 5051 1963 5125 in
1975 5052 2040 5124 hac
2053 5051 2139 5125 urbe
2155 5042 2293 5140 collegii,

694 5199 788 5257 anno
807 5176 922 5250 aetatis
940 5176 1003 5263 44,
1023 5175 1093 5248 Vll
1107 5175 1187 5249 idos
1205 5174 1382 5272 quintiles.
