4906 6642
627 788 668 850 44
1008 788 1283 850 ulrunrucnltun
1306 791 1518 851 SOCIETATIS
1538 791 1624 868 lESU
1649 788 1905 849 fflssomnltun

457 993 519 1046 1571
631 975 771 1069 quidem
796 974 1051 1048 .Varszeviclu'o
1074 976 1120 1046 ad
1146 973 1302 1046 Polonos
1328 975 1454 1069 patria,
1483 977 1525 1046 ab
1552 974 1632 1047 aliis
1660 966 1706 1046 ad
1732 972 1822 1046 alios
1851 973 1976 1059 latina,
2009 973 2142 1058 italica,
2176 995 2258 1068 ger·

458 1110 606 1201 Varsencii
631 1099 780 1182 manica,
808 1098 939 1192 linguis
968 1105 1053 1192 quot
1082 1098 1206 1171 dicbus
1235 1099 1335 1171 festis
1360 1098 1594 1171 habebantur.
1627 1097 1915 1171 Varszevickium
1945 1104 2048 1170 terna
2078 1098 2260 1170 minimum

451 1204 592 1336 {ffflf
631 1223 812 1294 hominum
829 1221 942 1294 millia
968 1221 1233 1296 concionantem
1259 1221 1499 1307 celebrabant,
1520 1223 1652 1318 insigni
1668 1213 1854 1295 ¹Sociorum
1880 1244 1998 1316 operae
2016 1221 2142 1316 pretio,
2166 1243 2260 1294 com·

458 1349 507 1441 bns
534 1365 592 1419 per·
632 1346 736 1420 modo
759 1346 958 1418 auditorum
985 1345 1153 1430 salutari;
1181 1369 1311 1441 magno
1338 1348 1501 1420 redibant
1528 1371 1686 1432 numer0‚
1715 1348 1753 1419 hi
1778 1369 1801 1418 a
1827 1347 1976 1440 caligine
2002 1345 2192 1418 haercsium
2219 1367 2262 1417 ac

458 1429 546 1483 umes.
632 1470 789 1544 tenebris
807 1471 852 1541 ad
870 1469 984 1542 lucem
1011 1471 1185 1554 veritatis,
1205 1468 1258 1540 illi
1275 1492 1298 1541 a
1314 1472 1489 1566 corruptis
1507 1471 1662 1543 moribus
1688 1472 1734 1542 ad
1759 1471 1894 1542 bonam'
1913 1469 2051 1564 frugem
2077 1445 2259 1542 revocati:

632 1601 714 1666 ante
731 1592 821 1666 alios
839 1593 987 1678 Ruteni,
1013 1616 1100 1688 quos
1127 1594 1294 1666 Photiani
1322 1618 1461 1668 errores
1486 1595 1718 1682 abstulerant,
1739 1594 1898 1690 popellus
1925 1594 2129 1690 simplicior,
2150 1617 2263 1690 neque

632 1719 684 1789 ita
713 1717 869 1790 animoa
891 1717 1001 1788 sacris
1032 1716 1209 1789 Romanae
1240 1717 1412 1792 Ecclesiae
1442 1719 1571 1792 alieno.
1605 1718 1817 1792 Gaudebant
1845 1719 1904 1790 isti
1929 1719 2121 1813 praecipue,
2148 1717 2264 1791 lucem

634 1842 776 1914 tandem
798 1841 871 1914 suis
889 1842 1045 1914 tenebris
1068 1842 1235 1928 allatam;
1257 1842 1529 1936 gratulabantur
1546 1852 1734 1940 propterea
1750 1843 1975 1915 incrementis
1992 1843 2076 1914 novi
2099 1841 2261 1937 Collegfi,

635 1965 789 2039 execrati
808 1988 947 2037 errores
966 1965 1147 2060 pristinos,
1167 1967 1415 2062 homologeses
1433 1977 1468 2040 et
1485 1991 1636 2064 synaxes
1654 1968 1799 2039 obibant
1816 1966 1949 2039 alacres
1968 1991 1975 2037 :
2003 1989 2082 2060 quae
2101 1989 2171 2051 res,
2193 1967 2264 2040 dici

635 2089 768 2184 nequit,
790 2090 930 2184 quantis
949 2089 1132 2162 Valeriani
1158 2091 1327 2163 antistitis
1353 2093 1510 2164 animum
1535 2093 1670 2165 laetitiis
1693 2093 1932 2187 perfunderet.
1954 2090 2092 2163 Ludum
2116 2091 2165 2162 ibi
2191 2091 2269 2186 phi·

636 2214 796 2307 losophis
822 2212 1036 2286 litterarium
1051 2212 1125 2284 ibat
1150 2223 1310 2308 apertum
1334 2197 1561 2310 provincialis
1588 2217 1797 2289 Sunnerius.
1818 2217 1961 2287 Vilnam
1987 2226 2177 2311 propterea
2193 2239 2269 2287 ma·

636 2337 768 2432 gistros
786 2338 1045 2433 discipulosque
1067 2361 1130 2432 per
1153 2346 1361 2410 autumnum
1387 2341 1603 2426 adduxerat3
1624 2346 1661 2412 at
1678 2341 1715 2412 id
1739 2363 1811 2412 non
1832 2341 2021 2413 successit:
2043 2347 2164 2412 coorta
2185 2364 2267 2412 mox

526 2487 552 2540 s.
634 2461 856 2555 pestilentia;
872 2460 978 2555 hujus
989 2468 1086 2535 metu
1103 2461 1235 2534 scholae
1248 2472 1284 2535 et
1296 2463 1420 2535 civitas
1439 2463 1610 2559 majorem
1624 2464 1765 2536 omnino
1784 2470 1923 2560 partem
1940 2464 2121 2558 dissipata.
2139 2463 2267 2536 Statim

459 2564 609 2712 gffiffim
636 2593 742 2680 atque
764 2609 803 2658 se
826 2587 899 2658 suis
919 2585 1058 2659 indiciis
1076 2586 1205 2658 malum
1226 2587 1263 2658 in
1285 2588 1371 2659 urbe
1394 2589 1561 2683 prodidit,
1582 2597 1655 2661 tres
1672 2589 1709 2660 in
1727 2588 1848 2660 villam
1875 2611 1992 2661 secum
2014 2589 2162 2660 antistes
2184 2611 2268 2660 con·

462 2723 535 2788 peste
553 2719 608 2773 dis-
636 2709 729 2782 ditor
744 2709 912 2781 subduxit
929 2710 1077 2782 Socios:
1099 2718 1171 2781 tres
1190 2717 1225 2782 et
1237 2711 1365 2805 viginti
1384 2711 1513 2784 avertit
1530 2713 1623 2800 alio;
1644 2711 1843 2807 utrobique,
1861 2712 1975 2784 utine
1993 2711 2078 2807 quid
2095 2711 2270 2784 commodi

462 2803 588 2861 mm
637 2835 914 2920 desideraretur,
935 2858 998 2928 per
1015 2857 1054 2907 se
1072 2858 1226 2929 suosque
1244 2835 1473 2908 administros
1492 2838 1641 2909 curavit.
1664 2838 1731 2917 Qui
1754 2837 1889 2909 civibus
1907 2837 2100 2910 salutarem
2117 2838 2185 2908 boc
2203 2860 2269 2909 suo

636 2965 795 3054 tempore
812 2951 987 3031 navarent
1005 2981 1162 3053 operam,
1180 2983 1258 3031 cum
1275 2958 1525 3033 Varszevick'io
1539 2961 1742 3034 sacerdotes
1761 2960 1844 3043 duo,
1857 2983 2053 3055 novemque
2069 2961 2269 3056 adjutores,
2322 2977 2326 2986 '

464 3160 488 3216 K
526 3076 551 3132 ⁴·
637 3083 732 3156 domi
749 3082 965 3156 residerunt.
983 3083 1080 3155 Inter
1106 3105 1167 3156 eos
1185 3085 1228 3156 P.
1249 3083 1365 3155 Lucas
1393 3085 1668 3170 Krassovskius
1691 3085 1773 3157 dum
1795 3085 2038 3157 conflictantes
2064 3085 2270 3181 pestilentia

463 3176 596 3296 ,ἓξὲξ
638 3209 788 3303 impiger
805 3214 949 3278 curator
964 3207 1162 3278 animorum
1179 3208 1275 3293 visit,
1294 3215 1477 3282 contactus
1495 3211 1601 3294 malo,
1623 3208 1829 3282 duodecimo
1857 3209 2032 3282 kalendas
2061 3209 2272 3282 novembres

447 3322 493 3418 ,⁸³
512 3319 609 3376 obitus.
638 3334 772 3416 interit,
792 3332 887 3404 felici
905 3333 1098 3426 provinciae
1116 3340 1151 3405 et
1168 3333 1286 3428 gentis
1313 3357 1388 3406 suae
1418 3334 1601 3429 auspicio:
1623 3341 1662 3404 ut
1689 3335 1748 3429 qui
1778 3335 1911 3428 primus
1930 3335 2146 3407 Polonorum
2163 3333 2273 3406 fuerit

639 3460 675 3528 in
706 3457 918 3530 Societatem
949 3464 1147 3552 cooptatus,
1170 3459 1302 3552 primus
1329 3459 1421 3544 idern
1446 3482 1466 3530 e
1493 3458 1675 3552 provincia
1693 3459 1848 3531 Lituana
1876 3458 1924 3529 ad
1953 3481 2155 3553 supernam,
2177 3459 2274 3554 quod

639 3605 783 3676 sperare
807 3581 902 3666 licet,
924 3582 1107 3654 beatorum
1138 3583 1329 3667 civitatem,
1356 3583 1573 3654 successuris
1604 3583 1678 3654 suis
1706 3582 1936 3677 popularibus
1965 3582 2118 3676 praeivit,
2138 3605 2274 3655 nonoa

639 3728 704 3777 suo
721 3705 865 3777 Vilnam
883 3705 1037 3778 adventu
1055 3729 1188 3778 mense.
1210 3707 1324 3778 Paulo
1342 3713 1426 3778 ante
1443 3729 1559 3779 comes
1576 3707 1643 3777 fuit
1660 3707 1788 3778 visenti
1811 3705 1998 3778 Poloniam
2016 3713 2050 3778 et
2068 3706 2273 3780 Lituaniam

639 3829 829 3914 Sunnerio,
849 3830 985 3925 linguae
1002 3821 1178 3924 interpres
1205 3831 1341 3924 patriae,
1362 3839 1397 3902 et
1424 3853 1543 3902 rerum
1573 3830 1794 3924 agendarum
1823 3832 1976 3926 adjutor.
1998 3831 2116 3903 Vilnee
2147 3831 2275 3904 diebus

637 3955 739 4026 festis
756 3978 780 4026 a
796 3953 944 4027 meridie
969 3955 1197 4026 concionator
1227 3953 1346 4025 divina
1380 3955 1559 4047 populum,
1593 3955 1760 4048 profestis
1791 3955 2058 4049 grammaticam
2088 3935 2123 4026 ib
2150 3954 2276 4027 schola

639 4101 769 4175 pueros
795 4078 965 4164 docebat;
985 4079 1091 4162 idem,
1113 4078 1196 4148 dum
1227 4101 1290 4172 per
1316 4100 1381 4150 sua
1405 4078 1525 4149 munia
1555 4078 1690 4163 liceret,
1710 4078 1834 4151 aderat
1851 4079 2099 4151 confitentibus
2129 4086 2277 4172 peccata

640 4204 775 4276 arbiter
791 4201 969 4275 assiduus.
986 4200 1133 4273 Nullum
1150 4225 1173 4273 a
1189 4225 1227 4272 se
1245 4202 1404 4274 laborem
1421 4201 1481 4274 ille
1500 4225 1653 4297 unquam
1667 4202 1897 4296 deprecatus;
1914 4203 2056 4274 tametsi
2070 4202 2277 4278 valetudine

642 4333 800 4399 uteretur
830 4325 1064 4410 incommoda,
1103 4327 1186 4398 tabe
1218 4325 1316 4398 lenta
1351 4326 1482 4398 sensim
1513 4326 1692 4398 deficiens.
1730 4319 1906 4398 Triduum¹
1936 4326 2070 4398 leviore
2102 4326 2278 4398 febricula

643 4457 813 4534 tentatus,
829 4451 949 4522 statim
964 4459 1072 4544 atque
1085 4452 1197 4523 sensit
1212 4450 1344 4522 malum
1358 4451 1620 4544 ingravescere,
1638 4449 1882 4522 nihilomnino
1897 4473 2011 4544 neque
2028 4451 2147 4521 animo
2162 4473 2279 4546 neque

644 4573 743 4645 vultu
761 4582 967 4658 commotus,
987 4577 1117 4647 rectori
1139 4598 1203 4647 suo
1222 4575 1472 4647 Varszeviclrio
1492 4574 1537 4647 de
1553 4576 1656 4646 noxis
1674 4575 1757 4646 vitae
1783 4575 1980 4646 confitetur.
2002 4574 2191 4647 Professus
2213 4575 2278 4648 de-

644 4699 764 4793 nique,
784 4695 874 4769 nihil
891 4699 927 4769 in
947 4691 1043 4769 omni
1060 4700 1134 4770 vita
1160 4699 1302 4771 mortali
1320 4700 1527 4793 essequod
1552 4723 1622 4771 non
1654 4699 1817 4794 expedito
1831 4707 1941 4794 atque
1958 4699 2068 4771 alacri
2083 4699 2279 4773 dimitteret

645 4823 773 4906 animo,
793 4823 917 4895 obtutu
935 4823 971 4894 in
989 4823 1145 4917 imagine
1162 4823 1354 4896 servatoris
1373 4824 1514 4895 Domini
1532 4823 1629 4917 passi
1643 4829 1678 4896 et
1691 4831 1807 4896 mente
1823 4823 1908 4906 fixa,
1929 4823 2113 4917 suspirans
2135 4824 2277 4909 crebre,

646 4955 681 5020 et
698 4949 854 5020 animum
868 4949 943 5020 Deo
962 4949 1138 5020 abiturum
1158 4949 1421 5039 commendans
1438 4949 1530 5020 inter
1547 4948 1625 5043 pias
1644 4948 1826 5022 Sociorum
1845 4949 2067 5042 precationes
2085 4948 2276 5023 extinctus

537 5082 560 5133 5.
646 5072 783 5145 Eodem
800 5096 921 5146 mense
951 5095 991 5145 ac
1018 5073 1075 5145 die
1102 5073 1145 5144 de
1175 5073 1345 5168 Collegio,
1363 5073 1497 5167 pariter
1527 5073 1695 5145 distracto
1726 5072 1941 5167 pestilentia,
1964 5073 2138 5146 Pultoviae
2169 5073 2280 5146 desiit

472 5160 601 5215 Pultovia
756 5197 763 5211 .
949 5198 955 5212 .
1032 5197 1038 5212 .
1439 5199 1445 5214 .
1565 5198 1609 5212 ..
1741 5199 1748 5212 .
1986 5198 2032 5213 ..

473 5241 564 5310 pastis.
649 5197 807 5270 Mathras
831 5197 1096 5282 Dembrnsluus,
1119 5220 1264 5292 operum
1282 5199 1507 5270 famularrum
1525 5197 2144 5292 m1n1ster,v1rnavusrehgmsus:
2166 5204 2214 5284 et,
2236 5207 2280 5270 ut
