4930 6634
1058 1431 1826 1500 LITUANIOARUM

1286 1709 1498 1771 sufflamus
1518 1711 1604 1772 Jnsu

884 1939 2009 2136 ursroumuuu

1117 2280 1359 2369 LIBER
1426 2275 1798 2370 OCTAVUS

1338 2533 1561 2618 (roae-mm.)

1355 2752 1545 2790 -οοομ-

467 3167 533 3224 1631

534 3259 548 3311 1

467 3331 595 3388 cmm.
643 3302 808 3562 Lucro
838 3283 940 3379 gravi
970 3284 1233 3380 sigismundum
1264 3311 1409 3384 regem,
1438 3290 1513 3385 jam
1539 3287 1598 3360 diu
1625 3288 1769 3362 aliunde
1788 3311 1924 3384 aegrum
1952 3288 2070 3362 animo
2102 3290 2200 3362 illum
2223 3297 2259 3365 et

468 3406 616 3500 capragines
742 3433 901 3506 corpore,
923 3410 1129 3505 regiamque
1155 3412 1272 3485 aulam
1290 3414 1459 3508 regnique
1485 3413 1578 3486 cives
1595 3411 1713 3484 affecit
1731 3434 1826 3484 mors
1843 3411 2003 3508 conjugis
2021 3413 2146 3507 regiae,
2168 3413 2258 3485 Con·

467 3487 611 3622 imis,
742 3535 895 3619 stantiae,
916 3557 1027 3629 eaque
1040 3537 1236 3630 repentina,
1253 3537 1489 3632 imprudentia
1502 3536 1629 3609 medici
1643 3536 1824 3608 accersita.
1844 3536 1894 3608 Ut
1911 3543 1988 3610 erat
2004 3534 2150 3630 insigni,
2166 3538 2264 3610 avita

639 3661 702 3734 illa
715 3660 901 3733 Austriaca
910 3659 1052 3753 pietate,
1075 3659 1192 3732 Caroli
1209 3660 1386 3734 Austriaci
1405 3669 1439 3734 et
1457 3661 1585 3734 Mariae
1601 3659 1770 3732 Boiorum
1783 3658 1953 3754 principis
1963 3658 2049 3745 filia,
2076 3660 2134 3732 die
2146 3660 2263 3734 Theo-

638 3785 774 3883 phoriae
787 3806 902 3868 sacro,
923 3783 1067 3857 ardente
1083 3784 1233 3858 maxime
1248 3786 1352 3872 coelo,
1373 3784 1561 3858 Varsaviae
1574 3784 1809 3880 supplicantes
1828 3807 1907 3855 cum
1924 3806 2010 3878 rege
2024 3792 2060 3856 et
2078 3807 2143 3857 sua
2156 3786 2264 3858 fami-

634 3911 685 3984 lia
700 3909 847 4006 pedibus
880 3931 944 4003 per
968 3907 1064 3981 vicos
1082 3909 1178 3981 urbis
1196 3917 1343 3996 sectata,
1364 3909 1486 4004 virago
1504 3909 1540 3981 in
1558 3909 1634 4003 ipso
1652 3909 1768 3981 aetatis
1793 3908 1881 3982 flore
1902 3909 2057 3995 uberior,
2086 3909 2265 3984 delassata

639 4042 693 4110 est
719 4041 824 4129 atque
853 4031 990 4104 inarsit.
1020 4030 1193 4106 Ardorem
1218 4033 1376 4107 febrilem
1402 4043 1561 4107 coortum
1589 4034 1671 4106 inde
1697 4034 1853 4106 medicus
1873 4036 2151 4130 repugnantibus
2169 4035 2262 4108 salu·

638 4159 759 4232 britati
785 4159 948 4231 fomentis
965 4159 1117 4230 exacuit.
1150 4159 1228 4231 Nec
1253 4159 1501 4232 animadvertit
1520 4159 1612 4231 ullus
1630 4157 1823 4252 periculum
1845 4159 1956 4252 prius,
1981 4183 2086 4254 quam
2109 4161 2168 4232 ubi
2186 4162 2265 4257 J'am

641 4293 757 4358 actum
776 4289 872 4356 essct
901 4308 908 4355 :
935 4282 1061 4378 regina
1086 4283 1238 4354 exanimi
1271 4283 1318 4355 Vl
1348 4283 1425 4355 idus
1458 4283 1623 4377 quintiles
1642 4283 1837 4356 diluculoa
1859 4282 2083 4357 cubiculariis
2109 4292 2263 4380 reperta.

472 4427 522 4484 Cor
539 4426 618 4496 hujus
644 4411 770 4484 Casum
788 4413 999 4503 acceperunt
1016 4430 1151 4489 omnes,
1168 4408 1204 4478 in
1227 4409 1348 4502 primis
1365 4407 1612 4504 Sigismununs
1640 4432 1717 4480 cum
1735 4408 1834 4503 prole
1856 4431 1933 4493 sua,
1950 4409 1971 4481 J
1975 4432 2090 4483 oanne
2103 4410 2263 4496 Alberto,

471 4509 619 4659 ffinfflffio
645 4534 770 4608 Carolo
796 4531 1038 4616 Fordinando,
1058 4530 1261 4604 Alexandro
1293 4533 1419 4606 Oarolo
1450 4539 1486 4607 et
1510 4531 1615 4605 Anna
1633 4533 1826 4606 Catharina
1844 4535 2089 4628 praesentibus,
2111 4535 2267 4608 acerbis-

473 4666 596 4737 coltegii.
643 4659 742 4732 sime.
759 4656 982 4730 Desideravit
998 4661 1081 4728 ante
1100 4655 1228 4728 multos
1249 4657 1341 4751 piam
1355 4658 1516 4752 reginam
1530 4659 1689 4731 Societas
1702 4659 1868 4744 Lituana,
1886 4659 2083 4754 insignibus
2096 4660 2269 4734 obstricta

643 4779 834 4855 beneficiis.
853 4779 921 4852 Cor
935 4779 1024 4873 ejuS,
1040 4777 1287 4852 benevolentia
1305 4779 1387 4851 olim
1404 4780 1558 4875 plenum,
1575 4781 1671 4876 regis
1686 4781 1880 4868 admonitu,
1894 4782 2068 4877 intemplo
2083 4783 2268 4856 Sociorum

643 4904 873 4978 Varsaviensi
891 4903 1082 4977 conditum.
1104 4903 1268 4976 Laudant
1296 4904 1536 4977 Constantiam
1551 4913 1726 4979 nostrates
1744 4907 1916 4990 historici,
1946 4914 2052 5000 atque
2069 4906 2161 4979 inter
2174 4905 2267 4982 alios

643 5031 719 5126 ipse
737 5051 875 5126 quoque
893 5027 1028 5101 Paulus
1043 5028 1249 5102 Piaseckius
1267 5028 1314 5125 (ι),
1335 5029 1423 5101 alias
1438 5029 1654 5126 Sigismundi
1668 5038 1703 5104 et
1724 5032 1835 5126 regiae
1864 5055 1938 5104 suae
1962 5031 2106 5105 familiae
2123 5032 2267 5126 iniquus

687 5171 727 5248 (tl
743 5171 890 5244 chronia,
908 5185 972 5245 pag.
992 5171 1040 5229 52.
