4896 6650
653 809 761 870 LIBER
785 807 944 868 TERTIUS
968 803 1181 882 (isto-taso).
1703 795 1760 860 103

134 1025 152 1058 ι
174 1019 298 1092 nempe
318 995 389 1093 ipsi
407 993 589 1068 ministelli
615 992 738 1079 vestri,
772 991 1028 1066 obtrectatores
1055 983 1277 1080 iniquissimi,
1305 967 1467 1053 insidiosi
1492 1004 1597 1079 opum
1614 981 1762 1077 depecu-
1789 989 1853 1044 1582
1978 975 1980 980 '

137 1150 154 1181 a
174 1120 307 1193 latores
329 1127 540 1202 vestrarum,
561 1117 761 1191 conflarint.
783 1119 891 1214 Agite
909 1117 1005 1201 dum,
1020 1115 1097 1210 jam
1122 1110 1281 1204 hospites
1307 1109 1395 1180 istos
1412 1109 1447 1178 10
1467 1109 1589 1181 urbem
1606 1114 1761 1180 vestram

137 1277 154 1308 ι
174 1243 324 1340 accipite
344 1243 452 1340 grati,
485 1242 893 1335 commendationemque
912 1245 1083 1318 nostram,
1107 1255 1213 1329 quam
1233 1233 1332 1328 justa
1353 1231 1410 1316 sit,
1429 1231 1560 1328 placati
1577 1253 1763 1326 comesque

137 1399 154 1430 a
175 1365 397 1463 experimini.
419 1366 533 1450 Diem,
555 1389 624 1460 quc
641 1365 846 1438 mandatum
864 1363 930 1436 hoc
948 1369 1107 1433 nostrum
1125 1357 1359 1452 exequamini,
1388 1379 1500 1429 nonas
1518 1355 1650 1451 apriles
1668 1378 1762 1451 prae-

137 1519 155 1550 e
175 1490 296 1562 stituo.
321 1525 338 1558 ι
356 1488 489 1563 Octavo
514 1489 595 1560 idus
625 1489 757 1585 apriles
773 1491 907 1564 tradita
920 1487 1143 1562 DiviJacohi
1167 1488 1284 1573 aedes;
1317 1495 1457 1584 postero
1488 1490 1558 1574 die,
1592 1490 1629 1560 in
1659 1513 1763 1585 quem

135 1636 238 1687 sacra
254 1612 440 1687 catholicis
459 1615 665 1684 Verbenolio
697 1612 731 1708 (1)
756 1613 966 1697 inciderant,
986 1635 1049 1709 per
1077 1612 1272 1686 antistitem
1298 1611 1503 1707 Samegitiae
1532 1612 1762 1686 Melchiorem
1790 1654 1892 1711 Sacrifi-

136 1739 314 1836 Giedroyc
331 1740 368 1811 in
386 1737 517 1833 templo
534 1734 747 1833 perlitatum,
775 1736 907 1809 habitae
924 1736 1047 1809 eedem
1063 1735 1120 1808 die
1137 1757 1161 1807 a
1178 1737 1291 1810 Sociis
1308 1736 1431 1822 latine,
1448 1736 1609 1832 polonice
1627 1744 1663 1809 et
1681 1758 1761 1830 ger·
1789 1738 1891 1832 cantet

133 1865 270 1938 manice
288 1865 490 1938 conciones.
511 1863 620 1938 Faria
645 1862 771 1935 deinde
797 1870 898 1936 sexta
923 1863 1069 1958 majoris
1086 1863 1319 1938 hebdomadae
1345 1866 1381 1937 10
1408 1865 1503 1938 aedes
1533 1864 1615 1936 huic
1632 1862 1764 1957 templo
1789 1834 1891 1950 ffiff,

134 1991 336 2084 proximas,
369 1987 452 2061 olim
482 1988 686 2060 monasterii
718 1987 818 2059 Divae
851 1986 1092 2082 Magdalenae,
1113 2008 1225 2083 grege
1251 1987 1534 2061 Lutheranorum
1563 1986 1764 2068 exturbato,
1792 1973 1872 2030 Socii.

136 2113 265 2186 Petrus
284 2110 428 2208 Skarga
441 2120 476 2185 et
493 2111 673 2184 Martinus
691 2111 849 2184 Laterna
863 2133 942 2182 cum
956 2109 978 2181 J
981 2133 1096 2185 oanne
1112 2114 1291 2199 Vincerio,
1311 2117 1358 2187 ad
1371 2113 1606 2188 instituendas
1625 2109 1766 2182 scholas

137 2245 174 2308 et
189 2236 378 2308 conciones
391 2235 593 2331 germanice
612 2234 793 2308 habendas
811 2235 923 2308 accito
941 2259 961 2309 e
984 2236 1270 2337 Brunsbergensi
1288 2241 1461 2336 collegio,
1478 2261 1672 2333 novemque
1690 2237 1763 2322 alii,
1794 2237 1909 2329 sigone

137 2387 181 2438 ex
197 2364 280 2438 aliis
296 2363 382 2439 lecti
395 2365 594 2450 domiciliis,
616 2365 758 2438 adducti
785 2387 808 2436 a
841 2363 1001 2438 Praeside
1029 2364 1257 2448 Prouinciali,
1278 2364 1361 2436 novi
1394 2365 1521 2436 incolae
1536 2386 1573 2436 se
1599 2362 1763 2435 intulere.
1795 2317 1942 2386 ⁰⁰¹¹⁰⁸¹⁰¹¹''

138 2489 209 2562 Per
225 2509 350 2563 omnes
369 2488 661 2583 Quadragesimae
679 2489 753 2561 dies
768 2511 900 2583 magna
918 2487 1174 2562 catholicorum
1186 2487 1312 2560 laetitia
1328 2497 1365 2561 et
1378 2489 1510 2584 pietate
1524 2487 1769 2561 celebrabatur

139 2609 322 2704 templum,
343 2633 503 2705 novaque
520 2612 702 2684 Sociorum
719 2610 869 2694 colonia,
889 2634 976 2706 rege
1006 2610 1211 2705 proceribus
1241 2618 1436 2706 praeeunte.
1457 2611 1520 2683 Bis
1538 2610 1597 2682 ille
1615 2607 1769 2704 quotidie

141 2755 186 2804 ex
201 2755 298 2818 arce,
315 2755 428 2828 eaque
446 2735 590 2831 longius
608 2737 775 2819 distante,
800 2733 972 2828 frequenti
991 2735 1141 2828 stipatus
1159 2733 1339 2816 comitatu,
1369 2734 1659 2807 concursantibus
1692 2734 1772 2806 hinc
1964 2813 1970 2826 ‚

143 2857 241 2932 illinc
257 2861 359 2953 quasi
371 2859 421 2931 ad
437 2861 689 2956 spectaculum,
706 2861 984 2957 mirantibusque
1001 2859 1191 2945 haereticis,
1211 2860 1337 2934 itabat.
1358 2861 1636 2936 Assectabantur
1654 2859 1772 2932 aulam
1803 2875 1924 2968 11οι0110

145 2991 300 3058 catervae
316 2986 584 3082 oppidanorum,
613 2994 686 3059 tum
713 2987 809 3081 regis
827 2985 1000 3072 intuendi,
1021 2993 1095 3058 tum
1113 2985 1437 3078 cognoscendorum
1467 2984 1596 3056 rituum
1629 2982 1775 3056 catholi-
1800 2953 1909 3104 ξζὲξζω

145 3131 268 3181 corum
297 3108 427 3184 studio.
462 3108 740 3182 Admirabantur
768 3109 905 3204 regiam
931 3108 1110 3205 pietatem,
1131 3137 1209 3186 cum
1240 3137 1321 3186 eum
1347 3119 1549 3209 spectarent
1569 3121 1650 3186 ente
1676 3133 1777 3184 aram
1801 3117 1911 3191 pietatis

145 3229 272 3324 positis
290 3231 389 3303 humi
406 3232 556 3326 genibus
574 3233 841 3320 multashoras,
862 3235 908 3306 ad
935 3255 1038 3306 sacra
1067 3243 1304 3329 perattentum
1323 3237 1360 3308 in
1386 3236 1558 3310 sacrificio
1592 3236 1773 3333 mysteria,
1802 3195 1920 3328 {fffl

146 3356 421 3452 supplicantem,
454 3359 681 3433 accedentem
700 3361 744 3432 ad
772 3383 931 3434 mensam
953 3361 1246 3444 Eucharisticam,
1276 3385 1389 3435 sacrae
1417 3361 1531 3434 crucis
1561 3360 1702 3455 signum
1720 3358 1777 3432 die
1803 3358 1858 3410 tur.

147 3481 367 3558 Parasceves
401 3485 471 3558 ritu
499 3483 674 3557 catholice
705 3485 926 3571 adorantem,
959 3485 1227 3559 Sanctissimum
1257 3486 1294 3558 in
1325 3486 1444 3558 hostia
1474 3485 1609 3580 Corpus
1637 3481 1778 3556 Domini

146 3605 380 3678 deducentem
397 3609 443 3680 ad
468 3607 667 3703 sepulcrale
687 3609 878 3700 theatrum,
894 3611 1034 3708 aliaque
1048 3635 1114 3706 sua
1131 3613 1249 3686 devoti
1268 3611 1407 3686 Christo
1426 3611 1535 3684 animi
1552 3611 1774 3684 documenta.

147 3732 242 3803 Pars
255 3732 355 3826 regio
373 3733 517 3806 excitati
530 3733 701 3828 exemplo,
727 3757 811 3830 pars
829 3739 1138 3813 suaeiuchnetione
1154 3735 1347 3811 voluntatis
1365 3735 1546 3831 propensi,
1565 3734 1690 3808 eadem
1707 3734 1780 3808 obi·

148 3859 237 3931 bant
253 3859 386 3955 pietate
401 3865 518 3943 taum,
536 3867 576 3932 ut
593 3859 680 3954 ipsis
698 3861 806 3934 etiam
833 3863 1070 3948 Lutheranis,¹
1081 3861 1234 3936 vicissim
1252 3883 1331 3934 sese
1349 3858 1643 3955 respectantibus,
1658 3858 1779 3953 injice-

149 3989 250 4056 retur
267 3982 375 4055 ardor
400 3982 509 4055 animi
534 3982 628 4076 pius,
656 3982 849 4078 laetitiaque
868 3985 1023 4080 gliscens
1041 3985 1219 4084 lacrymas
1253 3985 1435 4059 electaret.
1469 3985 1558 4056 Erat
1586 3983 1776 4064 enimvero,

148 4107 245 4203 quod
277 4106 313 4178 in
343 4129 385 4182 00
416 4106 621 4180 christianae
647 4108 791 4204 pietatis
819 4108 1020 4202 spectaculo
1051 4111 1119 4205 ipsi
1142 4111 1248 4184 etiam
1278 4117 1440 4182 amarent
1475 4107 1634 4180 haeretici
1659 4106 1781 4179 lauda-

147 4238 314 4325 rentque,
351 4229 415 4302 illa
440 4229 606 4305 videlicet
622 4237 695 4303 tam
729 4230 881 4303 illustria
911 4213 1007 4327 regis
1026 4241 1062 4306 et
1087 4255 1273 4329 procerum
1299 4229 1490 4326 exempla:
1527 4228 1608 4300 illos
1625 4229 1781 4324 gravita-

146 4355 197 4426 tis
229 4351 353 4448 plenos
384 4360 419 4426 01
443 4355 640 4428 sanctitatis
672 4355 785 4428 ritus:
824 4361 899 4426 tum
934 4353 1158 4449 splendorem
1191 4355 1313 4452 templi
1348 4363 1384 4429 et
1418 4359 1654 4450 apparatum,
1692 4352 1782 4424 invi·

147 4501 231 4552 sum
265 4476 382 4548 adhuc
400 4473 635 4572 Rigensibus,
662 4480 857 4550 carminum
889 4501 1071 4553 sacrorum
1096 4483 1295 4577 appositam
1327 4483 1373 4554 ad
1404 4480 1608 4555 excitandos
1641 4478 1784 4574 pietatis

148 4625 282 4676 sensus
295 4601 449 4696 gratiam
470 4608 630 4674 :caetera
649 4601 801 4695 denique
815 4604 1015 4678 omniatam
1033 4606 1194 4702 pulchra,
1214 4613 1355 4700 tamque
1369 4604 1588 4680 venerabilia
1600 4595 1780 4687 visa'sunt,

148 4733 190 4798 ut
209 4745 333 4798 eorum
350 4724 549 4819 complures
568 4747 643 4820 prae
659 4725 715 4797 his
735 4748 873 4799 omnem
891 4728 1039 4802 Lutheri
1057 4736 1093 4802 et
1109 4729 1275 4802 similium
1293 4728 1487 4824 religiones
1505 4729 1669 4823 deinceps
1686 4726 1784 4798 fasti·

149 4849 288 4934 dirent,
308 4847 636 4942 frequentioresque
654 4849 690 4920 in
716 4849 792 4921 dies
810 4851 905 4925 aedes
929 4853 1112 4962 Sociorum
1129 4855 1298 4927 viserent.
1319 4855 1434 4948 AEgre
1452 4876 1490 4926 se
1515 4826 1630 4927 tenuit
1645 4851 1691 4924 ad
1708 4851 1786 4923 haec
1812 4903 1923 4973 Quidem

150 4971 378 5069 perditorum
395 4971 590 5059 hominum,
609 4973 930 5048 Lutheraniccrum
958 4976 1110 5049 manime
1136 4977 1390 5060 ministrorum,
1411 4975 1528 5060 furor;
1564 4975 1642 5071 ipso
1671 4974 1788 5047 adhuc
1812 4983 1846 5040 nt
1860 4983 1959 5038 nates·

151 5097 255 5192 regis
268 5103 363 5170 metu
381 5097 569 5172 cohibitus.
586 5099 689 5192 Rege
702 5098 876 5172 deindein
894 5099 1097 5187 Livoniam,
1111 5100 1341 5174 restituendae
1349 5099 1532 5196 periterac
1549 5097 1783 5183 stabiliendae,
1813 5079 1941 5199 ζζζζω

196 5219 250 5301 (1)
264 5217 432 5302 [1101010100
446 5223 612 5284 Poimenon
628 5219 765 5302 scilieet]
