4936 6658
674 775 735 843 340
1053 777 1331 840 LlTUleCdRUlll
1354 778 1568 840 somniaris
1588 780 1675 843 lusu
1699 778 1954 840 lllSTORlAliUlll

502 980 567 1038 1645
676 966 800 1048 Quoad
814 967 914 1051 vixit,
933 967 1128 1064 praesertim
1135 967 1212 1062 jam
1230 969 1407 1051 sacerdos,
1423 964 1585 1038 laborare
1598 965 1695 1039 visus
1712 973 1903 1062 perpetuo:
1921 990 2016 1040 nunc
2034 969 2082 1056 ad
2100 967 2306 1044 catechismi

675 1090 832 1163 scholam
846 1115 975 1188 cogere
987 1115 1179 1188 puerorum
1194 1114 1346 1187 greges:
1381 1093 1485 1164 modo
1504 1100 1659 1187 aegrotos
1677 1091 1805 1176 visere,
1827 1092 1952 1166 adesse
1971 1095 2203 1180 moribundis,
2218 1097 2303 1170 hor-

674 1217 742 1290 tari
760 1216 960 1289 afficiendos
979 1216 1158 1312 suppliciis
1177 1241 1184 1288 :
1206 1218 1310 1289 modo
1329 1239 1454 1288 curare
1471 1223 1640 1310 egentes,
1655 1225 1704 1290 .et
1718 1218 1886 1312 quidquid
1911 1219 2003 1291 foret
2032 1219 2095 1291 otii
2118 1220 2164 1292 ab
2181 1219 2307 1294 officiis

501 1369 570 1425 altro
585 1385 632 1441 μ-
674 1340 888 1426 domesticis,
905 1342 942 1414 iu
956 1365 1075 1414 curam
1089 1341 1240 1414 aliorum
1262 1342 1453 1414 salutarem
1477 1341 1666 1412 insumere.
1690 1341 1817 1412 Divum
1832 1342 2019 1415 Societatis
2033 1351 2215 1437 parentem
2231 1346 2307 1441 pie-

502 1454 626 1584 {²⁰2ng
674 1473 747 1538 tate
766 1465 873 1538 coluit
889 1466 1082 1561 praecipua,
1111 1468 1257 1561 ejusque
1288 1466 1431 1537 nomine
1448 1462 1556 1536 multa
1574 1465 1728 1559 patravit
1747 1467 1836 1538 mira
1858 1491 1865 1538 :
1887 1464 1973 1538 alibi
1990 1466 2133 1539 morbos
2151 1466 2299 1562 depulit,

503 1612 616 1666 maxime
675 1590 760 1662 alibi
778 1589 943 1676 lemures,
956 1590 1042 1662 alibi
1055 1591 1238 1664 veneficia.
1255 1593 1417 1686 Rogatus
1430 1588 1634 1684 aliquando,
1647 1590 1888 1675 daemoniaco;
1910 1613 2012 1686 quem
2026 1615 2184 1687 praesens
2204 1593 2308 1668 mise-

503 1693 613 1844 mi
677 1715 827 1788 randum
852 1716 890 1786 in
912 1715 1054 1788 modum
1073 1717 1224 1788 vexabat
1249 1716 1376 1802 hostiS,
1410 1723 1446 1788 ut
1472 1716 1627 1799 adesset,
1648 1713 1773 1787 eodem
1790 1714 1895 1810 plane
1926 1714 2096 1809 temporis
2114 1725 2306 1802 momente,

679 1864 748 1934 quo
762 1863 868 1936 super
885 1863 927 1912 eo
941 1841 1084 1936 negotio
1103 1864 1204 1913 suum
1222 1839 1425 1914 consuleret
1442 1845 1626 1924 rectorem,
1648 1839 1760 1911 sensit
1792 1861 1895 1911 orcus
1918 1863 1925 1910 :
1956 1841 2112 1912 atrocius
2125 1841 2219 1915 inter
2231 1842 2311 1915 haec

677 1963 852 2035 insessum
882 1983 1025 2048 vexare,
1058 1963 1224 2058 rugiens:
1249 1993 1265 2024 κ
1295 1965 1371 2060 Jam
1402 1962 1635 2044 sacerdotem,
1662 1959 1801 2032 lirrvum
1830 1959 1930 2032 illum
1965 1984 2009 2034 ex
2035 1970 2152 2036 atrata
2178 1966 2312 2060 Ignatii

682 2115 698 2148 κ
719 2087 861 2159 familia
876 2086 1081 2174 vulturium,
1110 2089 1163 2161 ire
1181 2089 1404 2161 exturbatum
1432 2109 1471 2160 se
1490 2109 1555 2158 suo
1581 2083 1759 2157 domicilio
1778 2110 1784 2157 :
1800 2084 1877 2180 jam
1895 2085 1939 2158 de
1958 2109 2022 2158 suo
2045 2087 2198 2183 hospitio
2215 2089 2312 2164 hunc

682 2243 700 2274 ι
720 2211 812 2285 inter
830 2219 866 2285 et
896 2219 1088 2307 presterem
1120 2235 1222 2284 suum
1253 2212 1411 2306 maligna
1437 2233 1516 2282 esse
1546 2209 1716 2282 consilia:
1749 2210 1802 2280 uri
1814 2211 1890 2305 jam
1910 2213 2048 2300 sejam,
2081 2236 2161 2307 quae
2191 2237 2313 2288 secum

507 2360 655 2420 Damania
684 2367 700 2400 s
720 2337 829 2410 ferret
851 2336 1030 2423 sacerdos,
1052 2345 1087 2409 et
1117 2337 1218 2431 aquis
1248 2335 1319 2407 illis
1345 2342 1381 2408 et
1410 2333 1609 2407 simulacris
1635 2341 1671 2405 et
1695 2332 1807 2406 libris.
1831 2334 2141 2409 circumstantium
2167 2339 2314 2413 interim

505 2453 564 2572 {a}
577 2433 658 2571 ff
684 2493 700 2524 κ
722 2463 857 2536 sciebat
873 2484 990 2547 nemo,
1007 2463 1125 2534 vocarl
1143 2462 1297 2557 aliquem
1310 2485 1330 2534 e
1345 2459 1515 2555 Collegic.
1541 2493 1558 2526 e
1577 2458 1713 2532 Deinde
1730 2460 1777 2532 ad
1796 2468 2022 2556 conspectum
2048 2463 2209 2558 Georgii,
2230 2488 2314 2538 con-

508 2594 626 2652 crudo.
680 2587 814 2662 territis
832 2585 1033 2684 spectaculo
1050 2587 1226 2670 cruciatus
1253 2593 1288 2658 et
1303 2585 1424 2679 rugitu
1441 2581 1587 2656 immani
1613 2591 1776 2656 vexatum
1802 2583 1983 2678 relinquit.
2012 2585 2148 2660 Amans
2175 2611 2317 2684 quoque

681 2713 795 2787 cultor
811 2713 878 2785 fuit
896 2711 1075 2808 Georgius
1088 2713 1192 2785 Beati
1210 2710 1381 2784 Stanislai
1395 2710 1559 2782 Kostka:
1580 2707 1770 2804 diligenter
1782 2710 1889 2806 hujus
1903 2711 2113 2805 dignitatem
2130 2721 2166 2786 et
2179 2715 2312 2788 cultum

682 2837 826 2935 populo,
858 2838 1039 2934 juventuti
1073 2837 1224 2920 maxime
1259 2835 1494 2920 scholasticae,
1528 2831 1821 2920 commendabat;
1856 2836 1969 2909 eidem
1999 2836 2240 2933 Brunsbergae
2274 2839 2314 2911 in

508 2991 655 3053 eulmnB.
682 2964 813 3058 templo
823 2963 1015 3036 domestico
1026 2961 1432 3058 aramoperemagnifico
1443 2962 1648 3058 erigendam
1658 2965 1806 3037 curavit.
1821 2965 1940 3038 Obivit
1951 2988 2097 3039 munera
2110 2969 2312 3064 praecipue:

508 3071 654 3228 {imo
681 3088 939 3162 concionatoris
961 3089 1064 3162 annis
1086 3089 1169 3175 XV,
1193 3087 1407 3161 missionarii
1416 3087 1607 3161 castrensis
1624 3111 1708 3160 unc.
1731 3088 1830 3160 Vixit
1843 3089 1903 3176 51,
1925 3091 1964 3162 in
1978 3091 2155 3165 Societate
2168 3115 2227 3165 an.
2246 3095 2313 3168 37.

575 3234 609 3290 aa
731 3212 944 3286 Societatem
965 3235 1078 3299 suam,
1100 3235 1204 3308 quam
1234 3211 1412 3308 generalis
1438 3211 1609 3306 magister
1637 3235 1747 3284 annos
1773 3210 1847 3286 fere
1872 3213 2021 3309 triginta
2049 3216 2154 3303 rexit,
2174 3217 2315 3292 Mutius

506 3314 647 3452 {ffii'
683 3336 904 3422 Vitellescus,
922 3336 1133 3433 praepositus
1147 3361 1170 3408 a
1183 3338 1286 3410 beato
1306 3336 1448 3432 lgnatio
1466 3343 1600 3420 sextus,
1630 3311 1831 3430 supremum
1848 3337 1969 3410 valere
1979 3339 2100 3433 jussit,
2130 3339 2258 3414 Romae
2274 3342 2313 3414 V

510 3475 609 3531 obiam.
683 3463 763 3534 idus
795 3461 1007 3547 februarias,
1029 3485 1123 3536 anne
1151 3462 1268 3534 aetatis
1287 3461 1442 3534 secundo
1474 3483 1582 3556 supra
1614 3462 1883 3556 octogesimum.
1917 3463 2057 3536 Laudes
2088 3464 2162 3536 cari
2190 3465 2316 3540 Patris

671 3585 841 3664 ¹Andreas
854 3587 1066 3660 Victorellus
1080 3587 1174 3682 apud
1193 3587 1349 3660 Leonem
1362 3583 1533 3658 Allatium
1550 3584 1587 3656 in
1617 3590 1754 3676 Apibus
1788 3589 1950 3673 Urbcais,
1971 3586 2153 3660 Pontificis
2171 3589 2240 3662 hoc
2253 3613 2319 3662 no·

680 3711 775 3784 mine
798 3713 927 3796 octavi
955 3713 1023 3785 hcc
1048 3709 1165 3808 elogio
1192 3710 1335 3806 collegit
1364 3711 1583 3806 praeoipuas:
1612 3738 1628 3770 κ
1650 3711 1693 3782 ln
1721 3711 1789 3783 hoc
1819 3710 2047 3805 placidissimi
2075 3714 2215 3808 ingenii
2236 3715 2316 3788 viro

685 3867 702 3899 α
723 3861 839 3912 mores
858 3837 1040 3923 candidos,
1069 3838 1177 3910 vitam
1206 3836 1432 3910 laudabiliter
1450 3843 1578 3922 actam,
1609 3835 1878 3920 humanitatem,
1899 3837 2079 3932 pietatem,
2101 3837 2315 3926 doctan,

686 3995 702 4026 u
724 3963 974 4057 eloquentiam,
990 3963 1125 4036 variam
1151 3963 1343 4035 multarum
1360 3985 1478 4034 rerum
1505 3961 1757 4058 cognitionem,
1789 3966 1825 4034 et
1850 3962 1888 4034 in
1913 3961 2019 4036 rebus
2036 3965 2187 4059 agendis
2205 3963 2319 4038 soler-

685 4117 702 4148 «
723 4089 809 4160 tiam
828 4109 1012 4182 agnoscas.
1041 4086 1081 4160 Si
1099 4088 1136 4159 in
1161 4087 1301 4182 templis
1320 4085 1442 4158 divina
1459 4086 1628 4181 mysteria
1655 4093 1892 4179 perorantem,
1921 4087 2151 4183 hominesque
2169 4111 2191 4160 a
2215 4087 2317 4162 vitiis

687 4243 703 4274 u
724 4216 949 4287 revocantem
978 4217 1013 4285 et
1042 4212 1089 4284 ad
1109 4235 1238 4304 rerum
1253 4209 1447 4284 coelestium
1465 4232 1622 4282 amorem
1642 4208 1932 4294 inflammantem,
1954 4210 2130 4296 audieris;
2158 4209 2318 4284 alterum

687 4367 704 4400 κ
726 4337 824 4434 quasi
837 4337 1065 4434 cyprianum,
1081 4343 1142 4410 aut
1156 4335 1389 4420 Bernardum,
1411 4339 1473 4406 aut
1491 4334 1782 4429 chrysostomum
1796 4340 1832 4406 te
1849 4333 1987 4421 audire,
2004 4335 2318 4429 praestantissimae

511 4449 652 4586 ξῑίἰζξθὲξ
688 4489 704 4521 κ
726 4459 912 4534 Societatis
932 4460 1016 4555 jure
1040 4459 1282 4554 praepositum,
1311 4458 1541 4534 existimabis.
1579 4495 1595 4528 e
1617 4458 1672 4532 Ad
1699 4459 1903 4554 eligendum
1928 4459 2098 4533 Societati
2124 4461 2318 4560 praesidem

512 4627 597 4668 mem.
685 4585 784 4658 missi
802 4585 954 4658 Romam
972 4607 1017 4658 ex
1031 4583 1198 4656 Litnauia
1213 4583 1383 4657 Nicolaus
1402 4585 1586 4658 Lancicius
1599 4591 1636 4658 et
1649 4585 1862 4658 Benedictus
1886 4587 1930 4659 de
1944 4585 2052 4673 Soxo,
2075 4611 2154 4660 cum
2172 4588 2194 4660 J
2197 4609 2320 4663 oanne

686 4709 902 4784 Gruaevskio
931 4708 1084 4804 praeside
1113 4731 1188 4782 suae
1218 4709 1422 4804 provinciae.
1456 4709 1576 4781 Pinsci
1600 4729 1722 4780 mense
1747 4708 1887 4803 quintili
1911 4709 2034 4782 habita
2063 4713 2316 4808 congregatio.

513 4857 633 4918 aarum
686 4831 841 4906 Nesvisii
859 4831 964 4904 Mons
990 4831 1185 4926 angelicus,
1214 4832 1328 4905 Beato
1347 4830 1523 4904 ›Michaeli
1550 4854 1663 4916 sacer,
1693 4853 1786 4904 anno
1820 4833 1926 4918 1644,
1946 4857 2011 4930 pro
2040 4857 2166 4908 novem
2192 4835 2319 4911 choris

513 4939 662 5074 3*ss
685 4956 893 5054 angelorum
917 4957 1125 5030 constructis
1139 4981 1264 5032 novem
1278 4957 1418 5030 sacellis
1432 4957 1681 5042 circumdatus,
1693 4958 1784 5030 mira
1795 4981 1919 5052 nuper,
1931 4958 2068 5031 coelesti
2081 4959 2176 5032 haud
2190 4959 2317 5048 dubie,

514 5097 660 5190 alliena·
685 5086 765 5158 luce
778 5083 909 5157 arsisse
922 5083 1019 5156 visus
1037 5109 1044 5154 :
1061 5083 1097 5154 id
1115 5084 1209 5178 quod
1222 5084 1316 5154 cives
1331 5081 1479 5178 aliquot,
1496 5081 1565 5155 fide
1583 5089 1665 5155 ante
1680 5081 1767 5154 alios
1786 5081 1899 5176 digni,
1910 5082 2024 5176 jurati
2040 5083 2315 5160 confirmarunt.

513 5176 558 5231 ¹¹⁸·
687 5217 689 5223 '
737 5208 806 5280 Per
825 5205 1136 5303 congregationem
1170 5207 1374 5304 generalem
1403 5213 1564 5280 octavam
1581 5206 1651 5279 Vll
1680 5206 1759 5280 idus
1786 5206 1970 5302 januarias
1994 5207 2079 5280 anni
2101 5207 2194 5282 1646
2215 5208 2314 5282 invi-
