4948 6672
866 822 1101 890 urrnuurcrs.
1732 837 1796 907 453

228 1019 344 1095 Simili
359 1018 570 1107 constantia,
591 1018 653 1094 sed
677 1019 790 1115 magis
812 1029 946 1118 aperte,
983 1021 1133 1098 Sanctus
1161 1021 1370 1098 Ambrosius
1393 1025 1548 1102 Iustina
1578 1031 1795 1132 Imperatrici

176 1138 370 1212 arianismo
397 1137 536 1208 infectae
563 1135 677 1208 noluit
702 1135 894 1210 concedere
917 1134 1226 1230 basilicam,quam
1252 1135 1296 1208 ab
1323 1160 1364 1210 eo
1394 1161 1457 1231 pro
1487 1139 1700 1219 Arianorum
1728 1172 1795 1222 usu

177 1249 340 1346 petebat:
370 1254 511 1321 etcum
542 1269 617 1320 eam
652 1247 825 1319 violenter
853 1245 1044 1344 Gratianus
1075 1248 1271 1342 Imperator
1304 1248 1491 1323 Ambrosio
1526 1253 1633 1328 etiam
1663 1258 1796 1332 nolenti

178 1360 380 1458 eripuisset,
410 1365 529 1430 tamen
557 1355 699 1429 Arianis
733 1379 812 1430 eam
840 1379 910 1430 non
941 1355 1099 1444 dederat,
1119 1358 1284 1431 nimirum
1308 1367 1348 1432 ut
1364 1360 1550 1437 Ambrosio
1579 1367 1794 1453 restitueret,
1838 1346 1841 1352 ¹
1905 1379 1907 1385 ’

177 1470 472 1572 quemadmodum
521 1469 643 1540 scribit
673 1469 846 1542 Beronius
875 1468 922 1540 ad
954 1491 1086 1541 annum
1113 1467 1241 1542 Christi
1269 1470 1355 1556 380,
1387 1482 1425 1544 ιιο
1467 1475 1503 1546 7.
1534 1475 1671 1552 Deinde
1716 1502 1795 1552 cum

175 1609 273 1660 anno
309 1582 437 1657 Christi
462 1583 536 1656 386
562 1582 710 1654 eandem
743 1587 910 1676 negatam
934 1589 1122 1655 conaretur
1147 1582 1284 1676 eripere
1310 1584 1360 1673 (ut
1377 1585 1497 1658 scribit
1525 1585 1733 1663 Ambrosius
1749 1592 1795 1664 ab

175 1695 394 1773 Auxentium
422 1691 572 1790 epistola
604 1691 666 1778 32,
695 1699 731 1766 et
758 1692 934 1765 Baronius
960 1691 1007 1764 ad
1035 1691 1134 1765 illum
1163 1691 1319 1790 annum),
1346 1693 1553 1768 Ambrosius
1581 1701 1710 1794 populo
1739 1725 1816 1778 ca·.

174 1808 310 1884 tholico
336 1805 549 1878 unanimiter
570 1827 688 1877 secum
705 1802 945 1877 consentiente
974 1803 1149 1889 obstabat;
1170 1810 1205 1877 et
1230 1803 1369 1900 quando
1389 1829 1504 1880 comes
1531 1809 1688 1884 militaris
1717 1836 1796 1888 cum

175 1917 350 2014 expeditis
358 1917 500 1990 volebat
516 1915 711 1989 Ecclesiam
724 1916 873 2011 eripere,
891 1937 1011 1988 omnes
1028 1915 1192 1988 catholici
1206 1915 1408 1988 obtulerunt
1419 1939 1457 1990 se
1470 1918 1547 1991 neci
1560 1943 1624 2014 pro
1637 1921 1792 1997 Christo.

175 2030 341 2104 Tandem
374 2049 467 2100 anno
493 2026 621 2100 Christi
642 2027 728 2112 338,
764 2050 843 2100 cum
867 2025 1043 2110 catholici,
1070 2035 1213 2102 auctore
1236 2029 1399 2123 episcopo
1423 2029 1587 2124 quodam,
1594 2032 1796 2127 judaeorum

175 2146 454 2239 synagogam,et
475 2139 656 2210 monachis
678 2138 908 2212 incitantibus
926 2137 1256 2212 Valentinianorum
1276 2139 1525 2214 haereticorum
1557 2143 1738 2238 templum,
1759 2145 1795 2218 in

178 2281 251 2353 quo
276 2255 424 2350 triginta
453 2253 503 2324 dii
539 2252 759 2336 colebantur,
779 2251 996 2325 exussissent
1005 2251 1041 2322 in
1059 2249 1186 2346 oppido
1201 2249 1374 2336 Callinici,
1394 2259 1431 2324 et
1446 2253 1667 2328 Theodosius
1686 2257 1797 2352 Impe·

176 2377 277 2443 rator
292 2366 403 2439 iratus
424 2363 605 2449 edixisset,
625 2371 716 2436 utet
743 2385 964 2460 synagogam
976 2361 1107 2457 judaeis
1126 2369 1162 2437 et
1186 2361 1307 2434 fanum
1332 2361 1591 2436 Valentinianis
1619 2365 1795 2440 instaura-

175 2488 274 2565 rent,
293 2477 499 2552 Ambrosius
516 2475 628 2550 literis
647 2475 881 2550 Orientalium
897 2474 1109 2559 admonitus,
1128 2479 1226 2546 tanta
1245 2471 1408 2546 libertate
1420 2474 1512 2568 apud
1545 2474 1796 2570 Imperatorem

157 2589 331 2688 'egitpro
344 2587 541 2663 revocando
563 2588 717 2672 decreto,
736 2595 776 2660 ut
787 2585 968 2681 scripserit
980 2585 1013 2657 ei
1035 2610 1042 2658 :
1067 2589 1147 2657 Erit
1172 2586 1477 2671 tacusiudaeorum
1495 2591 1663 2675 perfidiae
1684 2593 1799 2676 sactus

174 2709 227 2776 de
239 2704 376 2775 eauciis
392 2704 580 2773 statariae?
592 2709 625 2771 et
637 2702 894 2788 patrimonium
903 2699 996 2787 quod
1005 2701 1132 2785 fauore
1147 2697 1275 2768 Christi
1287 2698 1495 2783 acquisitum
1514 2705 1565 2768 est
1582 2702 1796 2784 christianis,

176 2819 248 2887 hac
273 2819 512 2902 transferetur
528 2815 575 2883 ad
602 2813 754 2882 donaria
768 2813 990 2900 perfidarum
1004 2816 1020 2882 i
1034 2807 1170 2882 Deinde
1187 2806 1224 2877 in
1248 2827 1398 2902 persona
1414 2806 1492 2892 Dei,
1521 2830 1627 2904 quam
1644 2809 1802 2884 Valenti·

175 2925 282 3001 niani
305 2922 524 2998 contumeliis
567 2921 781 3006 afficiebant,
819 2919 871 2994 sic
895 2919 1067 2994 allocutus
1093 2925 1147 2992 est
1174 2917 1211 2990 in
1242 2918 1424 3003 concione,
1463 2919 1629 2994 audiente
1658 2923 1800 3018 populo,

178 3040 434 3132 Imperatorem
452 3060 459 3108 :
476 3040 550 3125 Epa
563 3043 597 3104 te
614 3039 872 3122 Imperatorem
885 3035 967 3118 feci,
982 3053 1044 3123 epa
1066 3032 1128 3101 tibi
1139 3033 1335 3100 accercitum
1352 3031 1490 3100 inimici
1507 3034 1559 3100 tui
1575 3035 1722 3115 tradidi,
1741 3056 1802 3125 epa

176 3147 777 3248 inimicumtuumiutuamredepi
790 3151 1007 3233 potestatem,
1031 3165 1092 3234 epa
1127 3149 1159 3212 te
1182 3143 1405 3229 triumphare
1422 3143 1499 3210 siue
1525 3143 1644 3214 tabere
1665 3147 1750 3231 feci,
1770 3153 1803 3215 et

175 3265 223 3332 tu
239 3263 283 3330 de
305 3281 362 3330 me
385 3260 540 3328 inimicis
564 3261 652 3327 meis
676 3259 787 3327 donas
812 3259 1037 3345 triumphos?
1068 3255 1123 3328 Ita
1139 3249 1311 3326 Paulinus
1329 3250 1366 3322 in
1399 3255 1476 3324 Vita
1493 3250 1530 3326 S.
1557 3251 1747 3341 Ambrosii,
1769 3261 1804 3330 et

175 3369 390 3445 Ambrosius
402 3369 502 3463 epist.
524 3367 585 3441 29.
603 3367 691 3447 Qum
705 3365 809 3461 plane
827 3365 945 3439 omnia
959 3365 1125 3461 applicari
1141 3369 1290 3460 possunt
1306 3362 1473 3457 praesenti
1490 3361 1703 3440 affectationi
1715 3390 1803 3442 non·

175 3481 372 3566 unitorum,
394 3465 576 3553 ecclesiam
593 3477 631 3550 S.
651 3478 793 3572 Sophiae
805 3477 904 3550 unito
927 3476 1188 3571 archiepiscopo
1205 3475 1344 3569 eripere
1359 3473 1564 3549 volentium.
1604 3509 1605 3512 ¹

233 3592 327 3665 Hinc
348 3590 518 3686 sequitur,
534 3612 600 3663 nec
617 3589 854 3685 episcopatum
872 3588 1141 3661 Luceoriensem
1157 3609 1262 3682 posse
1276 3585 1385 3658 adimi
1400 3586 1571 3660 moderno
1589 3587 1751 3684 episcopo
1768 3597 1804 3664 et

173 3703 278 3780 tradi
289 3701 489 3786 non-unito,
505 3709 544 3774 ut
557 3700 781 3796 praetendunt
794 3698 982 3772 non-uniti.
999 3699 1092 3779 Quia
1108 3699 1219 3793 majus
1240 3697 1324 3772 inde
1341 3705 1548 3793 sequeretur
1564 3700 1805 3796 praejudicium

174 3814 367 3898 Ecclesiae,
387 3835 491 3910 quam
510 3837 553 3886 ex
577 3812 766 3885 traditione
799 3810 1058 3886 Premisliensis
1088 3810 1325 3906 episcopatus,
1354 3833 1425 3884 non
1454 3809 1524 3884 nisi
1557 3817 1806 3906 postmortem

173 3927 344 4004 moderni
360 3924 619 4000 Premisliensis
629 3924 784 4018 episcopi
808 3922 897 3996 uniti
910 3920 1186 4017 exequenda.Et
1198 3922 1366 3997 moderno
1389 3921 1616 3996 Luceoriensi
1644 3922 1806 4019 episcopo

174 4038 283 4116 unito
309 4037 421 4133 major
433 4037 562 4134 injuria
575 4037 689 4121 fieret,
711 4037 742 4110 si
759 4036 900 4132 quidem
915 4036 953 4108 id
979 4035 1012 4110 ei
1030 4035 1255 4121 adimeretur,
1275 4034 1368 4129 quod
1379 4034 1462 4130 June
1475 4033 1580 4129 pleno
1595 4039 1630 4108 et
1645 4033 1806 4130 legitimo

172 4149 371 4245 acquisivit
384 4156 420 4223 et
435 4156 516 4222 actu
533 4148 700 4243 possidet.

235 4262 322 4335 Cum
356 4283 442 4356 ergo
471 4281 579 4355 supra
608 4260 646 4332 in
674 4263 852 4355 responsis
869 4262 916 4336 ad
933 4262 1126 4337 secundum
1151 4266 1338 4362 quaesitum
1351 4263 1581 4348 ostenderim,
1608 4286 1679 4338 non
1703 4287 1809 4360 posse

172 4373 277 4450 tradi
292 4372 490 4446 non-unitis
509 4372 747 4500 episcopatum
769 4374 1056 4450 Premisliensem
1073 4377 1176 4451 etiam
1205 4377 1240 4474 (1)
1266 4383 1347 4473 post
1377 4383 1525 4450 mortem
1542 4375 1702 4448 moderni
1720 4376 1809 4450 uniti

173 4483 464 4569 Premisliensis,
479 4483 588 4556 multo
553 4485 727 4557 tminus
756 4494 817 4579 pot
818 4493 873 4558 est
858 4487 997 4560 ttradi
1024 4487 1273 4562 Luceoriensis
1307 4488 1452 4562 vivente
1483 4486 1675 4560 adbuct
1639 4494 1675 4562 et
1708 4511 1809 4562 suum

172 4597 366 4696 episcopat
367 4619 426 4668 um
438 4595 618 4689 possident
620 4619 639 4669 e
603 4594 823 4668 tmoderno
842 4595 919 4695 [ant
919 4595 1027 4697 istite]
1041 4599 1154 4672 unito.

235 4707 453 4780 Confirmant
438 4715 496 4779 tur
518 4707 595 4780 baec
621 4708 739 4781 omnia
768 4731 938 4804 responsa
962 4709 1000 4782 in
1028 4733 1173 4806 genere,
1205 4717 1244 4784 ut
1282 4711 1419 4807 opinor,
1450 4707 1680 4784 validissime.
1721 4709 1812 4790 Quia

172 4832 216 4902 et
238 4819 432 4894 aSummis
449 4819 741 4893 Pontificibust
705 4827 741 4894 et
751 4842 774 4892 a
793 4821 962 4948 Regibus
985 4823 1151 4906 Poloniae
1176 4821 1392 4919 Magnisque
1420 4822 1579 4896 Ducibus
1610 4821 1811 4896 Lithuaniee

171 4945 217 5013 et
232 4929 379 5007 Russiae
392 4929 475 5004 data
491 4937 527 5004 e
511 4930 749 5006 tconiirmata
765 4942 848 5006 sunt
862 4934 1019 5006 nominat
1020 4935 1069 5006 im
1005 4933 1171 5008 tsolis
1189 4935 1354 5008 Romano
1381 4933 1550 5008 Pontifici
1567 4933 1812 5010 obedientibus

169 5047 364 5129 Ruthenis
396 5045 504 5118 unitis
542 5047 661 5120 omnia
684 5069 807 5121 eorum
822 5047 907 5141 jura
924 5053 959 5120 et
975 5047 1173 5143 privilegia.
1207 5047 1276 5129 Qui
1300 5068 1386 5143 ergo
1413 5069 1457 5122 ex
1485 5044 1557 5120 illis
1587 5045 1721 5142 aliquid
1750 5067 1814 5122 au·
1888 5145 1905 5174 ο

223 5249 270 5330 (1)
285 5249 318 5310 Iu
332 5247 392 5310 ue.
405 5253 537 5326 primm.
575 5246 578 5254 ’
