4936 6658
696 751 759 820 354
1085 745 1365 820 ulruaumanuu
1386 747 1601 815 sectarius
1620 750 1708 816 lESU
1730 746 1983 815 fflsuoatanun

701 973 718 1008 κ
740 945 884 1033 unione,
903 941 1143 1018 submittimus
1158 945 1194 1016 et
1211 938 1425 1038 obligamus,
1447 962 1639 1038 omnesque
1658 938 1697 1014 in
1725 939 1801 1014 hoc
1815 938 1995 1037 proposito
2021 937 2265 1036 conspiremus
2291 945 2330 1016 ct

701 1098 718 1136 a
738 1070 975 1166 conjuramus.
996 1067 1110 1142 Nemo
1127 1073 1289 1140 nostrum
1303 1088 1514 1162 quemquam
1531 1066 1569 1140 in
1586 1065 1797 1161 gravissimo
1815 1086 1901 1138 casu
1919 1063 2072 1151 deseret,
2088 1062 2198 1138 multo
2211 1063 2329 1138 miuus

699 1222 716 1256 c
736 1193 774 1267 in
801 1192 891 1268 alias
920 1197 1039 1288 partes
1068 1189 1249 1276 transibit,
1281 1187 1464 1279 factiones,
1488 1192 1648 1278 dissidia,
1680 1189 1961 1287 segregationes,
1994 1197 2056 1264 aut
2078 1196 2224 1276 ,secreta
2248 1214 2329 1264 cum

700 1349 718 1383 α
737 1318 839 1394 hoste
857 1316 1033 1413 colloquia
1058 1317 1218 1391 miscebit
1235 1340 1243 1388 ε
1260 1339 1364 1390 nemo
1382 1318 1532 1414 asignis
1558 1317 1728 1402 discedet,
1758 1322 1821 1389 aut
1850 1315 2050 1414 perniciosa
2074 1316 2184 1393 nexui
2200 1323 2326 1392 nostro

700 1474 717 1508 c
737 1445 919 1531 molietur;
948 1443 1012 1518 scd
1035 1467 1170 1530 omnes,
1197 1442 1305 1518 unitis
1332 1446 1472 1524 animis,
1494 1447 1671 1521 constanti
1696 1444 1878 1518 voluntate
1914 1452 1950 1518 et
1968 1469 2091 1540 opera,
2120 1469 2327 1520 succurrere

700 1571 915 1644 «laboranti
947 1569 1073 1667 patriae
1122 1574 1347 1643 sacrosancte
1381 1567 1600 1666 pollicemur.
1637 1568 1685 1642 Et
1724 1569 1890 1664 quoniam
1920 1592 1962 1643 eo
1994 1569 2200 1668 reipublicae
2231 1577 2326 1644 statu

701 1730 718 1764 κ
739 1700 855 1776 adhuc
885 1699 968 1772 dum
997 1697 1159 1773 nonnulli
1186 1722 1230 1772 ex
1256 1695 1381 1792 incolis
1409 1693 1513 1789 regui
1542 1693 1622 1788 regi
1647 1693 1840 1768 Succorum
1861 1689 2059 1780 adhaerent,
2079 1699 2143 1767 aut
2168 1691 2325 1766 consiliis

700 1849 817 1902 ascse
851 1824 1066 1911 immiscent;
1096 1823 1257 1897 omnibus
1286 1823 1337 1895 eis
1363 1822 1581 1907 concivibus,
1603 1827 1639 1894 et
1669 1820 1828 1917 ejusdem
1861 1820 2043 1894 nobiscum
2073 1821 2197 1894 matris
2225 1819 2323 1906 filiis,

700 1978 718 2013 κ
737 1971 894 2022 amorem
925 1944 1121 2020 fraternum
1151 1945 1429 2044 appromittimus
1451 1945 1511 2018 :si
1543 1922 1662 2028 modo,
1695 1941 2006 2016 confoederationis
2023 1943 2129 2038 hujus
2156 1943 2324 2016 certiores

701 2102 718 2136 c
739 2072 824 2147 facti
858 2077 940 2144 ante
990 2092 1095 2166 quam
1132 2071 1179 2142 ad
1221 2069 1352 2143 bellum
1369 2066 1372 2070 ’
1389 2067 1630 2166 perveniatur,
1668 2066 1885 2162 colligationi
1919 2090 1982 2141 seu
2026 2067 2131 2142 nexui
2159 2067 2243 2141 huic
2286 2089 2323 2141 se

701 2226 718 2260 c
739 2197 949 2294 adjungant,
979 2201 1014 2268 et
1038 2194 1221 2268 nobiscum
1239 2193 1346 2267 simul
1370 2194 1440 2266 hoc
1471 2191 1652 2268 addictum
1678 2192 1800 2265 divino
1824 2192 1936 2266 cultui
1964 2215 2114 2288 regnum
2130 2198 2167 2266 et
2190 2191 2324 2288 patrias

702 2354 718 2387 c
738 2324 921 2398 libertates
951 2326 1119 2394 tueantur
1141 2345 1149 2392 :
1170 2320 1231 2415 qni
1259 2341 1345 2394 vero
1371 2326 1596 2392 contumaces
1625 2318 1823 2407 renuerint,
1857 2318 1952 2391 bona
1980 2339 2102 2391 eorum
2128 2317 2258 2397 dueum
2289 2323 2324 2392 et

698 2446 1055 2523 «commissariorum
1078 2444 1213 2541 judicio
1245 2445 1427 2519 subsunto.
1454 2445 1605 2539 Insuper
1635 2444 1807 2522 omnibus
1819 2443 1903 2539 jure
1927 2443 2043 2528 victis,
2062 2443 2199 2516 honore
2224 2441 2323 2516 dimi·

699 2608 716 2642 κ
736 2579 845 2664 nutis,
878 2586 914 2652 et
944 2579 1182 2674 cujuscunque
1212 2585 1339 2665 status,
1359 2579 1481 2660 ¹etiam
1515 2577 1665 2675 plebejae
1694 2579 1906 2653 conditionis
1941 2579 2156 2667 hominibus,
2189 2580 2260 2654 imo
2289 2586 2324 2654 et

698 2733 716 2765 a
737 2705 924 2790 extraneis,
953 2728 1026 2779 non
1065 2711 1203 2778 tantum
1237 2703 1378 2778 virtutis
1418 2702 1640 2777 declarandae
1683 2705 1903 2778 occasionem
1939 2705 2172 2790 inculcamus,
2201 2705 2264 2781 sed
2289 2711 2323 2780 et

700 2857 717 2892 u
737 2828 879 2903 modum
908 2830 954 2903 ad
984 2830 1260 2926 praerogativam
1282 2836 1317 2905 et
1339 2829 1402 2924 jus
1431 2827 1628 2902 nobilitatis
1654 2827 1836 2924 aspirandi
1858 2827 2060 2917 offerimus;
2081 2829 2139 2926 qui
2161 2828 2200 2902 in
2226 2852 2323 2925 prae-

701 2959 838 3033 «senti
865 2959 1070 3054 reipublicae
1113 2958 1281 3053 obsequio
1310 2980 1374 3056 pro
1401 2956 1497 3032 virili
1525 2979 1601 3032 rem
1628 2957 1801 3053 praeclaro
1817 2957 1994 3054 gesserint
2025 2959 2061 3032 in
2086 2981 2182 3034 nexu
2198 2965 2321 3035 nostro

702 3111 719 3146 u
740 3091 988 3181 permanentes
1006 3090 1091 3168 etc,
1105 3089 1171 3158 eto.
1193 3119 1210 3150 n

746 3207 805 3280 Ad
821 3207 949 3282 lamam
977 3208 1083 3304 hujus
1105 3207 1251 3282 foederis
1281 3206 1453 3280 revocatis
1485 3203 1611 3279 Poloni
1640 3183 1780 3291 animis,
1799 3206 1917 3281 redire
1948 3206 1995 3282 ad
2022 3207 2151 3283 civium
2180 3215 2318 3282 eastra:

700 3333 824 3410 eodem
841 3333 924 3406 hinc
952 3331 1048 3405 illinc
1065 3330 1141 3418 alii,
1162 3329 1266 3406 otiosi
1283 3331 1398 3406 adhuc
1414 3355 1560 3406 suarum
1577 3332 1817 3407 calamitatum
1847 3341 2076 3430 spectatores,
2098 3335 2226 3409 armati
2244 3358 2324 3410 con·

700 3482 868 3534 currere:
891 3459 1079 3532 exturbare
1106 3480 1150 3532 ex
1181 3456 1318 3554 oppidis
1339 3459 1413 3532 suis
1440 3458 1593 3545 hostem,
1621 3467 1657 3533 et
1682 3481 1751 3554 qua
1776 3465 1879 3556 parte
1900 3459 2014 3536 facilis
2031 3461 2135 3550 soret,
2164 3484 2320 3560 carpere.

701 3584 841 3658 Excivit
875 3583 912 3655 id
933 3582 1107 3657 loannem
1137 3581 1369 3668 Casimirum;
1404 3605 1517 3679 neque
1540 3583 1696 3658 consiliis
1715 3583 1984 3670 Germanorum,
2005 3584 2078 3658 alia
2103 3586 2325 3662 suadentium

558 3738 647 3810 [1556]
700 3731 765 3805 pro
783 3730 849 3783 sua
877 3706 1033 3782 amicitia
1062 3713 1098 3780 et
1127 3705 1210 3794 fide,
1231 3705 1404 3779 contineri
1434 3707 1560 3803 potuit,
1582 3709 1667 3802 quin
1696 3709 1870 3782 revolaret
1891 3708 1938 3783 ad
1964 3733 2058 3798 suos,
2079 3711 2272 3808 eademque
2287 3733 2326 3786 se

525 3822 675 3962 ffldffi·
699 3833 845 3909 inferret
858 3833 895 3906 in
909 3831 1064 3928 pericula
1078 3831 1149 3931 (an.
1170 3830 1285 3928 1656).
1302 3830 1485 3906 Reducem
1497 3839 1580 3907 ante
1593 3831 1683 3907 alias
1696 3832 1857 3907 Poloniae
1870 3835 2029 3910 civitates
2042 3838 2177 3933 accepit
2190 3838 2326 3934 Leopo·

524 3999 585 4039 snos
701 3958 767 4045 lis;
786 3959 846 4033 hio
862 3958 1026 4056 princeps
1044 3959 1080 4032 in
1097 3955 1241 4053 templo,
1258 3964 1428 4054 operante
1445 3957 1556 4030 sacris
1575 3958 1698 4030 nuntio
1716 3958 1908 4056 apostolico
1925 3961 2034 4036 Petro
2052 3961 2205 4050 Vidono,
2232 3963 2325 4037 Lau·

525 4065 650 4198 ξξξῃοι
704 4082 805 4160 densi
823 4086 1000 4182 episcopo,
1016 4091 1099 4158 ante
1115 4105 1215 4158 aram
1233 4083 1394 4179 supplex,
1415 4103 1546 4178 magna
1563 4083 1694 4178 pietate
1708 4106 1746 4158 se
1760 4105 1912 4180 suosque
1926 4085 2021 4164 cives
2035 4087 2179 4186 Virgini
2202 4089 2326 4168 enta

702 4208 937 4296 commendat,
958 4209 1119 4304 votisque
1136 4231 1175 4282 se
1193 4206 1383 4304 obstringit
1398 4232 1442 4283 ex
1458 4207 1633 4283 formula:
1703 4239 1705 4242 ·
2232 4201 2237 4209 ’

531 4323 680 4460 {gallim
754 4362 771 4395 e
791 4334 928 4430 Magna
944 4333 1011 4406 Dei
1028 4331 1181 4406 hominis
1200 4331 1318 4407 Mater
1335 4339 1371 4407 et
1386 4333 1521 4430 Virgo:
1542 4356 1610 4431 ego
1627 4333 1649 4409 J
1652 4357 1784 4410 oannes
1798 4334 2003 4425 Casimirus,
2023 4338 2077 4411 tui
2093 4337 2190 4427 Filii,
2210 4339 2325 4437 Regio

531 4487 653 4556 smmpto
706 4488 723 4521 a
746 4481 885 4554 regum,
905 4481 948 4531 ac
969 4457 1111 4531 Domini
1124 4457 1205 4544 mei,
1226 4464 1356 4555 tuaque
1372 4458 1600 4534 miseratione
1616 4483 1693 4547 rex,
1709 4461 1938 4536 sanctissimis
1955 4462 2105 4557 pedibus
2121 4465 2194 4540 tuis
2218 4465 2326 4540 aduo-

529 4583 661 4703 pppmen-
705 4580 850 4667 «lutus,
869 4580 961 4655 tein
990 4588 1177 4692 patronam
1205 4602 1333 4666 meam,
1361 4605 1587 4680 meorumque
1616 4584 1849 4660 dominiorum
1874 4585 2034 4682 reginam
2049 4586 2157 4666 hodie
2183 4589 2323 4688 deligo;
2446 4595 2447 4600 ’

579 4686 586 4701 ’
703 4733 720 4768 κ
740 4712 845 4799 atque
867 4727 923 4778 me
940 4727 1126 4801 meumque
1147 4729 1297 4802 regnum
1314 4706 1556 4796 Poloniarum,
1577 4709 1725 4785 ducatus
1756 4709 1947 4798 Lituanise,
1967 4711 2124 4800 Russiae,
2149 4715 2322 4803 Prusslas,

610 4865 614 4874 ·
704 4857 721 4892 c
741 4827 927 4915 Masoviae,
949 4828 1168 4926 Samogitiae,
1201 4831 1376 4917 Livoniae,
1412 4834 1691 4910 Czcrnichoviae:
1725 4835 1900 4910 exercitus
1930 4836 2114 4934 utriusque
2147 4837 2261 4934 gentis
2291 4845 2328 4914 et

701 4982 718 5014 κ
739 4953 887 5049 populos
916 4949 1100 5030 universos
1129 4962 1202 5030 tuae
1231 4957 1404 5053 singulari
1433 4960 1554 5035 tutelae
1571 4969 1677 5057 atquo
1703 4960 1898 5056 patrocinio
1924 4962 2197 5038 recommendo:
2225 4969 2327 5037 tuam
2446 5009 2447 5094 p

702 5107 719 5143 a
741 5101 843 5176 opem
868 5079 905 5154 in
924 5079 992 5153 hoc
1021 5080 1227 5156 calamitoso
1259 5084 1473 5181 ancipitique
1498 5085 1602 5182 regni
1618 5087 1687 5161 mei
1703 5093 1798 5162 statu
1815 5093 1939 5162 contra
1953 5086 2075 5164 hostes
2094 5095 2223 5163 sanctae
2248 5088 2328 5163 Ro·

701 5227 855 5282 «manae
873 5204 1043 5282 Ecclesia
1061 5204 1208 5303 supplex
1232 5206 1391 5306 imploro.
1414 5209 1461 5286 ut
1486 5211 1569 5308 quia
1586 5213 1749 5289 maximis
1767 5211 1949 5290 beneficiis
1966 5215 2037 5289 tuis
2064 5213 2240 5312 obligatus
2248 5213 2324 5288 im·
2385 5299 2389 5309 ,
2446 5234 2447 5324 J

2414 5501 2420 5512 '
2446 5503 2447 5584 l

1904 5626 1909 5636 '

1553 6176 1555 6188 ι
1722 6171 1728 6184 ¹
