4948 6654
694 811 801 872 LIBER
825 813 981 874 TERTIUS
1003 809 1217 893 (reto-1590).
1735 815 1794 880 159

29 999 30 1032 ³
170 1043 290 1096 cerum
309 1019 479 1118 Collegio,
496 1045 646 1118 eumque
659 1023 877 1097 haereticum.
891 1024 1027 1098 Horum
1050 1024 1190 1097 decreto
1214 1021 1297 1118 quia
1314 1029 1526 1117 cogerentur
1543 1030 1666 1118 erepta
1680 1023 1794 1098 Sociis
1827 1028 1893 1083 1589

168 1147 371 1232 restituere,
404 1147 571 1242 scitisque
609 1147 781 1243 Stephani
824 1149 933 1244 regiis
968 1149 1112 1243 obsequi
1142 1146 1333 1242 Rigenses
1363 1146 1459 1218 aliud
1490 1146 1540 1218 illi
1573 1147 1799 1242 postulabant

169 1269 285 1342 forum
303 1278 340 1343 et
353 1271 494 1367 judices
513 1271 624 1358 alios;
645 1295 732 1367 quos
747 1272 882 1345 scilicet
898 1277 1129 1368 prensassent
1145 1271 1222 1365 jam
1239 1270 1307 1364 ipsi
1325 1277 1431 1365 atque
1448 1271 1698 1365 corrupissent.
1720 1273 1800 1345 Ibat

29 1363 49 1436 ³·
169 1393 419 1469 haereticorum
450 1399 646 1484 conatibus,
667 1422 876 1494 quacunque
909 1405 1010 1492 parte
1038 1395 1174 1470 occurri
1199 1401 1332 1491 posset,
1348 1395 1547 1491 Campanus
1576 1397 1734 1484 obviam;
1763 1398 1800 1469 id
1912 1398 1918 1406 ’

29 1947 30 1986 5
172 1888 297 1960 civitas
328 1890 509 1964 conticuit.
526 1891 613 1963 Tria
643 1892 827 1967 seditionis
854 1895 984 1988 capita,
1012 1891 1198 1985 inquibus
1229 1896 1306 1964 erat
1340 1890 1497 1975 Ghisius,
1514 1890 1551 1962 in
1580 1891 1696 1964 medio
1726 1891 1802 1967 foro

29 1989 30 2016 1

170 1515 324 1612 denique
340 1541 364 1590 a
380 1542 467 1614 rege
485 1543 549 1615 per
573 1519 790 1591 cardinalem
815 1521 1034 1634 Radivillum
1052 1520 1266 1616 impetravit,
1287 1526 1326 1592 ut
1347 1519 1408 1613 jus
1427 1519 1613 1593 Societatis
1631 1521 1668 1592 in
1692 1545 1750 1594 res
1780 1544 1802 1593 a

171 1639 354 1736 Stephano
367 1642 475 1738 Rigae
489 1643 624 1716 oblatas
636 1643 763 1718 litteris
775 1647 848 1719 suis
863 1645 1100 1730 confirmaret,
1111 1643 1319 1739 legatosque
1332 1643 1500 1728 mitteret,
1511 1643 1614 1739 quiet
1624 1645 1803 1738 Rigenses
1829 1693 1878 1748 Jus
1893 1694 1961 1748 επὶ,

171 1764 266 1838 cives
279 1766 317 1836 in
331 1766 564 1854 concordiam,
581 1774 617 1840 et
634 1767 848 1844 Societatem
866 1771 903 1840 in
923 1768 1075 1864 gratiam
1094 1767 1307 1866 redigerent.
1329 1767 1351 1840 J
1354 1790 1437 1840 ussa
1450 1790 1514 1862 per
1525 1769 1591 1841 hos
1605 1768 1798 1866 quiescere,
1829 1771 1960 1923 {Effl-

173 2010 324 2086 sublata.
342 2013 577 2109 Magistratus
604 2017 798 2090 auctoritas
816 2041 917 2089 snum
946 2016 983 2088 in
1001 2016 1117 2088 locum
1144 2014 1319 2087 restituta.
1337 2013 1539 2086 Petulantia
1555 2014 1668 2109 plebis
1685 2017 1803 2113 plagis
1830 1943 1965 2078 pppflnra.

174 2136 338 2210 coercita.
375 2137 485 2232 quue
516 2137 727 2211 auctoritate
762 2139 869 2212 trium
899 2138 1100 2233 legatorum
1136 2139 1255 2223 stetit;
1282 2159 1364 2210 nam
1400 2145 1558 2231 quartus
1587 2138 1803 2214 calvinianae

175 2269 313 2334 amator
348 2268 467 2346 sectae,
490 2260 562 2333 alia
596 2262 738 2335 molitus
769 2269 823 2336 est
854 2264 1001 2356 omnia:
1023 2262 1083 2335 ille
1112 2262 1264 2359 probare
1290 2262 1420 2356 palam
1442 2262 1611 2358 quidquid
1644 2265 1804 2339 haeretici

175 2388 347 2462 adversus
376 2388 533 2460 Jesuitas
564 2389 746 2483 egissent:
764 2391 973 2465 confirmare
1004 2392 1141 2464 animos
1172 2390 1400 2462 factiosorum
1431 2397 1536 2485 atque
1571 2393 1616 2464 ad
1646 2395 1805 2471 facinora
1893 2416 1896 2420 ·

178 2515 331 2588 excitare
353 2539 361 2586 :
382 2515 529 2586 scrutari
545 2514 733 2602 tabularia,
749 2525 855 2612 atque
868 2541 992 2591 eruere
1005 2519 1152 2612 antiqua
1168 2514 1322 2587 civitatis
1346 2514 1545 2609 privilegia,
1566 2539 1678 2612 eaque
1695 2520 1805 2615 regiis
1830 2585 1898 2641 Socii
1908 2585 1979 2654 aiga

178 2641 351 2737 Stephani
368 2640 457 2713 actis
475 2641 669 2737 praeferre:
691 2644 822 2728 omnia,
843 2668 922 2738 quae
939 2667 961 2716 a
979 2645 1001 2717 J
1005 2644 1126 2717 esuitis
1143 2642 1312 2726 facerent,
1332 2640 1514 2714 fastidiose
1531 2666 1711 2738 respuere.
1829 2664 1949 2718 vennam

147 2793 150 2802 ·
228 2765 423 2861 Propterea
451 2765 652 2861 Campanus
679 2775 715 2840 et
733 2768 857 2841 Socius
877 2790 960 2840 suus
988 2765 1122 2839 Paulus
1149 2766 1301 2849 Boksza,
1317 2764 1425 2835 tricas
1450 2766 1592 2860 pertaesi
1611 2767 1801 2861 Rigenses
1829 2743 1973 2894 22⁸2?oe

180 2889 354 2974 Vendam,
371 2912 440 2982 quo
453 2889 536 2962 hinc
555 2913 655 2962 snum
673 2892 908 2964 transferrent
926 2890 1134 2984 Collegium,
1155 2888 1414 2983 respectabant.
1432 2889 1609 2961 invitabat
1626 2914 1668 2964 eo
1683 2893 1805 2966 Socios
1832 2908 1900 2959 auc.

182 3019 217 3084 et
232 3035 296 3085 sua
321 3012 473 3084 civitatis
494 3037 574 3108 quae
596 3015 710 3109 prima
727 3024 823 3088 esset
849 3023 929 3110 post
956 3014 1101 3109 Rigam,
1118 3013 1297 3099 nobilitas
1315 3019 1349 3085 et
1367 3013 1548 3108 ingenium
1567 3015 1693 3089 civium
1710 3026 1806 3093 tran·

182 3135 336 3231 quillius,
358 3144 393 3208 et
417 3136 520 3231 quod·
539 3160 582 3210 ea
599 3145 809 3232 tempestate
824 3137 951 3210 Venda
969 3137 1072 3208 sedes
1090 3139 1184 3238 esset
1201 3135 1369 3231 episcopi.
1391 3135 1654 3232 Expectabatur
1666 3140 1807 3214 interim

183 3257 293 3352 Regis
311 3257 497 3342 adventus,
524 3257 706 3331 Livoniam
724 3257 977 3345 collustrantis
994 3267 1029 3334 et
1046 3282 1290 3355 responsuma
1308 3259 1455 3332 Claudio
1480 3260 1647 3335 Generali
1673 3267 1718 3338 ad
1745 3265 1801 3340 lit·

183 3388 276 3454 teras
295 3403 318 3452 a
336 3380 517 3476 Campano
547 3404 713 3475 superea
734 3406 773 3456 re
796 3373 918 3457 datas.
931 3384 1212 3470 praestolabatur
1234 3386 1372 3479 Regem
1398 3392 1433 3458 et
1462 3385 1599 3471 civitas,
1619 3389 1808 3484 magnifico

183 3513 286 3600 atque
304 3505 351 3578 ad
376 3505 545 3600 triumphi
575 3507 727 3601 speciem
756 3509 928 3582 instructo
959 3515 1144 3604 apparatu.
1164 3510 1335 3583 Subeunti
1361 3533 1478 3584 arcem
1507 3512 1732 3608 Sigismundo
1751 3539 1807 3589 oc-

185 3652 306 3703 cursus
333 3629 374 3700 fit
391 3627 566 3723 undique;
599 3621 827 3705 conferuntur
857 3656 880 3705 a
908 3642 1035 3706 senatu
1061 3635 1171 3707 civico
1188 3658 1357 3721 munera;
1378 3636 1546 3724 salutant,
1566 3647 1750 3735 orantque,
1770 3643 1809 3713 in

185 3753 304 3826 urbem
325 3759 366 3824 ut
382 3752 586 3838 descendat,
604 3777 738 3850 suoque
768 3765 930 3851 respectu
957 3758 1124 3853 dignetur
1149 3759 1232 3836 suos'
1259 3764 1467 3859 oppidanos,
1488 3767 1730 3862 expectatione
1747 3770 1807 3842 diu

187 3881 353 3961 arrectos,
374 3877 549 3972 princeps.
571 3878 766 3951 Senserunt
778 3878 829 3951 illi
847 3904 953 3976 porro
973 3883 1086 3976 primo
1113 3888 1230 3960 statim
1247 3889 1284 3961 in
1301 3891 1400 3964 aditu
1425 3892 1515 3964 iram
1541 3893 1722 3988 principis
1744 3897 1820 3968 sua

188 3998 298 4070 omnia
316 4005 353 4071 et
367 3998 599 4074 salutationes
618 4008 653 4074 et
666 4025 814 4076 munera
827 4013 862 4077 et
879 4029 1042 4102 pompam
1063 4007 1301 4102 dedignantis.
1322 4013 1503 4109 Supplices
1522 4040 1600 4088 cum
1614 4017 1716 4090 donis
1733 4020 1808 4094 suis
1831 3979 1958 4118 ἓξὲξ

189 4145 308 4196 rursus
325 4143 519 4218 rursusque·
532 4125 666 4220 rejecti.
684 4127 782 4199 Jussi
801 4128 951 4224 denique
978 4131 1165 4226 spondere,
1181 4136 1380 4210 reddituros
1407 4163 1446 4212 se
1462 4140 1592 4234 templa
1611 4141 1806 4230 catholicis
1834 4143 1957 4233 8⁰⁰⁸i¹3¹¹¹

189 4246 432 4319 admittuntur.
450 4249 537 4320 Post
554 4250 811 4344 gratulationes
824 4261 859 4326 et
877 4278 932 4340 ea,
948 4279 1027 4351 quae
1041 4257 1201 4333 civitates
1215 4261 1287 4332 suis
1301 4261 1430 4334 debent
1442 4263 1666 4359 principibus
1677 4267 1805 4354 officia,
1833 4217 1970 4355 11101160

189 4370 354 4466 quidquid
371 4371 472 4444 sibia
490 4373 594 4467 Rege
610 4374 820 4471 imperatum
839 4379 955 4464 fuerit,
976 4389 1118 4476 paratos
1139 4383 1311 4456 sefacere
1329 4383 1558 4478 profitentur;
1588 4409 1696 4458 unum
1719 4389 1807 4460 dun·
1834 4382 1916 4451 ⁸1²⁰st

191 4501 286 4568 taxat
314 4496 353 4568 id
379 4505 495 4581 orant,
527 4521 574 4572 ne
593 4500 726 4595 templa
743 4504 905 4599 princeps
931 4514 1037 4601 cogat
1058 4507 1196 4580 restitui
1217 4532 1225 4578 :
1250 4508 1317 4579 hoc
1335 4507 1427 4578 enim
1447 4531 1532 4580 vero
1549 4532 1622 4584 ase
1640 4514 1809 4588 committi

191 4638 256 4689 non
275 4611 395 4714 posse,
415 4619 588 4716 religione
611 4623 745 4698 scilicet
770 4627 991 4722 prohibente.
1010 4630 1105 4704 Satis
1123 4629 1275 4726 quidem,
1292 4629 1375 4725 quid
1399 4633 1560 4726 responsi
1585 4635 1812 4710 meditaretur

190 4737 278 4828 Rex,
300 4765 344 4815 ex
361 4745 439 4839 ipsa
467 4745 585 4818 vultus
616 4750 803 4823 severitate
832 4754 1032 4840 eminebat;
1063 4755 1116 4827 illi
1145 4754 1255 4827 nihilo
1281 4754 1397 4832 minus
1415 4779 1491 4828 sua.
1514 4759 1674 4854 Denique
1697 4759 1811 4858 Regis

191 4863 365 4938 admonitu
382 4870 680 4962 procancellarius
711 4877 826 4970 regni,
844 4880 1027 4975 episcopus
1059 4879 1269 4964 Premisliae,
1284 4878 1499 4953 Adalbertus
1512 4880 1778 4959 Baranovskius
1800 4913 1808 4959 :
1832 4937 1942 5006 Templa

195 5011 212 5044 κ
232 4988 418 5080 gratulatio
445 5000 577 5079 vestra,
601 4996 726 5089 iuquit,
743 4998 935 5093 Rigenses
955 5011 990 5076 et
1014 5005 1155 5076 solitum
1180 5002 1337 5075 exhiberi
1355 5026 1377 5074 a
1394 5003 1559 5098 subjectis
1589 5014 1625 5078 et
1650 5006 1808 5081 debitum
1836 5016 1983 5110 Catholicis
2088 5095 2090 5100 Ι

195 5138 214 5170 ⁸
233 5111 377 5210 principi
394 5125 513 5191 vestro
531 5143 671 5206 munus,
693 5123 830 5216 gratius
849 5125 962 5199 eidem
980 5129 1090 5203 multo
1115 5139 1151 5205 et
1168 5132 1346 5226 acceptius
1360 5131 1461 5217 foret,
1481 5133 1511 5205 si
1533 5133 1621 5206 fides
1638 5157 1717 5207 cum
1731 5157 1809 5231 pro·
1834 5098 1944 5244 jfflff

196 5262 214 5294 ⁸
234 5236 380 5312 sessione
405 5242 565 5343 obsequii
583 5249 808 5323 consentiret.
830 5248 935 5325 Nunc
951 5277 1015 5326 vos
1039 5255 1136 5328 aliud
1160 5258 1292 5344 verbis,
1306 5235 1409 5334 *aliud
1427 5261 1567 5335 omnino
1586 5262 1688 5336 factis
1705 5265 1810 5360 profi·
