4948 6654
674 817 781 876 116116
805 815 1182 890 6611111611116-1616).
1725 785 1788 879 615

160 1005 293 1100 jocatus
307 1005 353 1076 sit
374 1004 434 1076 ille
455 1001 610 1086 furcifer,
632 1003 704 1098 qui,
727 1008 927 1096 praeeuntes
948 999 996 1070 ad
1021 999 1259 1094 spectaculum
1276 999 1440 1094 supplicii
1455 999 1678 1095 conspicatus
1696 1019 1783 1092 opu·
1812 1013 1878 1068 1616

165 1129 284 1214 166166,
303 1128 480 1200 clamabat
494 1128 574 1200 duci
593 1149 666 1199 sea
683 1126 819 1198 furibus
837 1125 976 1219 magnis
994 1145 1142 1219 parvum
1155 1124 1280 1194 furem.
1300 1122 1446 1208 Vereor,
1464 1145 1509 1195 ne
1522 1145 1591 1206 me,
1608 1131 1660 1195 tot
1674 1121 1785 1194 talen·

165 1259 270 1322 torum
288 1251 496 1334 debitorem,
518 1251 629 1322 multo
648 1251 827 1322 enimvero
846 1249 1011 1344 plurium,
1036 1268 1143 1342 quam
1160 1247 1197 1318 in
1217 1245 1334 1318 ablata
1356 1247 1418 1318 illa
1435 1246 1538 1318 nobis
1556 1245 1705 1341 pecunia
1723 1245 1782 1327 sit,

160 1376 225 1469 jam
240 1375 348 1449 hodie
361 1399 463 1448 reum
480 1383 565 1470 agat
583 1375 704 1447 divina
712 1376 864 1470 justitia.
887 1376 1006 1455 Quare
1028 1374 1270 1446 condonemus
1288 1396 1353 1444 nos
1370 1373 1517 1458 homini,
1534 1373 1688 1446 libenter
1704 1396 1788 1445 oon·

165 1499 329 1572 donemus
342 1500 521 1572 tantillum
538 1525 545 1572 :
564 1507 614 1583 ut,
636 1500 728 1594 quod
743 1507 918 1594 optamus,
936 1499 1031 1572 Deus
1045 1497 1148 1570 nobis
1167 1497 1343 1569 condonet
1357 1503 1505 1568 tantum.
1525 1497 1610 1570 Pius
1629 1497 1784 1582 omnino,

166 1623 358 1695 misericors
376 1647 417 1695 ac
439 1623 593 1696 liberahs
623 1624 787 1718 princeps
809 1623 1006 1717 complures
1025 1621 1115 1692 alias
1139 1621 1313 1715 ejusmodi
1333 1621 1480 1714 injurias
1499 1619 1606 1692 lucris
1632 1619 1706 1692 suis
1723 1642 1789 1692 sua

166 1745 378 1840 benignitate
396 1747 568 1842 apposuit.
588 1747 679 1818 Dum
697 1746 748 1818 ita
762 1746 836 1819 Deo
853 1747 948 1817 omni
963 1737 1095 1840 pietate
1109 1743 1249 1838 placere
1264 1742 1395 1826 studet,
1410 1765 1522 1838 agere
1536 1743 1686 1838 denique
1700 1744 1790 1816 inter

167 1870 328 1942 mortales
355 1869 495 1942 desinit.
522 1870 661 1950 Statim,
687 1878 725 1941 nt
751 1871 872 1941 morbo
902 1870 1031 1940 tentari
1054 1868 1178 1951 sensit,
1203 1868 1245 1938 Ρ.
1278 1867 1429 1939 Joanem
1459 1866 1647 1950 Alandum,
1670 1889 1791 1939 carum
1815 1873 1920 1962 Obitus.

167 1993 226 2067 sibi
248 1993 377 2077 virum,
400 2001 654 2088 expertumque
681 1996 760 2089 jam
794 1993 854 2064 diu
886 1992 1112 2065 conscientiae
1143 2015 1218 2064 suae
1247 1993 1481 2086 cognitorem,
1517 1992 1643 2065 adesse
1673 1992 1788 2086 jubet.

170 2117 254 2188 Huic
268 2125 343 2188 tum
358 2118 508 2188 maxime
522 2116 646 2188 salutis
661 2140 735 2188 suae
750 2115 944 2210 negotium,
961 2125 1036 2188 tum
1051 2115 1175 2200 Sociis
1185 2116 1245 2210 qui
1258 2115 1462 2211 adjutarent
1475 2117 1495 2187 J
1501 2137 1664 2199 oannem,
1681 2113 1792 2186 nomi·

171 2241 271 2312 natim
291 2239 448 2311 Martino
467 2241 681 2334 Smigleclxio
700 2240 746 2336 (1),
769 2239 939 2310 Michaeli
958 2240 1090 2322 Ortizo‚
1112 2251 1147 2310 et
1176 2239 1281 2332 hujus
1295 2238 1397 2310 fratri
1415 2239 1565 2322 laccho,
1588 2261 1607 2310 e
1633 2238 1797 2332 Collegio

171 2363 384 2434 Nesvisiensi
410 2364 665 2450 sacerdotibus,
686 2362 917 2436 commendat.
948 2363 1227 2444 Testamentum,
1256 2370 1340 2434 ante
1360 2363 1437 2457 jam
1464 2362 1673 2445 confectum,
1694 2385 1792 2434 reco-

171 2485 317 2578 gnoscit.
343 2486 531 2558 Familiam
554 2509 667 2572 suam,
690 2489 745 2560 sui
767 2510 956 2561 memorem
982 2511 1074 2572 esse,
1104 2488 1264 2582 beneque
1281 2489 1400 2562 valere
1430 2488 1467 2558 in
1494 2488 1656 2571 Domino,
1673 2489 1788 2584 jubet.

170 2611 314 2682 Veniam
332 2611 402 2683 sibi
419 2613 463 2683 ab
487 2613 662 2697 omnibus,
680 2637 905 2709 quoscunque
932 2613 1149 2698 offendisset,
1170 2613 1270 2707 petit.
1295 2615 1372 2693 Quo
1391 2635 1466 2685 rem
1488 2635 1600 2696 suam,
1624 2612 1791 2684 momenti

172 2737 299 2810 seilicet
324 2736 422 2807 illam
447 2739 603 2824 maximi,
626 2763 705 2811 oum
723 2740 797 2814 Deo
819 2739 939 2835 judice
965 2761 1029 2812 suo
1062 2739 1239 2834 transigat
1257 2737 1494 2833 tranquillius,
1516 2737 1625 2809 otium
1651 2738 1719 2810 sihi
1745 2738 1790 2810 ab

174 2862 262 2934 omni
276 2861 561 2957 interpellatione
575 2863 742 2958 postulat.
765 2863 929 2936 Confecto
953 2864 1046 2936 omni
1061 2863 1209 2936 salutari
1227 2863 1384 2958 negotio,
1405 2865 1480 2958 spei
1498 2863 1600 2934 bonae
1632 2863 1792 2958 plenissi-

172 3013 257 3072 666,
281 2988 530 3082 quietamorte
547 2991 774 3063 obdormiscit
800 2993 836 3063 16
859 2993 1008 3065 Domino
1034 2989 1191 3065 Nesvisii
1212 2989 1682 3085 1616(6)ρ1111161161661166
1704 3012 1794 3062 mar·

172 3115 245 3186 tias.
275 3114 504 3186 Testamento
531 3137 595 3186 suo
624 3115 730 3200 cavit,
753 3123 790 3186 ut
818 3139 945 3212 corpus
973 3139 1088 3202 suum,
1109 3114 1389 3210 peregrinatoris
1420 3115 1563 3199 amictu,
1590 3115 1686 3208 quali
1708 3137 1792 3187 usus

172 3247 259 3312 esset
275 3241 313 3316 16
336 3238 635 3342 Jerosplymitano
655 3239 793 3326 itinere,
814 3249 1025 3328 contectum,
1043 3265 1066 3313 a
1085 3240 1307 3324 mendiculis,
1328 3251 1363 3314 et
1389 3241 1475 3335 ipsis
1497 3240 1545 3314 ad
1561 3239 1666 3313 sunus
1692 3261 1792 3335 pere·

170 3364 470 3457 grinabundorum
501 3365 537 3435 in
564 3387 697 3436 morem
726 3366 905 3448 tunicatis,
936 3367 1134 3440 efferretur.
1166 3367 1289 3459 ltaque
1312 3365 1443 3437 elatum
1470 3371 1537 3439 est.
1568 3365 1726 3445 Quiescit
1756 3365 1791 3436 in
1820 3365 1964 3434 Sepultura

171 3489 351 3584 sepulchro
367 3489 501 3582 6116(6);
518 3488 610 3582 quod
625 3512 737 3583 nuper
753 3489 910 3585 abnepos
929 3515 1026 3575 6666,
1045 3489 1202 3563 Michael
1216 3490 1432 3574 Radivillus,
1449 3490 1627 3586 palatinus
1644 3488 1790 3562 Vilnen·

171 3613 228 3700 sis,
241 3614 311 3685 dux
336 3614 551 3685 exercituum
570 3613 735 3698 Litnniae,
757 3614 943 3687 adornavit
961 3641 969 3700 ;
989 3616 1026 3687 in
1052 3615 1146 3687 huno
1171 3613 1264 3686 diem
1282 3614 1523 3710 incorruptum
1540 3613 1590 3712 (1).
1612 3614 1710 3686 Vixit
1727 3613 1791 3686 Ni·

169 3738 285 3811 oolaus
298 3761 412 3810 annos
430 3739 614 3834 sexaginta
632 3755 780 3834 septem.

214 3863 389 3958 Principis
415 3862 518 3934 funus
536 3870 648 3934 morte
665 3885 742 3944 sua,
767 3863 1009 3936 Nesvisiensis
1038 3871 1155 3937 rector
1172 3863 1336 3959 Collegii,
1353 3865 1475 3938 Simon
1496 3866 1569 3937 Gos
1586 3865 1790 3947 antevertit,
1876 3877 1910 3931 ao

169 3995 399 4080 praemortuus
419 3985 603 4058 Varsaviae
625 3986 715 4058 XIV
731 3987 901 4059 kalendas
918 3987 1123 4072 februarias,
1140 4011 1234 4060 anno
1252 3989 1298 4060 ab
1321 3989 1409 4060 inita
1431 3990 1608 4062 Societate
1629 3988 1789 4073 XXVII,
1820 3953 1968 4087 lffillt

170 4111 306 4182 virtum
324 4112 456 4206 pietate
470 4120 544 4181 tum
557 4111 718 4182 doctrina
731 4111 997 4184 commendabili
1013 4137 1021 4195 ;
1036 4112 1199 4184 comitem
1213 4113 1248 4182 in
1268 4112 1357 4184 viam
1376 4112 1584 4185 aeternitatis
1598 4113 1721 4186 eodem
1738 4111 1795 4187 die
1821 4114 1969 4204 (106116)-

169 4257 210 4306 ex
226 4235 410 4308 Sociorum
430 4234 658 4308 Varsavieusi
672 4235 824 4330 collegio
843 4245 967 4308 nactus
988 4235 1168 4308 Simonem
1188 4235 1397 4321 (1616111616,
1418 4259 1550 4330 genere
1567 4237 1792 4325 Masonitam,
1821 4191 1926 4326 ἓξὲξ(

167 4363 377 4456 magisteriis
394 4362 594 4446 rhetoricae,
615 4363 850 4457 philosophiae
864 4371 900 4435 et
930 4363 1121 4456 theologiae
1148 4363 1371 4436 scholasticae
1389 4365 1612 4459 septennium
1639 4365 1793 4452 traditae,

167 4487 305 4580 scriptis
324 4509 463 4581 quoque
476 4487 650 4559 adversus
664 4487 817 4560 Arianos
844 4487 1027 4582 inclytum.
1045 4488 1123 4559 Duo
1137 4487 1258 4581 itaque
1274 4487 1401 4560 funera
1415 4486 1539 4560 eodem
1552 4486 1609 4560 die
1622 4488 1659 4560 in
1674 4489 1796 4562 eodem

169 4607 342 4682 domicilio
375 4620 477 4682 erant
502 4610 677 4684 facienda.
716 4612 815 4683 Vixit
849 4613 893 4684 P.
915 4612 1036 4684 Simon
1061 4612 1099 4684 in
1133 4612 1312 4684 Societate
1346 4634 1459 4684 annos
1493 4613 1555 4696 27,
1581 4622 1797 4708 aggregatus

170 4734 214 4804 ad
241 4757 319 4806 eam
344 4736 490 4830 juvenis
504 4758 676 4808 annorum
694 4737 755 4808 21.
774 4739 816 4808 ln
833 4759 961 4808 munus
974 4737 1135 4820 rectoris,
1156 4761 1178 4808 a
1196 4738 1306 4811 Patre
1334 4737 1407 4810 Gos
1431 4737 1606 4824 relictum,
1631 4739 1799 4812 successit

171 4857 324 4933 Michael
342 4860 642 4942 Ortissius,carus
657 4869 692 4934 et
711 4861 771 4933 ille
781 4860 927 4934 Nicolao
945 4861 1095 4955 principi
1109 4868 1144 4934 et
1161 4862 1267 4958 hujus
1284 4859 1368 4933 filiis
1382 4863 1630 4957 superstitibus
1647 4862 1696 4960 (5).

210 5023 251 5096 (1)
265 5023 393 5082 1116116611
409 5025 510 5081 adsunt
524 5022 598 5081 Socii
611 5023 664 5080 l‘l‘.
682 5023 817 5094 Alendus,
837 5023 1105 5096 86161611101111.
1132 5055 1163 5070 ··
1181 5025 1222 5100 (1)
1240 5026 1343 5098 Pompa
1360 5027 1485 5085 insolens
1508 5026 1534 5084 in
1551 5027 1696 5084 lunaribus
1717 5026 1797 5100 prin·

170 5133 273 5204 cipum.
288 5129 705 5208 -(3)Ν6611611666616111661
723 5131 923 5190 Radivillorum
938 5133 1104 5206 principum.
1122 5165 1162 5177 -
1179 5133 1219 5208 (1)
1238 5133 1349 5207 Corpus
1361 5137 1512 5214 integrum.

212 5238 254 5316 15)
268 5237 455 5298 Nesvisiensis
465 5237 584 5317 collegii
604 5245 699 5298 rector
716 5239 747 5297 l‘.
763 5238 852 5298 Ortiz.
