4896 6650
688 772 746 838 122
1049 775 1325 844 LITUANIGARUM
1348 781 1559 844 socrurarls
1579 782 1666 844 JESU
1687 780 1943 844 ursroruauuu

515 941 599 1081 ¹⁵⁸⁴ae
687 968 733 1049 et,
760 973 799 1038 ut
814 963 950 1060 quidvis
968 964 1132 1062 imperes,
1155 976 1306 1063 rogant:
1342 977 1378 1041 et
1403 991 1505 1042 casas
1524 989 1606 1040 suas
1629 975 1667 1040 ut
1693 967 1799 1054 visas,
1826 967 1950 1053 uthis,
1976 974 2014 1040 ut
2034 966 2209 1064 frugibus,
2227 987 2312 1060 qua·

516 1064 629 1200 Derpdti
686 1114 764 1162 rum
790 1090 856 1162 tibi
873 1089 1071 1208 manipulos
1094 1093 1131 1164 in
1164 1093 1296 1189 templo
1320 1095 1426 1166 etiam
1449 1093 1607 1166 certatim
1642 1092 1804 1178 offerent,
1825 1101 1864 1165 ut
1888 1093 2037 1165 stabulis
2060 1092 2210 1185 denique
2233 1092 2308 1164 suis

515 1185 630 1336 ‘m‘
688 1213 840 1286 faustam
858 1237 998 1308 precem
1020 1215 1214 1311 impertias,
1244 1225 1447 1313 precantur.
1469 1216 1609 1291 Placuit
1631 1217 1677 1288 ad
1705 1217 1827 1290 ludum
1862 1218 1968 1290 etiam
1997 1216 2209 1290 litterarium
2240 1222 2314 1286 tum

517 1343 624 1407 senous.
688 1337 849 1432 Derpati,
875 1344 949 1410 tum
980 1339 1088 1435 Rigas
1109 1341 1333 1434 juventutem
1364 1340 1562 1414 convocari.
1598 1341 1764 1437 Plerique
1789 1342 2037 1414 haereticorum
2055 1341 2161 1413 etiam
2185 1338 2249 1410 filii
2278 1339 2313 1410 in

691 1459 912 1556 disciplinam
938 1461 1033 1534 vela
1052 1465 1260 1559 parentibus
1291 1465 1387 1538 vela
1413 1464 1587 1538 tutoribus
1613 1465 1747 1537 traditi.
1774 1465 1945 1560 Rigensis
1962 1463 2113 1560 collegii
2129 1462 2315 1536 familiaris

691 1607 749 1658 res
774 1593 880 1658 aucta
901 1585 1039 1658 duobus
1069 1589 1216 1682 praediis
1240 1589 1288 1684 (ι),
1322 1597 1357 1661 et
1386 1612 1472 1662 area
1502 1595 1537 1661 et
1558 1589 1662 1661 horto
1691 1589 1786 1660 intra
1804 1589 1903 1664 urbis
1938 1588 2080 1662 moenia.
2105 1589 2146 1659 ln
2179 1586 2315 1682 praedio

691 1707 818 1781 Ablein
845 1707 1003 1797 colonus,
1039 1734 1149 1783 verna
1179 1711 1374 1808 improbus,
1408 1714 1508 1807 isque
1533 1713 1747 1807 magicarum
1778 1713 1905 1785 artium
1935 1710 2128 1807 plebeculae
2162 1711 2318 1784 seductae

521 1908 549 1964 Μ
586 1907 593 1922 ,
693 1833 876 1929 magister,
897 1835 1060 1928 praetoris
1079 1835 1221 1908 decreto
1239 1836 1427 1909 damnatus
1457 1837 1503 1908 ad
1530 1860 1670 1932 rogum,
1691 1837 1819 1909 adduci
1843 1837 1940 1910 nulla
1956 1838 2094 1909 ratione
2116 1837 2256 1932 potuit,
2281 1843 2321 1906 ut

521 1923 651 2042 mgffl
692 1958 930 2052 resipisceret.
961 1959 1010 2030 De
1032 1965 1106 2031 toto
1124 1983 1272 2055 corpore
1291 1969 1414 2033 exusto
1438 1984 1499 2033 cor
1517 1961 1631 2056 ipsum
1644 1961 1817 2057 reliquum
1835 1962 1908 2055 igni
1927 1960 2084 2034 consumi
2101 1983 2172 2033 non
2191 1959 2316 2054 potuit,

522 2083 590 2122 Μ’·
695 2081 763 2154 nisi
789 2082 967 2154 concisum
986 2081 1195 2154 minutatim.
1229 2084 1283 2156 Ex
1309 2085 1540 2156 flammatum
1560 2085 1751 2157 enormiter
1776 2084 1862 2158 illud
1891 2085 2100 2157 intumuisse
2129 2084 2255 2170 visum,
2282 2093 2322 2154 ut

693 2206 808 2300 petasi
825 2213 982 2301 aequaret
995 2208 1288 2302 magnitudinem.
1308 2211 1529 2281 Incrementa
1556 2207 1706 2303 Collegii
1732 2216 1767 2281 et
1783 2209 1978 2282 studiorum
1996 2231 2207 2303 progressus
2229 2207 2323 2280 serre

692 2333 768 2427 jam
795 2356 864 2404 nori
893 2338 1059 2426 poterant
1089 2333 1260 2418 haeretici,
1281 2334 1452 2406 ministris
1474 2334 1626 2406 maxime
1652 2333 1724 2406 suis
1748 2333 1999 2428 instigantibus
2018 2332 2239 2406 :maledictis
2270 2332 2324 2404 illi

696 2456 846 2551 quietos
879 2456 1023 2530 famosis
1061 2457 1205 2544 libellis,
1240 2466 1287 2542 et,
1313 2458 1566 2553 quibusquibus
1592 2466 1751 2554 possunt,
1768 2457 1905 2554 injuriis
1922 2458 2122 2544 lacessere;
2146 2460 2180 2530 in
2199 2457 2323 2554 primis

525 2570 623 2694 mm]
699 2582 914 2666 Lemkenus
936 2581 1194 2660 Lutheranicus
1230 2605 1361 2677 praeco,
1395 2581 1544 2676 signifer
1561 2582 1603 2653 ad
1630 2582 1752 2653 turbas
1770 2582 1912 2654 ciendas
1931 2583 2196 2656 audacissimus.
2223 2583 2264 2654 In
2287 2582 2323 2654 id

526 2698 660 2792 ⁸¹⁰Ph2·
697 2715 793 2780 totus
809 2705 869 2778 ille
886 2730 964 2778 cum
982 2729 1129 2780 suorum
1147 2707 1365 2779 administris
1396 2707 1592 2778 facinorum
1609 2707 1780 2791 incubuit,
1801 2707 1948 2779 consilia
1966 2707 2148 2781 Sociorum
2166 2716 2204 2781 ut
2220 2708 2325 2780 dissi·

526 2779 640 2910 ffl'u-
698 2837 800 2925 paret
820 2830 951 2914 omnia,
969 2830 1127 2925 nihilque
1149 2830 1233 2902 fidei
1253 2837 1288 2902 et
1301 2829 1535 2916 auctoritatis,
1550 2830 1644 2925 apud
1662 2831 1756 2904 cives
1769 2829 1844 2926 jam
1857 2831 2055 2904 rationibus
2072 2831 2211 2926 optimis
2230 2855 2326 2904 com·

528 2935 639 2991 mutus.
700 2963 847 3052 paratae,
862 2953 975 3027 Sociis
988 2954 1216 3049 relinqueret.
1229 2954 1409 3028 Gliscente
1419 2978 1482 3049 per
1491 2955 1677 3027 factionem
1687 2955 1794 3040 male,
1806 2979 1875 3028 non
1892 2955 2099 3029 existimatio
2113 2965 2249 3030 tantum
2265 2981 2327 3029 no·

702 3087 867 3164 strorum,
881 3078 944 3151 sed
954 3078 1079 3150 civium
1095 3080 1201 3150 etiam
1212 3079 1321 3166 salus,
1333 3079 1517 3174 agebatur;
1532 3101 1640 3173 quare
1650 3079 1799 3176 Collegii
1812 3087 1927 3152 rector
1938 3082 2327 3155 LeonardusRubenus

573 3289 574 3292 Ἴ
701 3202 893 3276 monendos
906 3201 1058 3275 civitatis
1072 3201 1263 3297 magistros
1276 3203 1412 3296 putavit
1426 3228 1432 3274 :
1447 3231 1463 3261 κ
1482 3203 1736 3285 meminissent,
1754 3203 1837 3298 quid
1851 3203 1894 3276 de
1907 3226 1946 3276 se
1959 3205 2037 3300 regi
2049 3204 2222 3290 Poloniae,
2239 3203 2327 3297 quid

706 3325 973 3423 “gubernatori
1005 3327 1163 3399 Livoniae
1193 3325 1375 3398 Radivillo
1410 3326 1559 3422 principi
1590 3327 1829 3422 recepissent;
1862 3328 2062 3402 inhiberent
2086 3330 2329 3403 ministrorum

706 3450 925 3523 “audaciam
949 3473 1091 3523 suorum
1127 3450 1212 3522 boni
1239 3450 1333 3522 cives
1351 3450 1532 3524 commodo
1551 3473 1615 3522 suo
1638 3451 1785 3523 :Socios
1815 3474 1878 3546 per
1896 3476 1960 3540 sua
1977 3475 2124 3526 munera
2155 3454 2225 3526 otio
2258 3453 2330 3524 frui

706 3576 912 3647 «sinerent.
937 3610 953 3640 n
975 3575 1058 3646 Non
1093 3573 1202 3646 defuit
1220 3573 1361 3669 quidem
1378 3573 1537 3668 partibus
1568 3574 1641 3645 suis
1660 3575 1887 3669 magistratus
1909 3601 1916 3647 :
1938 3584 2060 3649 coacto
2090 3585 2183 3650 coetu
2208 3575 2331 3649 turbu·

703 3699 807 3772 lentis
824 3699 996 3793 capitibus
1014 3699 1222 3770 modestiam
1250 3719 1373 3770 severo
1399 3697 1567 3792 praecepit
1585 3696 1720 3783 edict0;
1749 3721 1869 3771 verum
1886 3699 1922 3771 id
1947 3700 2013 3771 fuit
2030 3701 2219 3773 crabrones
2248 3699 2331 3770 irri-

587 3911 617 3926 ..
704 3835 828 3901 tasse:
857 3825 970 3898 altero
1001 3825 1093 3898 onius
1128 3832 1208 3919 post
1238 3824 1310 3908 die,
1346 3823 1461 3918 pridie
1492 3823 1620 3896 natalis
1655 3822 1867 3907 Salvatoris,
1903 3825 2014 3897 multa
2048 3824 2248 3898 Lemkenus
2285 3823 2334 3896 ad

533 3911 677 4048 ma?
705 3953 907 4026 concionem
934 3949 1144 4022 declamavit
1170 3947 1335 4021 nefanda.
1356 3948 1407 4020 Ut
1430 3955 1592 4042 correpta
1611 3949 1767 4020 exomni
1799 3948 1904 4020 trivio
1926 3955 1962 4021 et
1991 3971 2106 4044 ganea
2123 3950 2158 4020 in
2183 3948 2335 4022 catholi-

705 4101 766 4152 cos
796 4101 861 4151 sua
874 4077 1032 4150 omittam
1060 4073 1227 4159 convitia,
1256 4097 1326 4146 non
1346 4082 1400 4146 cst
1417 4074 1550 4148 veritus
1576 4096 1693 4168 praeco
1712 4072 1810 4146 illoto
1846 4096 2006 4146 sermone
2040 4075 2204 4148 Romana
2232 4097 2336 4146 sacra

706 4202 947 4278 contaminare
978 4199 1093 4272 omnia
1127 4225 1135 4272 :
1169 4200 1349 4272 Summum
1387 4197 1594 4270 Pontificem
1632 4197 1791 4272 conferre
1833 4221 1911 4270 cum
1953 4197 2184 4283 Antichristo,
2226 4205 2338 4292 atque

706 4328 811 4424 hujus
841 4324 1049 4399 Antichristi
1092 4323 1294 4396 emissarios
1329 4329 1364 4394 et
1401 4321 1654 4416 antesignanos
1684 4343 1763 4394 esse
1794 4321 1963 4407 lesuitas,
1996 4343 2202 4416 germanam
2230 4321 2337 4393 sobo·

706 4450 776 4525 lem
798 4449 974 4545 Luciperi.
1001 4479 1017 4510 a
1043 4448 1099 4522 Ne
1134 4447 1252 4536 vultus
1287 4469 1409 4520 eorum
1444 4445 1491 4516 ad
1523 4446 1735 4540 gravitatem
1766 4444 1939 4530 homines,
1966 4468 2011 4518 ne
2041 4467 2157 4517 mores
2190 4444 2235 4516 ad
2265 4446 2336 4516 hu-

711 4605 727 4636 κ
748 4575 952 4657 manitatem
995 4573 1096 4645 fictos
1143 4573 1357 4644 mirarentur
1393 4569 1630 4665 imprudentes
1660 4568 1849 4663 :propius
1895 4569 2055 4640 homines
2100 4569 2334 4663 inspicerent,

713 4731 730 4762 a
751 4705 853 4795 atque
881 4699 919 4770 in
947 4697 1096 4783 animos,
1118 4720 1205 4792 quos
1227 4697 1300 4792 jam
1343 4700 1563 4790 penetrasset
1599 4694 1688 4788 ipse,
1720 4694 1977 4786 pervaderent;
2013 4693 2228 4788 perspecturi
2257 4703 2339 4765 tum

713 4853 730 4883 a
753 4823 956 4905 enimvero,
1007 4822 1132 4916 quibus
1160 4820 1291 4892 incauti
1334 4819 1445 4891 adhuc
1475 4816 1654 4912 magistris
1684 4816 1955 4900 auscultassent,
1987 4814 2209 4889 hortabatur.
2247 4816 2339 4888 Non
2439 4859 2440 4862 =

714 4977 731 5008 a
751 4947 881 5042 optime
901 4945 1036 5018 civitati
1054 4968 1129 5018 suae
1151 4943 1370 5039 providentia
1387 4942 1482 5035 regis
1511 4940 1708 5013 consultum
1744 4961 1832 5025 esse,
1859 4938 1918 5034 qui
1941 4938 2146 5012 Moscovitis
2171 4938 2339 5011 hostibus

714 5101 731 5132 a
752 5069 969 5142 fortunarum
1005 5067 1174 5163 depulsis,
1191 5068 1347 5163 ipsarum
1376 5064 1566 5162 perniciem
1589 5063 1826 5150 sanctitatum,
1857 5062 2015 5136 Jesuitas
2042 5061 2230 5136 intulisset.
2259 5063 2338 5136 Re·

754 5221 794 5298 (Ι)
818 5222 955 5282 Praedium
971 5222 1089 5282 atterum
1102 5219 1309 5294 Agercctlarius
1324 5219 1439 5290 dictum,
1456 5220 1573 5276 alterum
1589 5215 1699 5279 Ahloin.
