4948 6654
677 757 786 820 LIBER
809 758 950 820 SEXTUS
974 761 1185 839 (lato-1620).
1708 783 1766 848 231

152 943 210 1019 illis
221 945 426 1041 jucunditas
445 969 523 1020 eum
549 945 702 1018 utilitate
720 944 901 1039 multiplex
918 951 972 1018 est
989 968 1030 1018 ac
1051 947 1163 1020 varia.
1186 947 1389 1042 Complures
1409 953 1473 1027 tibi
1497 979 1690 1049 numerem,
1708 967 1767 1060 qui
1794 985 1855 1039 1612
1939 977 1944 994 '

151 1069 207 1141 hac
224 1069 330 1142 etiam
348 1075 453 1142 aetate
472 1075 606 1152 nostra,
627 1067 727 1140 lectis
746 1067 843 1140 Petri
861 1069 1099 1154 concionibus,
1115 1094 1198 1165 pars
1217 1097 1240 1144 a
1261 1076 1434 1168 pravitate
1453 1081 1560 1153 animi
1578 1084 1624 1156 ad
1645 1110 1765 1162 assen-
1814 1087 1818 1098 '

152 1213 218 1263 sum
236 1191 320 1263 boni
338 1190 487 1276 consilii,
513 1213 596 1285 pars
614 1213 636 1262 a
653 1190 766 1262 turbis
783 1190 1030 1267 haereticorum
1058 1195 1104 1266 ad
1129 1199 1418 1292 tranquillitatem
1444 1213 1479 1278 et
1508 1206 1682 1285 Romanae
1699 1215 1765 1288 Eo

150 1312 256 1386 clasiae
272 1315 519 1388 auctoritatem
544 1315 697 1388 traducti
723 1314 805 1387 siut.
831 1314 1003 1388 Collectas
1033 1317 1071 1390 in
1102 1343 1208 1393 unum
1231 1323 1367 1418 justum
1397 1328 1559 1404 volumen
1589 1335 1764 1412 dedicavit

149 1437 286 1534 principi
304 1462 368 1512 suo
387 1439 626 1535 sigismundo,
638 1462 708 1533 qua
724 1438 759 1509 in
778 1439 938 1511 oratione
955 1439 1010 1511 sui
1027 1440 1183 1518 rationes
1202 1445 1305 1518 officii
1319 1449 1368 1521 sic
1381 1452 1509 1526 refert:
1530 1484 1545 1516 a
1568 1457 1762 1536 Dehinctus

152 1593 165 1624 ι
177 1564 250 1658 jam
277 1588 421 1640 munere
447 1588 538 1651 meo,
569 1566 649 1638 Rex
680 1565 914 1652 serenissime,
947 1569 1096 1643 Domine
1126 1569 1173 1640 mi
1198 1570 1480 1659 clementissime,
1508 1587 1588 1672 post
1614 1581 1703 1655 duos
1729 1595 1764 1658 et
1791 1613 1891 1670 aarum

151 1691 326 1785 «triginta
341 1714 454 1765 annos
472 1690 686 1764 concionalis
713 1692 783 1764 mei
800 1693 943 1787 opificii,
964 1696 1031 1768 hoc
1048 1697 1185 1769 modico
1202 1696 1334 1770 laboris
1359 1702 1428 1774 mei
1453 1703 1490 1774 in
1515 1707 1765 1799 perscribenda
1790 1695 1931 1752 uenatio.

151 1813 353 1900 «doctrina,
374 1837 478 1910 quarn
497 1814 639 1886 nomine
658 1814 785 1888 Christi
805 1818 1034 1904 disserebam,
1055 1822 1200 1895 absolvo
1227 1825 1400 1922 reliquum
1418 1828 1500 1902 vitae
1516 1831 1661 1927 diesque
1678 1835 1764 1911 istos

150 1959 309 2031 «paucos
340 1943 375 2008 et
403 1934 515 2008 malos
546 1937 844 2047 peregrinationis
871 1965 973 2014 meae.
996 1943 1217 2030 Delassatus,
1239 1956 1274 2020 et
1296 1953 1589 2044 quemadmodum
1620 1959 1763 2034 Samuel

150 2061 350 2156 «propheta
367 2062 411 2135 de
428 2083 466 2134 se
488 2060 550 2146 ait,
577 2069 758 2134 senectute
775 2065 954 2138 confectus
988 2073 1093 2162 atque
1109 2069 1270 2155 incanus,
1291 2073 1390 2178 breui
1416 2076 1586 2152 deficiam.
1608 2082 1761 2180 Tempus

149 2191 232 2258 eest
255 2183 470 2278 quiescendi.
494 2185 684 2281 Exspectat
701 2209 757 2258 me
787 2187 916 2260 cellula
940 2189 976 2260 in
1003 2191 1178 2265 domicilio
1196 2217 1389 2291 pauperum
1408 2202 1553 2274 Patrum
1580 2229 1759 2296 meorum;

149 2313 276 2407 «cujus
305 2312 400 2384 fores
420 2311 518 2384 brevi
545 2313 673 2407 hospes
691 2312 764 2394 ille,
794 2336 871 2384 oum
903 2335 968 2386 sua
996 2313 1142 2400 familia,
1162 2317 1293 2390 morbis
1312 2320 1446 2395 scilicet
1463 2325 1624 2422 vitiisque
1654 2355 1763 2426 aegrae

147 2463 161 2494 κ
181 2435 400 2521 valetudinis,
422 2436 587 2530 pulsabit.
610 2437 714 2509 Faxit
732 2437 840 2544 Deus,
860 2436 983 2509 fidenti
1002 2440 1118 2512 animo
1136 2439 1323 2513 adnomen
1340 2450 1382 2515 ut
1397 2450 1638 2540 respondeam,
1652 2453 1760 2528 sores·

146 2579 242 2652 «que
268 2559 435 2654 aperiam,
455 2566 490 2630 et
516 2557 626 2630 alacri
642 2565 872 2654 promptoque
899 2581 960 2631 ore
979 2559 1095 2632 dicam
1117 2586 1125 2633 :
1147 2563 1246 2636 salve
1259 2565 1401 2662 hospes,
1421 2581 1643 2666 exspectatus
1660 2578 1760 2653 ades,
1791 2603 1793 2613 ⁴

147 2685 232 2758 «diu
254 2693 290 2758 te
316 2685 564 2781 praestolabar,
585 2693 758 2780 pertaesus
785 2681 891 2754 vitam
908 2683 1001 2757 hane
1030 2693 1136 2781 atque
1153 2687 1259 2782 hujus
1289 2713 1477 2767 aerumnas.
1499 2697 1667 2772 AEdicula
1684 2704 1761 2776 haec
1787 2675 1919 2815 fimf

146 2808 331 2892 «minosa,
365 2831 468 2902 quam
501 2808 731 2891 disturbabis,
754 2814 977 2879 convertetur
1002 2810 1088 2881 mihi
1118 2810 1156 2882 in
1181 2810 1321 2884 domum
1347 2824 1529 2903 aeternam,
1559 2844 1631 2894 non
1656 2849 1760 2899 manu
1790 2845 1845 2895 tam

146 2956 161 2987 ι
177 2932 313 3004 factam.
337 2931 510 3026 Migranti
533 2931 671 3026 quidem
700 2932 816 3004 animo
848 2933 940 3006 fores
971 2936 1016 3007 ad
1043 2936 1200 3031 requiem
1224 2940 1387 3034 aperies:
1410 2966 1555 3040 corpore
1581 2973 1664 3022 vero
1695 2953 1759 3026 tibi

146 3051 341 3126 «derelicto
366 3075 436 3125 non
454 3051 578 3146 perdiu
607 3053 653 3122 ad
679 3051 896 3148 voluptatem
922 3063 1019 3130 tuam
1044 3063 1212 3154 pasceris.
1230 3063 1324 3138 Deus
1336 3067 1387 3140 ita
1403 3069 1440 3141 in
1457 3093 1498 3144 eo
1517 3067 1666 3150 articulo
1684 3083 1759 3154 ani·

146 3202 268 3251 ‘mum
294 3201 423 3260 meum,
451 3184 486 3250 et
512 3179 681 3273 cujusque
711 3178 896 3252 christiani
927 3183 1080 3258 hominis
1106 3187 1288 3260 confirmet
1303 3189 1578 3290 inflammatque.
1599 3200 1640 3271 Id
1657 3203 1761 3279 hodie

146 3327 160 3358 κ
173 3301 245 3396 jam
274 3323 412 3374 mecum
430 3309 568 3395 reputo,
590 3302 649 3396 qui
676 3301 878 3375 redditurus
911 3306 977 3378 sim
1004 3310 1177 3383 rationem
1197 3311 1335 3384 Christo
1361 3314 1509 3390 Domino
1527 3344 1605 3393 meo
1626 3331 1662 3396 et
1687 3326 1762 3400 Deo

147 3452 161 3482 e
179 3449 251 3498 meo
265 3452 273 3512 ;
291 3425 351 3520 qui
376 3447 432 3498 me
446 3426 616 3498 conduxit
630 3427 842 3522 operarium,
860 3432 895 3499 et
909 3429 1004 3503 misit
1019 3432 1057 3503 in
1070 3434 1211 3505 vineam
1228 3456 1328 3505 suam
1345 3459 1352 3506 z
1369 3438 1428 3529 qui
1445 3461 1510 3510 sua
1527 3443 1610 3514 mihi
1628 3445 1762 3522 talenta

147 3549 224 3620 aad
246 3549 384 3622 lucrum
409 3548 557 3621 tradidit
582 3550 837 3642 commisitque.
856 3550 890 3622 Is
908 3553 968 3624 ubi
989 3557 1168 3649 quaesierit
1190 3580 1197 3627 :
1223 3557 1346 3652 ecquid
1373 3561 1485 3638 adhuc
1503 3565 1608 3659 egisti
1634 3569 1761 3661 homol

146 3697 161 3726 α
179 3671 417 3766 nunquidnam
447 3672 534 3745 mihi
552 3673 748 3769 compendii
781 3672 817 3742 in
844 3695 950 3768 opere
978 3681 1063 3752 tuot
1081 3681 1140 3754 hic
1158 3705 1224 3777 ego
1242 3684 1325 3777 quid
1343 3687 1538 3780 proferaml
1563 3717 1632 3788 quo
1661 3699 1761 3773 indu·

146 3819 161 3849 s
181 3777 301 3866 striam
315 3795 471 3866 exactori
484 3819 597 3868 meam
611 3795 815 3894 approbabo
827 3797 841 3868 i
856 3797 1039 3877 Adductus
1054 3807 1090 3877 in
1103 3808 1350 3884 verecundiam
1362 3816 1612 3914 perculsusque
1626 3823 1738 3899 dicam
1752 3854 1760 3901 ι

146 3915 338 4002 «Domine,
356 3917 480 3991 misisti
501 3942 555 3992 me
573 3921 610 3992 in
635 3921 817 4016 negotium
843 3921 889 3992 ad
913 3924 1031 3998 aulam
1058 3931 1206 4024 regiam,
1234 3934 1280 4005 ad
1316 3935 1580 4030 Sigismundum
1600 3947 1662 4029 Ill,
1678 3951 1762 4024 duo·

146 4063 252 4111 «rum
278 4039 572 4134 amplissimorum
611 4067 801 4139 regnorum
829 4050 1037 4148 principem,
1062 4055 1108 4126 ad
1123 4057 1291 4130 familiam
1311 4068 1346 4134 et
1363 4073 1525 4138 senatum
1543 4079 1578 4142 et
1604 4074 1762 4150 ordinem
1786 4062 1912 4196 ξζῖἓξέ

146 4189 161 4220 ⁸
180 4171 376 4256 equestrem
392 4171 427 4236 et
445 4187 565 4236 servos
584 4176 801 4267 caeterosque
816 4173 881 4245 sibi
895 4171 1076 4248 obnoxios.
1100 4179 1289 4267 Docebam,
1307 4188 1562 4285 monebamque
1577 4195 1761 4274 Dominum
1787 4222 1829 4276 sui
1846 4199 1933 4276 secum

147 4313 162 4344 κ
181 4311 307 4374 meum,
325 4288 502 4361 Christum
516 4297 614 4362 tuum
629 4291 740 4389 (cujus
754 4298 942 4392 plurimum
955 4299 1137 4398 intererat)
1149 4311 1210 4376 tuo
1218 4307 1320 4401 jussu
1333 4317 1463 4407 tuoque
1477 4319 1617 4394 nomine
1631 4322 1760 4415 divino,
1789 4313 1850 4368 init.

149 4441 165 4472 a
185 4421 221 4486 ut
244 4422 279 4487 te
297 4422 421 4486 noscat
447 4415 560 4487 Deum
580 4437 703 4504 suum;
731 4421 788 4516 qui
805 4420 899 4492 huno
925 4423 1105 4509 extuleris,
1134 4450 1322 4524 regemque
1339 4440 1392 4506 tot
1407 4443 1581 4513 tantarum
1600 4451 1673 4518 tam
1690 4473 1763 4522 am-

148 4561 164 4592 «
183 4535 319 4629 plerum
338 4537 495 4632 gentium
522 4542 709 4626 creaveris
731 4542 833 4638 eique
862 4552 915 4618 tot
939 4549 1151 4642 provincias,
1172 4562 1207 4625 et
1226 4555 1499 4636 innumerabiles
1525 4569 1686 4664 populos,
1703 4582 1763 4648 tuo

150 4661 381 4757 «redemptos
408 4664 595 4757 sanguine,
617 4667 831 4760 subjeceris;
865 4681 905 4745 ut
922 4675 1140 4769 sapientiam
1166 4701 1185 4749 a
1206 4686 1241 4750 te
1266 4681 1436 4775 rogitare,
1457 4693 1493 4758 et
1509 4711 1573 4763 suo
1592 4692 1667 4788 ipse
1686 4697 1764 4769 dili-

149 4809 164 4840 *
183 4785 278 4876 genti
309 4808 514 4880 comparare
545 4787 672 4872 studio,
704 4790 759 4862 sui
784 4797 1053 4871 moderatricem
1079 4800 1230 4894 imperii,
1260 4803 1367 4889 sciat;
1401 4814 1440 4878 ut
1469 4819 1664 4890 reverentia
1694 4829 1764 4895 tuae

147 4937 163 4968 ι
183 4909 380 5007 Majestatis
393 4913 530 4987 animos
542 4938 633 5023 suos
649 4917 839 5004 contineat,
863 4941 1069 5015 omnemque
1094 4929 1189 4995 amet
1222 4923 1387 5017 pietatem
1409 4953 1417 4999 :
1439 4937 1477 5004 ut
1494 4932 1763 5018 dominationem
1790 4979 1858 5049 Quid
1890 4979 1934 5036 do·

148 5061 164 5094 ι
184 5039 277 5108 tuam
296 5043 332 5110 et
347 5037 498 5132 gloriam
516 5039 719 5135 amplificet,
741 5043 944 5116 sanctuaria
960 5053 1023 5117 tua
1040 5045 1299 5142 religionesque
1317 5056 1411 5124 sarta
1428 5060 1590 5153 tectaque
1602 5075 1759 5159 praestet,
1789 5060 1934 5116 ⁰¹¹⁰‘iffl0‘

150 5181 166 5212 α
185 5174 230 5225 ex
253 5155 393 5251 legibus
422 5160 492 5232 tuis
520 5161 709 5256 imperitet,
732 5163 906 5260 jusu'tiam
936 5173 972 5240 et
1001 5167 1222 5265 disciplinam
1249 5179 1405 5260 tueatur,
1434 5179 1529 5254 cives
1553 5207 1636 5260 suos
1654 5199 1749 5265 amet
1788 5155 1843 5210 W
