4948 6654
656 824 715 892 168
1022 841 1298 904 LITUANICARUM
1323 843 1535 906 SOCIE'IATIS
1556 846 1642 908 JESU
1664 843 1918 908 IIISTORldItUltI

483 1019 546 1079 1591
655 1007 739 1082 olim
768 1013 919 1110 collega,
956 1017 1153 1094 Stanislaus
1186 1024 1469 1113 Varszevickius,
1489 1027 1524 1099 V
1553 1027 1632 1100 idus
1670 1028 1829 1102 octobres
1863 1029 2032 1115 excessit;
2076 1030 2279 1125 pestilentia

482 1103 610 1234 34⁸1}OE
653 1134 827 1210 extinctus
857 1141 893 1212 in
921 1143 1115 1219 ministerio
1146 1147 1281 1221 civibus
1306 1150 1464 1245 impenso
1490 1152 1679 1236 cracoviae,
1699 1175 1813 1224 annos
1838 1153 1887 1224 64
1913 1162 2027 1227 natus.
2048 1153 2215 1249 Sepultus
2239 1157 2276 1229 in

480 1255 627 1391 olffiffifl
651 1260 781 1355 templo
809 1263 880 1336 divi
898 1266 1059 1342 Mathiae.
1081 1270 1220 1344 Genera
1249 1273 1285 1345 in
1312 1274 1463 1347 Polonia
1493 1281 1590 1348 ortus
1617 1273 1826 1358 clarIssimo,
1850 1281 1952 1368 patre
1980 1277 2134 1362 Joanne,
2154 1279 2276 1352 Visco-

480 1399 607 1484 elogium.
648 1385 816 1478 grodensi
849 1389 943 1475 aliis,
977 1393 1128 1468 familias
1162 1396 1377 1471 Polonorum
1408 1399 1629 1473 censentibus
1664 1396 1882 1494 genealogis,
1920 1399 2148 1473 Varsaviensi
2177 1401 2272 1486 aliis,

649 1509 853 1600 castellane,
879 1515 1086 1592 adolescens
1111 1520 1293 1615 ingenium
1319 1522 1365 1592 ad
1395 1521 1531 1596 litteras
1561 1528 1686 1595 nactus
1716 1523 1984 1596 feracissimum.
2015 1524 2152 1597 Latinis
2184 1551 2275 1622 grae-

647 1632 767 1733 cisque
789 1637 961 1726 excultus,
986 1643 1031 1715 ab
1048 1643 1244 1739 Augustol
1272 1645 1487 1722 Polonorum
1510 1670 1596 1742 rege
1626 1645 1775 1741 publicis
1798 1654 1943 1719 ornatus
1970 1655 2026 1720 est
2042 1649 2269 1724 muneribus:

639 1759 716 1852 jam
734 1760 845 1856 legati
869 1765 917 1836 ad
943 1767 1190 1862 imperatorem
1207 1769 1403 1845 Turcarum
1420 1780 1455 1846 et
1479 1772 1656 1868 principes
1681 1771 1718 1840 in
1736 1771 1892 1866 Europa,
1908 1774 1985 1867 jam
2008 1774 2272 1847 scribendorum

645 1891 681 1955 et
706 1885 1005 1980 obsignandorum
1040 1894 1202 1987 magistri
1227 1895 1469 1991 diplomatum,
1503 1897 1578 1991 jam
1613 1897 1649 1964 in
1684 1893 1923 1967 ecclesiastico
1966 1904 2060 1970 statu
2095 1899 2268 1983 canonici,

644 2006 845 2081 scholastici
867 2010 1096 2103 GnesnensiS,
1114 2018 1369 2092 Posnaniensis
1397 2018 1613 2091 cancellarii.
1643 2023 1767 2095 Insulae
1793 2025 1943 2120 denique
1974 2025 2164 2122 pontificiae
2193 2027 2270 2100 viro

644 2134 875 2210 benemerito
893 2140 1122 2234 parabantur.
1144 2145 1232 2217 Haec
1249 2145 1310 2220 1116
1329 2151 1446 2221 omnia
1472 2173 1547 2244 prae
1566 2149 1696 2221 Christi
1714 2157 1932 2245 paupertate,
1953 2175 2057 2246 quam
2075 2156 2111 2225 in
2136 2155 2270 2228 familia

644 2258 776 2354 Ignatii
805 2261 974 2357 religiosa
1003 2265 1220 2352 adamasset,
1253 2268 1333 2342 aliis
1363 2274 1500 2367 putavit
1526 2271 1767 2365 relinquenda.
1795 2274 1970 2372 Acceptus
2000 2277 2035 2348 in
2070 2278 2269 2352 tirocinium

641 2386 767 2459 Romae
796 2411 890 2460 anno
916 2392 1032 2463 aetatis
1064 2392 1350 2486 quadragesime,
1379 2399 1514 2492 riteque
1536 2399 1611 2492 jam
1641 2397 1821 2469 institutus
1839 2408 2024 2472 revocatur
2053 2425 2147 2475 anno
2175 2405 2269 2479 1570

641 2510 678 2582 11
695 2511 856 2606 patriam.
880 2514 921 2584 ln
939 2515 1100 2587 omnibus
1118 2515 1241 2588 officiis
1260 2540 1392 2612 magna
1416 2545 1494 2592 cum
1520 2520 1625 2593 laude
1647 2527 1823 2605 versatus,
1845 2520 1918 2595 sive
1937 2523 2204 2599 concionaretur
2221 2529 2268 2598 ad

641 2635 759 2708 aulam
776 2639 924 2730 regiam,
946 2640 1020 2712 sive
1047 2640 1205 2734 Collegia
1222 2642 1599 2738 Rectorgubernaret.
1623 2646 1819 2718 Lacerante
1843 2635 2033 2721 Vilnenses
2050 2650 2265 2742 pestilentia,

639 2765 768 2860 ipsein
787 2766 928 2840 civitate
954 2767 998 2839 ad
1023 2769 1226 2864 praestanda
1253 2768 1472 2841 moribundis
1498 2767 1613 2840 officia
1639 2793 1717 2842 cum
1745 2770 1867 2864 paucis
1897 2772 2049 2857 restitit;
2082 2796 2194 2867 neque
2222 2797 2268 2847 ex

639 2889 707 2974 1116,
729 2891 844 2985 quise
868 2893 920 2963 ita
946 2893 1184 2977 devovissent,
1210 2894 1399 2967 desiderati
1425 2915 1493 2964 uno
1520 2891 1651 2986 plures,
1677 2893 1752 2967 Deo
1779 2891 1937 2966 servulos
1968 2917 2050 2966 suos
2075 2901 2268 2990 praestante

637 3014 843 3090 incolumes
863 3017 926 3090 Bis
960 3019 1043 3091 visit
1061 3021 1236 3106 Sueciam,
1256 3044 1279 3091 a
1297 3019 1472 3112 Gregorio
1489 3019 1581 3091 XIII
1608 3018 1654 3090 ad
1679 3039 1799 3111 regem
1823 3017 1998 3089 loannem
2020 3016 2173 3112 legatus,
2196 3019 2266 3091 Ibi·

638 3138 731 3223 dem,
751 3143 980 3214 missionariis
1011 3145 1123 3217 Sociis
1153 3144 1352 3239 praefectus,
1378 3143 1526 3216 feliciter
1557 3143 1594 3214 in
1625 3137 1798 3211 catholica
1827 3139 1953 3234 piaque
1977 3141 2067 3235 regii
2096 3143 2266 3238 principis

637 3265 855 3361 Sigismundi
879 3267 1087 3341 educatione
1117 3289 1260 3362 operam
1286 3266 1482 3339 collocavit.
1513 3263 1656 3337 Lublini
1683 3260 1880 3357 Collegium
1910 3264 2122 3359 gubernavit
2151 3287 2265 3338 annos

637 3395 728 3462 octo.
751 3389 890 3461 Primus
917 3414 937 3463 e
963 3390 1138 3463 Societate
1164 3389 1384 3462 Vallaohiam
1411 3388 1512 3472 adiit,
1533 3387 1637 3480 jussu
1666 3387 1722 3459 Pii
1748 3388 1780 3460 V
1807 3389 2000 3476 Pontificio,
2031 3414 2110 3462 cum
2133 3390 2264 3465 litteris

636 3514 794 3609 ejusdem
819 3515 865 3588 ad
896 3515 973 3609 ejus
1004 3515 1120 3610 gentis
1150 3513 1340 3608 principes.
1373 3511 1566 3584 Conciliata
1592 3511 1690 3584 ducIs
1721 3511 1974 3586 Vallachorum
2000 3512 2260 3600 benevolentia,

635 3637 813 3709 biennium
830 3638 877 3709 ibi
896 3643 1144 3720 commoratus,
1164 3636 1275 3708 multa
1304 3636 1474 3708 salutaria
1507 3634 1656 3708 confecit
1687 3639 1841 3730 negotia.
1864 3637 1919 3710 Ab
1946 3639 2042 3712 obitu
2070 3663 2134 3712 suo
2159 3642 2263 3714 annis

639 3762 791 3857 amplius
805 3763 1054 3858 decempeda)
1069 3763 1109 3834 Ρ.
1124 3763 1230 3833 Petro
1244 3759 1384 3853 Skarga
1398 3758 1512 3831 medio
1526 3758 1584 3830 die
1597 3759 1825 3852 spectabilem
1839 3784 1878 3834 se
1891 3761 2029 3848 obtulit,
2041 3763 2263 3836 decumbenti

637 3908 682 3959 61
698 3885 798 3958 febri.
830 3885 956 3957 Oranti
973 3893 1108 3980 aegroto
1136 3885 1261 3968 Deum,
1283 3885 1391 3955 vitam
1418 3881 1485 3954 sibi
1509 3903 1641 3952 annum
1669 3881 1795 3955 saltem
1824 3908 1932 3956 unum
1958 3884 2110 3959 clemens
2140 3907 2263 3980 proro-

633 4030 721 4103 gare
739 4016 777 4080 ut
801 4009 899 4096 velit,
929 4032 997 4104 quo
1021 4009 1180 4104 pluribus
1198 4009 1338 4104 pietatis
1365 4006 1488 4080 officiis
1513 4014 1655 4100 gratum
1672 4008 1747 4081 Deo
1766 4031 1867 4082 snum
1890 4034 1954 4106 pro
1976 4013 2153 4086 beneficiis
2177 4037 2261 4109 pro·

631 4131 772 4205 1166111
789 4133 945 4206 animum
964 4155 972 4204 :
993 4164 1009 4195 κ
1031 4133 1115 4226 quin
1144 4140 1192 4216 tu,
1219 4128 1345 4224 Inquit,
1365 4131 1414 4202 mi
1441 4131 1562 4214 Pater,
1584 4129 1702 4204 decem
1736 4134 1855 4227 utique
1879 4156 1992 4208 annos
2026 4137 2107 4208 vitae
2131 4159 2261 4232 propa-

630 4258 758 4353 gandae
783 4259 965 4354 precarist
988 4293 1004 4326 n
1023 4258 1132 4343 Dixit,
1153 4257 1317 4350 dictoque
1344 4257 1440 4328 ocius
1473 4256 1627 4329 evanuit.
1657 4255 1879 4329 Convalescit
1910 4259 2038 4330 Petrus
2068 4260 2257 4344 continuo;

631 4382 713 4454 inde
738 4401 851 4455 annos
869 4384 990 4456 decem
1007 4353 1104 4457 vires
1122 4389 1263 4456 exercet
1279 4383 1315 4453 in
1333 4382 1513 4457 laboribus
1540 4381 1712 4455 Ecclesiae
1735 4382 1943 4457 utilissimis.
1968 4387 2131 4458 Meminit
2155 4388 2265 4483 hujus

629 4505 802 4578 carissimi
820 4509 1055 4603 sospitatoris,
1077 4509 1161 4580 olim
1179 4507 1327 4602 collegae
1345 4509 1412 4592 sui,
1434 4509 1562 4580 Petrus
1592 4508 1629 4579 in
1660 4529 1724 4578 suo
1751 4507 1973 4603 apologetico
1998 4513 2167 4584 adversus
2184 4514 2262 4586 hae·

627 4629 756 4702 reticos
783 4629 968 4704 Societatis
990 4631 1262 4704 calumniatores
1279 4629 1369 4702 libro
1387 4631 1422 4724 (1)
1445 4655 1452 4702 :
1477 4662 1493 4692 u
1515 4630 1645 4714 videat,
1666 4629 1792 4723 inquit,
1816 4631 1887 4702 alia
1914 4632 2020 4704 etiam
2037 4633 2259 4706 lesuitarum

632 4781 648 4814 κ
671 4751 794 4838 officia,
827 4755 886 4849 qui
912 4777 972 4826 eos
998 4755 1172 4828 malitiose
1197 4755 1398 4826 insectatur.
1421 4754 1543 4826 Omnis
1569 4755 1707 4836 civitas,
1727 4753 1852 4847 inqua
1876 4754 1913 4827 hi
1931 4756 2077 4850 degunt,
2099 4780 2254 4844 omnem,

630 4904 647 4937 a
667 4898 770 4971 quam
788 4883 926 4973 tempus
945 4885 980 4950 et
997 4879 1188 4951 necessitas
1215 4876 1365 4970 flagitet,
1390 4882 1602 4970 compertam
1627 4877 1735 4948 babet
1761 4898 1826 4947 161
1852 4877 2000 4949 Istorum
2028 4877 2253 4952 charitatem.

630 5027 646 5059 u
669 5000 811 5074 Fideles
829 5009 910 5073 sunt
927 5001 1052 5073 salutis
1078 5009 1280 5086 curatores;
1310 5000 1361 5072 illi
1379 4999 1533 5072 inclusos
1550 5003 1717 5096 periculis
1742 5003 1908 5075 mortales
1927 5026 1999 5076 non
2024 5004 2222 5078 destituunt
2244 5031 2254 5078 :

628 5151 645 5183 a
668 5122 793 5196 salutis
810 5132 954 5198 aeternae
971 5147 1092 5212 causa,
1111 5126 1202 5199 ultro
1221 5150 1260 5202 se
1286 5127 1321 5200 in
1347 5127 1551 5200 discrimina
1579 5127 1662 5200 vitae
1688 5127 1880 5222 objiciunt:
1901 5128 2049 5202 miseros
2078 5127 2255 5216 solantur,

666 5259 706 5336 (1)
730 5259 791 5322 Lib.
810 5261 903 5320 Proto
917 5267 1012 5333 atera,
1025 5271 1097 5324 sect.
1112 5267 1141 5337 3,
1154 5267 1255 5344 pagiua
1268 5269 1337 5324 177,
