<?xml version="1.0" encoding="UTF-8"?>
<!DOCTYPE html PUBLIC "-//W3C//DTD XHTML 1.0 Transitional//EN"
    "http://www.w3.org/TR/xhtml1/DTD/xhtml1-transitional.dtd">
<html xmlns="http://www.w3.org/1999/xhtml" xml:lang="en" lang="en">
 <head>
  <title>
</title>
<meta http-equiv="Content-Type" content="text/html;charset=utf-8" />
  <meta name='ocr-system' content='tesseract 3.04.00' />
  <meta name='ocr-capabilities' content='ocr_page ocr_carea ocr_par ocr_line ocrx_word'/>
</head>
<body>
  <div class='ocr_page' id='page_1' title='image "./lituanicarumsoc00rostgoog_0038.png"; bbox 0 0 4906 6642; ppageno 0'>
   <div class='ocr_carea' id='block_1_1' title="bbox 721 673 1779 756">
    <p class='ocr_par' dir='ltr' id='par_1_1' title="bbox 721 673 1779 756">
     <span class='ocr_line' id='line_1_1' title="bbox 721 673 1779 756; baseline 0 -20"><span class='ocrx_word' id='word_1_1' title='bbox 721 677 829 736; x_wconf 83' lang='lat' dir='ltr'>LIBER</span> <span class='ocrx_word' id='word_1_2' title='bbox 853 676 990 738; x_wconf 83' lang='lat' dir='ltr'><strong>PltlllUS</strong></span> <span class='ocrx_word' id='word_1_3' title='bbox 1013 675 1224 756; x_wconf 69' lang='lat' dir='ltr'><strong>(test-1570).</strong></span> <span class='ocrx_word' id='word_1_4' title='bbox 1742 673 1779 736; x_wconf 92' lang='grc'><strong>11</strong></span> 
     </span>
    </p>
   </div>
   <div class='ocr_carea' id='block_1_2' title="bbox 123 855 1988 4806">
    <p class='ocr_par' dir='ltr' id='par_1_2' title="bbox 180 855 1953 1700">
     <span class='ocr_line' id='line_1_2' title="bbox 186 855 1895 954; baseline -0.006 -18"><span class='ocrx_word' id='word_1_5' title='bbox 186 885 241 936; x_wconf 91' lang='lat' dir='ltr'><strong>non</strong></span> <span class='ocrx_word' id='word_1_6' title='bbox 255 859 410 933; x_wconf 78' lang='lat' dir='ltr'><strong>interfuit</strong></span> <span class='ocrx_word' id='word_1_7' title='bbox 440 865 588 943; x_wconf 88' lang='lat' dir='ltr'><strong>tantum,</strong></span> <span class='ocrx_word' id='word_1_8' title='bbox 623 858 686 930; x_wconf 90' lang='lat' dir='ltr'><strong>sed</strong></span> <span class='ocrx_word' id='word_1_9' title='bbox 720 857 874 930; x_wconf 87' lang='lat' dir='ltr'><strong>Romani</strong></span> <span class='ocrx_word' id='word_1_10' title='bbox 901 857 1080 932; x_wconf 87' lang='lat' dir='ltr'><strong>Pontificis</strong></span> <span class='ocrx_word' id='word_1_11' title='bbox 1102 859 1242 932; x_wconf 92' lang='lat' dir='ltr'><strong>nomine</strong></span> <span class='ocrx_word' id='word_1_12' title='bbox 1271 859 1378 934; x_wconf 93' lang='lat' dir='ltr'><strong>etiam</strong></span> <span class='ocrx_word' id='word_1_13' title='bbox 1394 858 1621 954; x_wconf 88' lang='lat' dir='ltr'><strong>praesidebat.</strong></span> <span class='ocrx_word' id='word_1_14' title='bbox 1644 855 1778 931; x_wconf 78' lang='lat' dir='ltr'><strong>canisii</strong></span> <span class='ocrx_word' id='word_1_15' title='bbox 1862 865 1895 954; x_wconf 33' lang='lat'><strong>¹2.</strong></span> 
     </span>
     <span class='ocr_line' id='line_1_3' title="bbox 184 941 1953 1081; baseline -0.003 -24"><span class='ocrx_word' id='word_1_16' title='bbox 184 1008 297 1081; x_wconf 87' lang='lat' dir='ltr'><strong>quoque</strong></span> <span class='ocrx_word' id='word_1_17' title='bbox 314 972 361 1057; x_wconf 81' lang='lat' dir='ltr'><strong>&#39;et</strong></span> <span class='ocrx_word' id='word_1_18' title='bbox 393 981 622 1078; x_wconf 87' lang='lat' dir='ltr'><strong>complurium</strong></span> <span class='ocrx_word' id='word_1_19' title='bbox 654 1004 673 1056; x_wconf 91' lang='lat' dir='ltr'><strong>e</strong></span> <span class='ocrx_word' id='word_1_20' title='bbox 700 981 872 1055; x_wconf 86' lang='lat' dir='ltr'><strong>Societate</strong></span> <span class='ocrx_word' id='word_1_21' title='bbox 913 983 1000 1056; x_wconf 84' lang='lat' dir='ltr'><strong>Jesu</strong></span> <span class='ocrx_word' id='word_1_22' title='bbox 1034 982 1202 1067; x_wconf 92' lang='lat' dir='ltr'><strong>virorum,</strong></span> <span class='ocrx_word' id='word_1_23' title='bbox 1223 984 1392 1058; x_wconf 87' lang='lat' dir='ltr'><strong>adversus</strong></span> <span class='ocrx_word' id='word_1_24' title='bbox 1422 981 1607 1055; x_wconf 83' lang='lat' dir='ltr'><strong>haereticos</strong></span> <span class='ocrx_word' id='word_1_25' title='bbox 1636 988 1778 1054; x_wconf 86' lang='lat' dir='ltr'><strong>strenue</strong></span> <span class='ocrx_word' id='word_1_26' title='bbox 1803 941 1953 1077; x_wconf 51' lang='lat' dir='ltr'><strong>{mg</strong></span> 
     </span>
     <span class='ocr_line' id='line_1_4' title="bbox 182 1100 1953 1232; baseline -0.004 -50"><span class='ocrx_word' id='word_1_27' title='bbox 182 1107 405 1206; x_wconf 81' lang='lat' dir='ltr'><strong>pugnantium,</strong></span> <span class='ocrx_word' id='word_1_28' title='bbox 425 1106 522 1178; x_wconf 80' lang='lat' dir='ltr'><strong>fama</strong></span> <span class='ocrx_word' id='word_1_29' title='bbox 546 1107 590 1180; x_wconf 91' lang='lat' dir='ltr'><strong>de</strong></span> <span class='ocrx_word' id='word_1_30' title='bbox 608 1104 740 1201; x_wconf 90' lang='lat' dir='ltr'><strong>pietate</strong></span> <span class='ocrx_word' id='word_1_31' title='bbox 756 1114 792 1180; x_wconf 91' lang='lat' dir='ltr'><strong>et</strong></span> <span class='ocrx_word' id='word_1_32' title='bbox 817 1106 978 1179; x_wconf 90' lang='lat' dir='ltr'><strong>doctrina</strong></span> <span class='ocrx_word' id='word_1_33' title='bbox 993 1108 1203 1202; x_wconf 83' lang='lat' dir='ltr'><strong>percrebuit.</strong></span> <span class='ocrx_word' id='word_1_34' title='bbox 1223 1107 1279 1180; x_wconf 83' lang='lat' dir='ltr'><strong>Ex</strong></span> <span class='ocrx_word' id='word_1_35' title='bbox 1295 1108 1421 1180; x_wconf 88' lang='lat' dir='ltr'><strong>horum</strong></span> <span class='ocrx_word' id='word_1_36' title='bbox 1443 1129 1529 1202; x_wconf 85' lang='lat' dir='ltr'><strong>ergo</strong></span> <span class='ocrx_word' id='word_1_37' title='bbox 1559 1103 1686 1178; x_wconf 87' lang='lat' dir='ltr'><strong>castris</strong></span> <span class='ocrx_word' id='word_1_38' title='bbox 1707 1105 1775 1176; x_wconf 91' lang='lat' dir='ltr'><strong>viri</strong></span> <span class='ocrx_word' id='word_1_39' title='bbox 1804 1100 1953 1232; x_wconf 48' lang='lat' dir='ltr'><strong>&amp;FinVDssj</strong></span> 
     </span>
     <span class='ocr_line' id='line_1_5' title="bbox 182 1194 1939 1328; baseline -0.004 -20"><span class='ocrx_word' id='word_1_40' title='bbox 182 1239 210 1308; x_wconf 95' lang='lat' dir='ltr'><strong>in</strong></span> <span class='ocrx_word' id='word_1_41' title='bbox 223 1235 408 1319; x_wconf 87' lang='lat' dir='ltr'><strong>Varmiam,</strong></span> <span class='ocrx_word' id='word_1_42' title='bbox 428 1234 640 1321; x_wconf 87' lang='lat' dir='ltr'><strong>Lituaniam,</strong></span> <span class='ocrx_word' id='word_1_43' title='bbox 657 1232 840 1307; x_wconf 86' lang='lat' dir='ltr'><strong>Poloniam</strong></span> <span class='ocrx_word' id='word_1_44' title='bbox 862 1231 1022 1304; x_wconf 89' lang='lat' dir='ltr'><strong>certatim</strong></span> <span class='ocrx_word' id='word_1_45' title='bbox 1041 1254 1063 1302; x_wconf 96' lang='lat' dir='ltr'><strong>a</strong></span> <span class='ocrx_word' id='word_1_46' title='bbox 1088 1232 1188 1305; x_wconf 91' lang='lat' dir='ltr'><strong>bonis</strong></span> <span class='ocrx_word' id='word_1_47' title='bbox 1215 1233 1431 1328; x_wconf 89' lang='lat' dir='ltr'><strong>principibus</strong></span> <span class='ocrx_word' id='word_1_48' title='bbox 1447 1231 1603 1305; x_wconf 90' lang='lat' dir='ltr'><strong>invitari.</strong></span> <span class='ocrx_word' id='word_1_49' title='bbox 1633 1231 1776 1302; x_wconf 89' lang='lat' dir='ltr'><strong>Primus</strong></span> <span class='ocrx_word' id='word_1_50' title='bbox 1804 1194 1939 1312; x_wconf 65' lang='lat' dir='ltr'><strong>lllllmnl</strong></span> 
     </span>
     <span class='ocr_line' id='line_1_6' title="bbox 182 1334 1939 1468; baseline -0.005 -36"><span class='ocrx_word' id='word_1_51' title='bbox 182 1360 280 1432; x_wconf 89' lang='lat' dir='ltr'><strong>Socios</strong></span> <span class='ocrx_word' id='word_1_52' title='bbox 310 1358 443 1431; x_wconf 86' lang='lat' dir='ltr'><strong>Hosius</strong></span> <span class='ocrx_word' id='word_1_53' title='bbox 474 1355 672 1431; x_wconf 81' lang='lat' dir='ltr'><strong>cardinalis</strong></span> <span class='ocrx_word' id='word_1_54' title='bbox 688 1357 726 1429; x_wconf 93' lang='lat' dir='ltr'><strong>in</strong></span> <span class='ocrx_word' id='word_1_55' title='bbox 743 1355 925 1428; x_wconf 90' lang='lat' dir='ltr'><strong>Varmiam</strong></span> <span class='ocrx_word' id='word_1_56' title='bbox 959 1355 1104 1428; x_wconf 85' lang='lat' dir='ltr'><strong>deduxit</strong></span> <span class='ocrx_word' id='word_1_57' title='bbox 1121 1356 1300 1442; x_wconf 87' lang='lat' dir='ltr'><strong>undenos;</strong></span> <span class='ocrx_word' id='word_1_58' title='bbox 1334 1356 1517 1450; x_wconf 85' lang='lat' dir='ltr'><strong>assignato</strong></span> <span class='ocrx_word' id='word_1_59' title='bbox 1535 1354 1776 1447; x_wconf 88' lang='lat' dir='ltr'><strong>Brunsbergae</strong></span> <span class='ocrx_word' id='word_1_60' title='bbox 1805 1334 1939 1468; x_wconf 51' lang='lat' dir='ltr'><strong>{affirm</strong></span> 
     </span>
     <span class='ocr_line' id='line_1_7' title="bbox 181 1475 1908 1562; baseline -0.003 -8"><span class='ocrx_word' id='word_1_61' title='bbox 181 1481 333 1555; x_wconf 90' lang='lat' dir='ltr'><strong>domicilio</strong></span> <span class='ocrx_word' id='word_1_62' title='bbox 367 1482 405 1553; x_wconf 90' lang='lat' dir='ltr'><strong>in</strong></span> <span class='ocrx_word' id='word_1_63' title='bbox 438 1482 578 1556; x_wconf 89' lang='lat' dir='ltr'><strong>deserto</strong></span> <span class='ocrx_word' id='word_1_64' title='bbox 613 1480 932 1554; x_wconf 87' lang='lat' dir='ltr'><strong>Franciscanorum</strong></span> <span class='ocrx_word' id='word_1_65' title='bbox 962 1479 1134 1552; x_wconf 88' lang='lat' dir='ltr'><strong>coenobio.</strong></span> <span class='ocrx_word' id='word_1_66' title='bbox 1166 1478 1270 1551; x_wconf 80' lang='lat' dir='ltr'><strong>Anno</strong></span> <span class='ocrx_word' id='word_1_67' title='bbox 1292 1479 1416 1552; x_wconf 90' lang='lat' dir='ltr'><strong>salutis</strong></span> <span class='ocrx_word' id='word_1_68' title='bbox 1445 1478 1551 1558; x_wconf 78' lang='lat'><strong>1564.</strong></span> <span class='ocrx_word' id='word_1_69' title='bbox 1584 1501 1607 1549; x_wconf 90' lang='lat' dir='ltr'><strong>a</strong></span> <span class='ocrx_word' id='word_1_70' title='bbox 1636 1475 1780 1549; x_wconf 90' lang='lat' dir='ltr'><strong>condita</strong></span> <span class='ocrx_word' id='word_1_71' title='bbox 1815 1493 1908 1562; x_wconf 75' lang='lat' dir='ltr'><strong>targa.</strong></span> 
     </span>
     <span class='ocr_line' id='line_1_8' title="bbox 180 1599 1777 1700; baseline -0.004 -22"><span class='ocrx_word' id='word_1_72' title='bbox 180 1605 336 1678; x_wconf 87' lang='lat' dir='ltr'><strong>Societate</strong></span> <span class='ocrx_word' id='word_1_73' title='bbox 362 1603 504 1688; x_wconf 89' lang='lat' dir='ltr'>XXVI,</span> <span class='ocrx_word' id='word_1_74' title='bbox 526 1603 723 1700; x_wconf 78' lang='lat' dir='ltr'><strong>Praeposito</strong></span> <span class='ocrx_word' id='word_1_75' title='bbox 737 1600 903 1677; x_wconf 83' lang='lat' dir='ltr'><strong>Generali</strong></span> <span class='ocrx_word' id='word_1_76' title='bbox 930 1601 977 1685; x_wconf 90' lang='grc' dir='ltr'><strong>ΙΙ,</strong></span> <span class='ocrx_word' id='word_1_77' title='bbox 1006 1600 1140 1673; x_wconf 85' lang='lat' dir='ltr'><strong>Jacobo</strong></span> <span class='ocrx_word' id='word_1_78' title='bbox 1168 1602 1307 1686; x_wconf 91' lang='lat' dir='ltr'><strong>Lainio,</strong></span> <span class='ocrx_word' id='word_1_79' title='bbox 1329 1601 1423 1675; x_wconf 89' lang='lat' dir='ltr'><strong>Socii</strong></span> <span class='ocrx_word' id='word_1_80' title='bbox 1452 1624 1497 1675; x_wconf 83' lang='lat' dir='ltr'><strong>ex</strong></span> <span class='ocrx_word' id='word_1_81' title='bbox 1513 1599 1618 1674; x_wconf 89' lang='lat' dir='ltr'><strong>ltalia</strong></span> <span class='ocrx_word' id='word_1_82' title='bbox 1634 1607 1668 1672; x_wconf 90' lang='lat' dir='ltr'><strong>et</strong></span> <span class='ocrx_word' id='word_1_83' title='bbox 1689 1599 1777 1672; x_wconf 82' lang='lat' dir='ltr'><strong>Ger-</strong></span> 
     </span>
    </p>

    <p class='ocr_par' dir='ltr' id='par_1_3' title="bbox 178 1721 1871 1942">
     <span class='ocr_line' id='line_1_9' title="bbox 178 1721 1871 1822; baseline 0.002 -24"><span class='ocrx_word' id='word_1_84' title='bbox 178 1727 277 1798; x_wconf 89' lang='lat' dir='ltr'><strong>mania</strong></span> <span class='ocrx_word' id='word_1_85' title='bbox 306 1727 439 1822; x_wconf 89' lang='lat' dir='ltr'><strong>accepti</strong></span> <span class='ocrx_word' id='word_1_86' title='bbox 482 1726 520 1797; x_wconf 88' lang='lat' dir='ltr'><strong>in</strong></span> <span class='ocrx_word' id='word_1_87' title='bbox 554 1726 759 1812; x_wconf 81' lang='lat' dir='ltr'><strong>Varmiam3</strong></span> <span class='ocrx_word' id='word_1_88' title='bbox 804 1725 976 1820; x_wconf 88' lang='lat' dir='ltr'><strong>probante</strong></span> <span class='ocrx_word' id='word_1_89' title='bbox 1017 1724 1183 1797; x_wconf 85' lang='lat' dir='ltr'><strong>antistitis</strong></span> <span class='ocrx_word' id='word_1_90' title='bbox 1212 1725 1267 1798; x_wconf 91' lang='lat' dir='ltr'><strong>sui</strong></span> <span class='ocrx_word' id='word_1_91' title='bbox 1308 1725 1492 1798; x_wconf 89' lang='lat' dir='ltr'><strong>consilium</strong></span> <span class='ocrx_word' id='word_1_92' title='bbox 1521 1723 1557 1820; x_wconf 76' lang='grc' dir='ltr'><strong>(ι)</strong></span> <span class='ocrx_word' id='word_1_93' title='bbox 1587 1721 1779 1797; x_wconf 88' lang='lat' dir='ltr'><strong>venerabili</strong></span> <span class='ocrx_word' id='word_1_94' title='bbox 1801 1748 1871 1814; x_wconf 72' lang='lat' dir='ltr'><strong>v1564</strong></span> 
     </span>
     <span class='ocr_line' id='line_1_10' title="bbox 178 1847 1779 1942; baseline -0.003 -19"><span class='ocrx_word' id='word_1_95' title='bbox 178 1851 405 1924; x_wconf 90' lang='lat' dir='ltr'><strong>canonicorum</strong></span> <span class='ocrx_word' id='word_1_96' title='bbox 438 1849 697 1923; x_wconf 89' lang='lat' dir='ltr'><strong>Varmiensium</strong></span> <span class='ocrx_word' id='word_1_97' title='bbox 724 1847 894 1942; x_wconf 85' lang='lat' dir='ltr'><strong>collegio:</strong></span> <span class='ocrx_word' id='word_1_98' title='bbox 927 1847 1160 1942; x_wconf 87' lang='lat' dir='ltr'><strong>praesentibus</strong></span> <span class='ocrx_word' id='word_1_99' title='bbox 1195 1851 1332 1922; x_wconf 92' lang='lat' dir='ltr'><strong>duobus</strong></span> <span class='ocrx_word' id='word_1_100' title='bbox 1375 1849 1632 1934; x_wconf 85' lang='lat' dir='ltr'><strong>Gardinalibus,</strong></span> <span class='ocrx_word' id='word_1_101' title='bbox 1667 1847 1779 1920; x_wconf 89' lang='lat' dir='ltr'><strong>Hosio</strong></span> 
     </span>
    </p>

    <p class='ocr_par' dir='ltr' id='par_1_4' title="bbox 178 1973 1781 2071">
     <span class='ocr_line' id='line_1_11' title="bbox 178 1973 1781 2071; baseline -0.003 -21"><span class='ocrx_word' id='word_1_102' title='bbox 178 1987 204 2050; x_wconf 90' lang='lat' dir='ltr'><strong>et</strong></span> <span class='ocrx_word' id='word_1_103' title='bbox 227 1978 360 2050; x_wconf 87' lang='lat' dir='ltr'><strong>Joanne</strong></span> <span class='ocrx_word' id='word_1_104' title='bbox 390 1975 582 2048; x_wconf 85' lang='lat' dir='ltr'><strong>Francisco</strong></span> <span class='ocrx_word' id='word_1_105' title='bbox 617 1973 891 2060; x_wconf 87' lang='lat' dir='ltr'><strong>Commendono,</strong></span> <span class='ocrx_word' id='word_1_106' title='bbox 927 1995 1052 2047; x_wconf 89' lang='lat' dir='ltr'><strong>recens</strong></span> <span class='ocrx_word' id='word_1_107' title='bbox 1079 1973 1149 2063; x_wconf 88' lang='lat' dir='ltr'><strong>hoc</strong></span> <span class='ocrx_word' id='word_1_108' title='bbox 1179 1975 1340 2048; x_wconf 89' lang='lat' dir='ltr'><strong>Romana</strong></span> <span class='ocrx_word' id='word_1_109' title='bbox 1375 1983 1498 2047; x_wconf 90' lang='lat' dir='ltr'><strong>ornato</strong></span> <span class='ocrx_word' id='word_1_110' title='bbox 1529 1995 1697 2071; x_wconf 89' lang='lat' dir='ltr'><strong>purpura,</strong></span> <span class='ocrx_word' id='word_1_111' title='bbox 1718 1996 1781 2068; x_wconf 92' lang='lat' dir='ltr'><strong>per</strong></span> 
     </span>
    </p>

    <p class='ocr_par' dir='ltr' id='par_1_5' title="bbox 176 2096 1782 2317">
     <span class='ocr_line' id='line_1_12' title="bbox 176 2096 1782 2192; baseline -0.001 -23"><span class='ocrx_word' id='word_1_112' title='bbox 176 2121 282 2170; x_wconf 88' lang='lat' dir='ltr'><strong>nanus</strong></span> <span class='ocrx_word' id='word_1_113' title='bbox 316 2097 418 2170; x_wconf 88' lang='lat' dir='ltr'><strong>Hosii</strong></span> <span class='ocrx_word' id='word_1_114' title='bbox 448 2096 580 2170; x_wconf 88' lang='lat' dir='ltr'><strong>delata.</strong></span> <span class='ocrx_word' id='word_1_115' title='bbox 619 2098 660 2169; x_wconf 93' lang='lat' dir='ltr'><strong>ln</strong></span> <span class='ocrx_word' id='word_1_116' title='bbox 689 2097 949 2192; x_wconf 89' lang='lat' dir='ltr'><strong>possessionem</strong></span> <span class='ocrx_word' id='word_1_117' title='bbox 978 2096 1144 2170; x_wconf 85' lang='lat' dir='ltr'><strong>domicilii</strong></span> <span class='ocrx_word' id='word_1_118' title='bbox 1171 2097 1299 2172; x_wconf 88' lang='lat' dir='ltr'><strong>incolae</strong></span> <span class='ocrx_word' id='word_1_119' title='bbox 1329 2100 1425 2171; x_wconf 93' lang='lat' dir='ltr'><strong>novi·</strong></span> <span class='ocrx_word' id='word_1_120' title='bbox 1448 2122 1569 2173; x_wconf 87' lang='lat' dir='ltr'><strong>mense</strong></span> <span class='ocrx_word' id='word_1_121' title='bbox 1599 2097 1782 2171; x_wconf 89' lang='lat' dir='ltr'><strong>novembri</strong></span> 
     </span>
     <span class='ocr_line' id='line_1_13' title="bbox 176 2219 1782 2317; baseline 0.001 -25"><span class='ocrx_word' id='word_1_122' title='bbox 176 2219 416 2315; x_wconf 83' lang='lat' dir='ltr'><strong>immigrarunt.</strong></span> <span class='ocrx_word' id='word_1_123' title='bbox 452 2219 665 2294; x_wconf 86' lang='lat' dir='ltr'><strong>Confirmata</strong></span> <span class='ocrx_word' id='word_1_124' title='bbox 696 2219 815 2295; x_wconf 89' lang='lat' dir='ltr'><strong>statim</strong></span> <span class='ocrx_word' id='word_1_125' title='bbox 845 2219 994 2314; x_wconf 90' lang='lat' dir='ltr'><strong>publicis</strong></span> <span class='ocrx_word' id='word_1_126' title='bbox 1018 2221 1171 2316; x_wconf 83' lang='lat' dir='ltr'><strong>episcopi</strong></span> <span class='ocrx_word' id='word_1_127' title='bbox 1196 2221 1324 2294; x_wconf 89' lang='lat' dir='ltr'><strong>tabulis</strong></span> <span class='ocrx_word' id='word_1_128' title='bbox 1351 2223 1493 2300; x_wconf 87' lang='lat' dir='ltr'><strong>colonia</strong></span> <span class='ocrx_word' id='word_1_129' title='bbox 1517 2222 1585 2295; x_wconf 91' lang='lat' dir='ltr'><strong>hoc</strong></span> <span class='ocrx_word' id='word_1_130' title='bbox 1602 2222 1678 2317; x_wconf 89' lang='lat' dir='ltr'><strong>ipso</strong></span> <span class='ocrx_word' id='word_1_131' title='bbox 1697 2230 1782 2294; x_wconf 92' lang='lat' dir='ltr'><strong>tem·</strong></span> 
     </span>
    </p>

    <p class='ocr_par' dir='ltr' id='par_1_6' title="bbox 176 2343 1782 2442">
     <span class='ocr_line' id='line_1_14' title="bbox 176 2343 1782 2442; baseline -0.001 -23"><span class='ocrx_word' id='word_1_132' title='bbox 176 2369 258 2442; x_wconf 91' lang='lat' dir='ltr'><strong>pore,</strong></span> <span class='ocrx_word' id='word_1_133' title='bbox 277 2347 441 2442; x_wconf 85' lang='lat' dir='ltr'><strong>deinceps</strong></span> <span class='ocrx_word' id='word_1_134' title='bbox 466 2368 559 2418; x_wconf 90' lang='lat' dir='ltr'><strong>anno</strong></span> <span class='ocrx_word' id='word_1_135' title='bbox 587 2344 785 2438; x_wconf 86' lang='lat' dir='ltr'><strong>insequenti</strong></span> <span class='ocrx_word' id='word_1_136' title='bbox 802 2367 866 2439; x_wconf 90' lang='lat' dir='ltr'><strong>per</strong></span> <span class='ocrx_word' id='word_1_137' title='bbox 884 2345 1067 2441; x_wconf 81' lang='lat' dir='ltr'><strong>Synodum</strong></span> <span class='ocrx_word' id='word_1_138' title='bbox 1096 2343 1344 2417; x_wconf 88' lang='lat' dir='ltr'><strong>canonicorum</strong></span> <span class='ocrx_word' id='word_1_139' title='bbox 1362 2345 1634 2428; x_wconf 84' lang='lat' dir='ltr'><strong>Provincialem,</strong></span> <span class='ocrx_word' id='word_1_140' title='bbox 1665 2345 1782 2420; x_wconf 91' lang='lat' dir='ltr'><strong>Heils-</strong></span> 
     </span>
    </p>

    <p class='ocr_par' dir='ltr' id='par_1_7' title="bbox 166 2448 1955 4185">
     <span class='ocr_line' id='line_1_15' title="bbox 175 2448 1952 2594; baseline -0.001 -50"><span class='ocrx_word' id='word_1_141' title='bbox 175 2471 278 2568; x_wconf 86' lang='lat' dir='ltr'><strong>bcrgae</strong></span> <span class='ocrx_word' id='word_1_142' title='bbox 306 2470 477 2558; x_wconf 79' lang='lat' dir='ltr'><strong>habitam,</strong></span> <span class='ocrx_word' id='word_1_143' title='bbox 510 2470 637 2544; x_wconf 87' lang='lat' dir='ltr'><strong>deinde</strong></span> <span class='ocrx_word' id='word_1_144' title='bbox 661 2492 682 2542; x_wconf 89' lang='lat' dir='ltr'><strong>a</strong></span> <span class='ocrx_word' id='word_1_145' title='bbox 709 2469 881 2542; x_wconf 90' lang='lat' dir='ltr'><strong>Romano.</strong></span> <span class='ocrx_word' id='word_1_146' title='bbox 907 2469 1078 2542; x_wconf 90' lang='lat' dir='ltr'><strong>Pontifice</strong></span> <span class='ocrx_word' id='word_1_147' title='bbox 1107 2468 1172 2540; x_wconf 92' lang='lat' dir='ltr'><strong>Pio</strong></span> <span class='ocrx_word' id='word_1_148' title='bbox 1204 2469 1238 2539; x_wconf 88' lang='lat' dir='ltr'>V</span> <span class='ocrx_word' id='word_1_149' title='bbox 1270 2491 1363 2541; x_wconf 89' lang='lat' dir='ltr'><strong>anno</strong></span> <span class='ocrx_word' id='word_1_150' title='bbox 1402 2470 1507 2544; x_wconf 83' lang='lat'><strong>1571.</strong></span> <span class='ocrx_word' id='word_1_151' title='bbox 1547 2469 1780 2543; x_wconf 90' lang='lat' dir='ltr'><strong>Duodecimus</strong></span> <span class='ocrx_word' id='word_1_152' title='bbox 1805 2448 1952 2594; x_wconf 40' lang='lat' dir='ltr'><strong>{gisiace-</strong></span> 
     </span>
     <span class='ocr_line' id='line_1_16' title="bbox 174 2591 1921 2698; baseline 0.003 -30"><span class='ocrx_word' id='word_1_153' title='bbox 174 2593 329 2668; x_wconf 78' lang='lat' dir='ltr'><strong>kalendas</strong></span> <span class='ocrx_word' id='word_1_154' title='bbox 354 2595 571 2691; x_wconf 91' lang='lat' dir='ltr'><strong>septembres</strong></span> <span class='ocrx_word' id='word_1_155' title='bbox 588 2615 653 2688; x_wconf 93' lang='lat' dir='ltr'><strong>pro</strong></span> <span class='ocrx_word' id='word_1_156' title='bbox 666 2591 778 2666; x_wconf 88' lang='lat' dir='ltr'><strong>natali</strong></span> <span class='ocrx_word' id='word_1_157' title='bbox 795 2593 872 2687; x_wconf 92' lang='lat' dir='ltr'><strong>ejus</strong></span> <span class='ocrx_word' id='word_1_158' title='bbox 892 2592 1040 2688; x_wconf 86' lang='lat' dir='ltr'><strong>Collegii</strong></span> <span class='ocrx_word' id='word_1_159' title='bbox 1057 2593 1113 2666; x_wconf 92' lang='lat' dir='ltr'><strong>die</strong></span> <span class='ocrx_word' id='word_1_160' title='bbox 1136 2601 1221 2688; x_wconf 91' lang='lat' dir='ltr'><strong>quot</strong></span> <span class='ocrx_word' id='word_1_161' title='bbox 1243 2595 1346 2667; x_wconf 89' lang='lat' dir='ltr'><strong>annis</strong></span> <span class='ocrx_word' id='word_1_162' title='bbox 1368 2593 1536 2688; x_wconf 78' lang='lat' dir='ltr'><strong>religiose</strong></span> <span class='ocrx_word' id='word_1_163' title='bbox 1554 2595 1777 2682; x_wconf 88' lang='lat' dir='ltr'><strong>observatur,</strong></span> <span class='ocrx_word' id='word_1_164' title='bbox 1807 2603 1921 2698; x_wconf 62' lang='lat' dir='ltr'><strong>schoaii</strong></span> 
     </span>
     <span class='ocr_line' id='line_1_17' title="bbox 174 2685 1952 2818; baseline 0.001 -29"><span class='ocrx_word' id='word_1_165' title='bbox 174 2741 229 2812; x_wconf 95' lang='lat' dir='ltr'><strong>quo</strong></span> <span class='ocrx_word' id='word_1_166' title='bbox 260 2717 393 2791; x_wconf 90' lang='lat' dir='ltr'><strong>scilicet</strong></span> <span class='ocrx_word' id='word_1_167' title='bbox 422 2717 466 2790; x_wconf 92' lang='lat' dir='ltr'><strong>de</strong></span> <span class='ocrx_word' id='word_1_168' title='bbox 497 2717 712 2790; x_wconf 81' lang='lat' dir='ltr'><strong>collocandis</strong></span> <span class='ocrx_word' id='word_1_169' title='bbox 736 2717 978 2812; x_wconf 84' lang='lat' dir='ltr'><strong>Brunsbergae</strong></span> <span class='ocrx_word' id='word_1_170' title='bbox 1010 2717 1121 2790; x_wconf 88' lang='lat' dir='ltr'><strong>Sociis</strong></span> <span class='ocrx_word' id='word_1_171' title='bbox 1138 2719 1319 2813; x_wconf 83' lang='lat' dir='ltr'><strong>negotium</strong></span> <span class='ocrx_word' id='word_1_172' title='bbox 1352 2742 1415 2814; x_wconf 91' lang='lat' dir='ltr'><strong>per</strong></span> <span class='ocrx_word' id='word_1_173' title='bbox 1446 2718 1627 2814; x_wconf 82' lang='lat' dir='ltr'><strong>Synodum</strong></span> <span class='ocrx_word' id='word_1_174' title='bbox 1657 2720 1781 2793; x_wconf 90' lang='lat' dir='ltr'><strong>eodem</strong></span> <span class='ocrx_word' id='word_1_175' title='bbox 1807 2685 1861 2818; x_wconf 49' lang='grc' dir='ltr'><strong>ἓξ</strong></span> <span class='ocrx_word' id='word_1_176' title='bbox 1875 2689 1952 2740; x_wconf 54' lang='grc' dir='ltr'><strong>Μ’</strong></span> 
     </span>
     <span class='ocr_line' id='line_1_18' title="bbox 172 2841 1781 2938; baseline 0.001 -25"><span class='ocrx_word' id='word_1_177' title='bbox 172 2863 251 2914; x_wconf 85' lang='lat' dir='ltr'><strong>anno</strong></span> <span class='ocrx_word' id='word_1_178' title='bbox 285 2847 513 2914; x_wconf 89' lang='lat' dir='ltr'><strong>transactum.</strong></span> <span class='ocrx_word' id='word_1_179' title='bbox 546 2841 600 2913; x_wconf 91' lang='lat' dir='ltr'><strong>De</strong></span> <span class='ocrx_word' id='word_1_180' title='bbox 629 2841 845 2913; x_wconf 87' lang='lat' dir='ltr'><strong>advenamm</strong></span> <span class='ocrx_word' id='word_1_181' title='bbox 877 2841 1058 2915; x_wconf 86' lang='lat' dir='ltr'><strong>Sociorum</strong></span> <span class='ocrx_word' id='word_1_182' title='bbox 1087 2842 1288 2914; x_wconf 92' lang='lat' dir='ltr'><strong>nominibus</strong></span> <span class='ocrx_word' id='word_1_183' title='bbox 1310 2841 1411 2916; x_wconf 88' lang='lat' dir='ltr'><strong>nihil</strong></span> <span class='ocrx_word' id='word_1_184' title='bbox 1441 2843 1479 2915; x_wconf 96' lang='lat' dir='ltr'><strong>in</strong></span> <span class='ocrx_word' id='word_1_185' title='bbox 1508 2841 1781 2938; x_wconf 87' lang='lat' dir='ltr'><strong>provincialibus</strong></span> 
     </span>
     <span class='ocr_line' id='line_1_19' title="bbox 170 2941 1919 3090; baseline -0.003 -48"><span class='ocrx_word' id='word_1_186' title='bbox 170 2969 409 3056; x_wconf 86' lang='lat' dir='ltr'><strong>monumentis;</strong></span> <span class='ocrx_word' id='word_1_187' title='bbox 431 2993 474 3044; x_wconf 86' lang='lat' dir='ltr'><strong>ex</strong></span> <span class='ocrx_word' id='word_1_188' title='bbox 500 2968 672 3044; x_wconf 85' lang='lat' dir='ltr'><strong>Sacchino</strong></span> <span class='ocrx_word' id='word_1_189' title='bbox 691 2970 780 3041; x_wconf 91' lang='lat' dir='ltr'><strong>duos</strong></span> <span class='ocrx_word' id='word_1_190' title='bbox 812 2969 1017 3040; x_wconf 89' lang='lat' dir='ltr'><strong>nominatim</strong></span> <span class='ocrx_word' id='word_1_191' title='bbox 1034 2967 1144 3041; x_wconf 81' lang='lat' dir='ltr'><strong>tuisse</strong></span> <span class='ocrx_word' id='word_1_192' title='bbox 1162 2965 1312 3038; x_wconf 91' lang='lat' dir='ltr'><strong>scimus:</strong></span> <span class='ocrx_word' id='word_1_193' title='bbox 1334 2965 1624 3060; x_wconf 72' lang='lat' dir='ltr'><strong>christophorum</strong></span> <span class='ocrx_word' id='word_1_194' title='bbox 1641 2965 1779 3039; x_wconf 89' lang='lat' dir='ltr'><strong>Strom-</strong></span> <span class='ocrx_word' id='word_1_195' title='bbox 1807 2941 1919 3090; x_wconf 49' lang='lat' dir='ltr'><strong>mii</strong></span> 
     </span>
     <span class='ocr_line' id='line_1_20' title="bbox 170 3091 1918 3180; baseline 0.002 -15"><span class='ocrx_word' id='word_1_196' title='bbox 170 3093 311 3176; x_wconf 85' lang='lat' dir='ltr'><strong>helhum,</strong></span> <span class='ocrx_word' id='word_1_197' title='bbox 343 3093 526 3166; x_wconf 86' lang='lat' dir='ltr'><strong>Sociorum</strong></span> <span class='ocrx_word' id='word_1_198' title='bbox 556 3091 762 3175; x_wconf 77' lang='lat' dir='ltr'><strong>praesidem,</strong></span> <span class='ocrx_word' id='word_1_199' title='bbox 797 3099 832 3167; x_wconf 92' lang='lat' dir='ltr'><strong>et</strong></span> <span class='ocrx_word' id='word_1_200' title='bbox 864 3095 1011 3166; x_wconf 89' lang='lat' dir='ltr'><strong>Petrum</strong></span> <span class='ocrx_word' id='word_1_201' title='bbox 1041 3094 1154 3180; x_wconf 78' lang='lat' dir='ltr'><strong>Phiie,</strong></span> <span class='ocrx_word' id='word_1_202' title='bbox 1189 3092 1494 3175; x_wconf 83' lang='lat' dir='ltr'><strong>concionatorem,</strong></span> <span class='ocrx_word' id='word_1_203' title='bbox 1525 3093 1670 3166; x_wconf 90' lang='lat' dir='ltr'><strong>missum</strong></span> <span class='ocrx_word' id='word_1_204' title='bbox 1694 3095 1781 3167; x_wconf 83' lang='lat' dir='ltr'><strong>Tre·</strong></span> <span class='ocrx_word' id='word_1_205' title='bbox 1808 3099 1918 3169; x_wconf 76' lang='lat' dir='ltr'><strong>primus.</strong></span> 
     </span>
     <span class='ocr_line' id='line_1_21' title="bbox 169 3215 1780 3312; baseline 0.002 -24"><span class='ocrx_word' id='word_1_206' title='bbox 169 3215 253 3290; x_wconf 90' lang='lat' dir='ltr'><strong>viris.</strong></span> <span class='ocrx_word' id='word_1_207' title='bbox 295 3217 454 3291; x_wconf 82' lang='lat' dir='ltr'><strong>Exeunte</strong></span> <span class='ocrx_word' id='word_1_208' title='bbox 496 3217 563 3290; x_wconf 92' lang='lat' dir='ltr'><strong>hoc</strong></span> <span class='ocrx_word' id='word_1_209' title='bbox 586 3239 691 3302; x_wconf 91' lang='lat' dir='ltr'><strong>anno,</strong></span> <span class='ocrx_word' id='word_1_210' title='bbox 720 3216 815 3289; x_wconf 85' lang='lat' dir='ltr'><strong>Socii</strong></span> <span class='ocrx_word' id='word_1_211' title='bbox 839 3216 1064 3312; x_wconf 83' lang='lat' dir='ltr'><strong>Heilsbergae</strong></span> <span class='ocrx_word' id='word_1_212' title='bbox 1102 3217 1147 3288; x_wconf 91' lang='lat' dir='ltr'><strong>ab</strong></span> <span class='ocrx_word' id='word_1_213' title='bbox 1181 3216 1344 3311; x_wconf 90' lang='lat' dir='ltr'><strong>episcopo</strong></span> <span class='ocrx_word' id='word_1_214' title='bbox 1376 3217 1555 3310; x_wconf 88' lang='lat' dir='ltr'><strong>praecipua</strong></span> <span class='ocrx_word' id='word_1_215' title='bbox 1580 3217 1780 3292; x_wconf 77' lang='lat' dir='ltr'><strong>cardinalis</strong></span> 
     </span>
     <span class='ocr_line' id='line_1_22' title="bbox 169 3338 1945 3442; baseline 0.001 -31"><span class='ocrx_word' id='word_1_216' title='bbox 169 3340 311 3436; x_wconf 88' lang='lat' dir='ltr'><strong>episcopi</strong></span> <span class='ocrx_word' id='word_1_217' title='bbox 349 3339 597 3414; x_wconf 85' lang='lat' dir='ltr'><strong>benevolentia</strong></span> <span class='ocrx_word' id='word_1_218' title='bbox 625 3340 775 3435; x_wconf 86' lang='lat' dir='ltr'><strong>excepti,</strong></span> <span class='ocrx_word' id='word_1_219' title='bbox 795 3338 931 3416; x_wconf 76' lang='lat' dir='ltr'><strong>,viribus</strong></span> <span class='ocrx_word' id='word_1_220' title='bbox 965 3363 1010 3414; x_wconf 84' lang='lat' dir='ltr'><strong>ex</strong></span> <span class='ocrx_word' id='word_1_221' title='bbox 1039 3339 1165 3412; x_wconf 91' lang='lat' dir='ltr'><strong>itinere</strong></span> <span class='ocrx_word' id='word_1_222' title='bbox 1204 3362 1276 3412; x_wconf 92' lang='lat' dir='ltr'><strong>non</strong></span> <span class='ocrx_word' id='word_1_223' title='bbox 1307 3340 1396 3412; x_wconf 90' lang='lat' dir='ltr'><strong>hene</strong></span> <span class='ocrx_word' id='word_1_224' title='bbox 1425 3340 1606 3425; x_wconf 88' lang='lat' dir='ltr'><strong>recreatis,</strong></span> <span class='ocrx_word' id='word_1_225' title='bbox 1641 3340 1776 3414; x_wconf 91' lang='lat' dir='ltr'><strong>Bruns·</strong></span> <span class='ocrx_word' id='word_1_226' title='bbox 1874 3428 1880 3440; x_wconf 92' lang='lat'><strong>.</strong></span> <span class='ocrx_word' id='word_1_227' title='bbox 1940 3429 1945 3442; x_wconf 37' lang='grc' dir='ltr'>Ι</span> 
     </span>
     <span class='ocr_line' id='line_1_23' title="bbox 168 3427 1947 3578; baseline 0.002 -41"><span class='ocrx_word' id='word_1_228' title='bbox 168 3463 302 3558; x_wconf 83' lang='lat' dir='ltr'><strong>bergam</strong></span> <span class='ocrx_word' id='word_1_229' title='bbox 318 3465 360 3536; x_wconf 90' lang='lat' dir='ltr'><strong>ad</strong></span> <span class='ocrx_word' id='word_1_230' title='bbox 391 3463 591 3537; x_wconf 90' lang='lat' dir='ltr'><strong>navandam</strong></span> <span class='ocrx_word' id='word_1_231' title='bbox 620 3463 753 3536; x_wconf 89' lang='lat' dir='ltr'><strong>civibus</strong></span> <span class='ocrx_word' id='word_1_232' title='bbox 771 3485 915 3558; x_wconf 90' lang='lat' dir='ltr'><strong>operam</strong></span> <span class='ocrx_word' id='word_1_233' title='bbox 939 3445 1162 3538; x_wconf 82' lang='lat' dir='ltr'><strong>festinarunt.</strong></span> <span class='ocrx_word' id='word_1_234' title='bbox 1186 3463 1324 3535; x_wconf 88' lang='lat' dir='ltr'><strong>Diutius</strong></span> <span class='ocrx_word' id='word_1_235' title='bbox 1355 3464 1512 3558; x_wconf 90' lang='lat' dir='ltr'><strong>hospites</strong></span> <span class='ocrx_word' id='word_1_236' title='bbox 1529 3464 1567 3537; x_wconf 91' lang='lat' dir='ltr'><strong>in</strong></span> <span class='ocrx_word' id='word_1_237' title='bbox 1584 3466 1777 3540; x_wconf 88' lang='lat' dir='ltr'><strong>diversorio</strong></span> <span class='ocrx_word' id='word_1_238' title='bbox 1809 3427 1947 3578; x_wconf 44' lang='lat' dir='ltr'><strong>wlf</strong></span> 
     </span>
     <span class='ocr_line' id='line_1_24' title="bbox 168 3586 1921 3685; baseline 0.001 -25"><span class='ocrx_word' id='word_1_239' title='bbox 168 3589 325 3662; x_wconf 88' lang='lat' dir='ltr'><strong>tenuisset</strong></span> <span class='ocrx_word' id='word_1_240' title='bbox 353 3590 514 3675; x_wconf 89' lang='lat' dir='ltr'><strong>antistes,</strong></span> <span class='ocrx_word' id='word_1_241' title='bbox 539 3596 677 3683; x_wconf 76' lang='lat' dir='ltr'><strong>optatos</strong></span> <span class='ocrx_word' id='word_1_242' title='bbox 697 3588 770 3672; x_wconf 89' lang='lat' dir='ltr'><strong>diu,</strong></span> <span class='ocrx_word' id='word_1_243' title='bbox 803 3588 952 3661; x_wconf 87' lang='lat' dir='ltr'><strong>maxime</strong></span> <span class='ocrx_word' id='word_1_244' title='bbox 980 3589 1072 3683; x_wconf 91' lang='lat' dir='ltr'><strong>quod</strong></span> <span class='ocrx_word' id='word_1_245' title='bbox 1089 3586 1245 3660; x_wconf 90' lang='lat' dir='ltr'><strong>nondum</strong></span> <span class='ocrx_word' id='word_1_246' title='bbox 1274 3587 1387 3660; x_wconf 89' lang='lat' dir='ltr'><strong>omnis</strong></span> <span class='ocrx_word' id='word_1_247' title='bbox 1417 3588 1575 3676; x_wconf 91' lang='lat' dir='ltr'><strong>abiisset,</strong></span> <span class='ocrx_word' id='word_1_248' title='bbox 1595 3612 1674 3683; x_wconf 85' lang='lat' dir='ltr'><strong>quae</strong></span> <span class='ocrx_word' id='word_1_249' title='bbox 1700 3612 1779 3685; x_wconf 94' lang='lat' dir='ltr'><strong>pro·</strong></span> <span class='ocrx_word' id='word_1_250' title='bbox 1809 3589 1921 3680; x_wconf 64' lang='lat' dir='ltr'><strong>venrant</strong></span> 
     </span>
     <span class='ocr_line' id='line_1_25' title="bbox 167 3667 1955 3811; baseline 0.001 -28"><span class='ocrx_word' id='word_1_251' title='bbox 167 3713 249 3786; x_wconf 80' lang='lat' dir='ltr'><strong>xirno</strong></span> <span class='ocrx_word' id='word_1_252' title='bbox 278 3737 371 3787; x_wconf 91' lang='lat' dir='ltr'><strong>anno</strong></span> <span class='ocrx_word' id='word_1_253' title='bbox 402 3715 439 3786; x_wconf 94' lang='lat' dir='ltr'><strong>in</strong></span> <span class='ocrx_word' id='word_1_254' title='bbox 468 3714 780 3808; x_wconf 83' lang='lat' dir='ltr'><strong>Brunsbergeuses</strong></span> <span class='ocrx_word' id='word_1_255' title='bbox 811 3713 996 3799; x_wconf 88' lang='lat' dir='ltr'><strong>inciderat,</strong></span> <span class='ocrx_word' id='word_1_256' title='bbox 1017 3712 1236 3809; x_wconf 88' lang='lat' dir='ltr'><strong>pestilentia;</strong></span> <span class='ocrx_word' id='word_1_257' title='bbox 1272 3713 1340 3785; x_wconf 93' lang='lat' dir='ltr'><strong>nisi</strong></span> <span class='ocrx_word' id='word_1_258' title='bbox 1377 3712 1501 3785; x_wconf 88' lang='lat' dir='ltr'><strong>salutis</strong></span> <span class='ocrx_word' id='word_1_259' title='bbox 1519 3714 1645 3788; x_wconf 90' lang='lat' dir='ltr'><strong>alienae</strong></span> <span class='ocrx_word' id='word_1_260' title='bbox 1663 3715 1778 3811; x_wconf 89' lang='lat' dir='ltr'><strong>cupidi</strong></span> <span class='ocrx_word' id='word_1_261' title='bbox 1807 3667 1955 3804; x_wconf 49' lang='lat' dir='ltr'><strong>{lilim</strong></span> 
     </span>
     <span class='ocr_line' id='line_1_26' title="bbox 168 3835 1881 3938; baseline 0.004 -30"><span class='ocrx_word' id='word_1_262' title='bbox 168 3837 304 3910; x_wconf 85' lang='lat' dir='ltr'><strong>advenae</strong></span> <span class='ocrx_word' id='word_1_263' title='bbox 335 3840 381 3911; x_wconf 92' lang='lat' dir='ltr'><strong>ad</strong></span> <span class='ocrx_word' id='word_1_264' title='bbox 411 3861 526 3934; x_wconf 88' lang='lat' dir='ltr'><strong>opem,</strong></span> <span class='ocrx_word' id='word_1_265' title='bbox 560 3838 694 3912; x_wconf 91' lang='lat' dir='ltr'><strong>civibus</strong></span> <span class='ocrx_word' id='word_1_266' title='bbox 725 3838 793 3910; x_wconf 91' lang='lat' dir='ltr'><strong>hoc</strong></span> <span class='ocrx_word' id='word_1_267' title='bbox 823 3859 887 3909; x_wconf 89' lang='lat' dir='ltr'><strong>suo</strong></span> <span class='ocrx_word' id='word_1_268' title='bbox 916 3845 1073 3932; x_wconf 90' lang='lat' dir='ltr'><strong>tempore</strong></span> <span class='ocrx_word' id='word_1_269' title='bbox 1102 3839 1297 3924; x_wconf 82' lang='lat' dir='ltr'><strong>serendam,</strong></span> <span class='ocrx_word' id='word_1_270' title='bbox 1331 3847 1595 3934; x_wconf 89' lang='lat' dir='ltr'><strong>properassent.</strong></span> <span class='ocrx_word' id='word_1_271' title='bbox 1626 3843 1780 3938; x_wconf 89' lang='lat' dir='ltr'><strong>Septimo</strong></span> <span class='ocrx_word' id='word_1_272' title='bbox 1807 3835 1881 3890; x_wconf 54' lang='grc' dir='ltr'><strong>ἕω·</strong></span> 
     </span>
     <span class='ocr_line' id='line_1_27' title="bbox 166 3961 1873 4060; baseline 0.005 -29"><span class='ocrx_word' id='word_1_273' title='bbox 166 3961 237 4034; x_wconf 89' lang='lat' dir='ltr'><strong>idus</strong></span> <span class='ocrx_word' id='word_1_274' title='bbox 254 3963 439 4059; x_wconf 88' lang='lat' dir='ltr'><strong>januarias</strong></span> <span class='ocrx_word' id='word_1_275' title='bbox 469 3963 553 4035; x_wconf 92' lang='lat' dir='ltr'><strong>anni</strong></span> <span class='ocrx_word' id='word_1_276' title='bbox 588 3962 682 4036; x_wconf 87' lang='grc'>1565</span> <span class='ocrx_word' id='word_1_277' title='bbox 712 3962 889 4035; x_wconf 89' lang='lat' dir='ltr'><strong>civitatem</strong></span> <span class='ocrx_word' id='word_1_278' title='bbox 920 3961 1131 4037; x_wconf 88' lang='lat' dir='ltr'><strong>salutarunt.</strong></span> <span class='ocrx_word' id='word_1_279' title='bbox 1153 3963 1221 4037; x_wconf 89' lang='lat' dir='ltr'><strong>Hic</strong></span> <span class='ocrx_word' id='word_1_280' title='bbox 1250 3964 1347 4059; x_wconf 90' lang='lat' dir='ltr'><strong>ipsas</strong></span> <span class='ocrx_word' id='word_1_281' title='bbox 1372 3964 1446 4039; x_wconf 86' lang='lat' dir='ltr'><strong>fere</strong></span> <span class='ocrx_word' id='word_1_282' title='bbox 1473 3964 1566 4039; x_wconf 90' lang='lat' dir='ltr'><strong>inter</strong></span> <span class='ocrx_word' id='word_1_283' title='bbox 1584 3966 1776 4060; x_wconf 88' lang='lat' dir='ltr'><strong>parietinas</strong></span> <span class='ocrx_word' id='word_1_284' title='bbox 1809 3986 1873 4041; x_wconf 77' lang='lat'>1565</span> 
     </span>
     <span class='ocr_line' id='line_1_28' title="bbox 167 4086 1779 4185; baseline 0.002 -27"><span class='ocrx_word' id='word_1_285' title='bbox 167 4086 310 4158; x_wconf 87' lang='lat' dir='ltr'><strong>coenobii</strong></span> <span class='ocrx_word' id='word_1_286' title='bbox 325 4087 524 4159; x_wconf 90' lang='lat' dir='ltr'><strong>habitarunt</strong></span> <span class='ocrx_word' id='word_1_287' title='bbox 557 4087 721 4172; x_wconf 92' lang='lat' dir='ltr'><strong>nummis,</strong></span> <span class='ocrx_word' id='word_1_288' title='bbox 756 4108 843 4180; x_wconf 92' lang='lat' dir='ltr'><strong>quos</strong></span> <span class='ocrx_word' id='word_1_289' title='bbox 868 4109 1033 4159; x_wconf 82' lang='lat' dir='ltr'><strong>vocamus</strong></span> <span class='ocrx_word' id='word_1_290' title='bbox 1062 4087 1229 4172; x_wconf 89' lang='lat' dir='ltr'><strong>florenos,</strong></span> <span class='ocrx_word' id='word_1_291' title='bbox 1250 4089 1434 4184; x_wconf 83' lang='lat' dir='ltr'><strong>sexaginta</strong></span> <span class='ocrx_word' id='word_1_292' title='bbox 1468 4113 1539 4163; x_wconf 92' lang='lat' dir='ltr'><strong>non</strong></span> <span class='ocrx_word' id='word_1_293' title='bbox 1569 4088 1718 4185; x_wconf 90' lang='lat' dir='ltr'><strong>amplius</strong></span> <span class='ocrx_word' id='word_1_294' title='bbox 1741 4089 1779 4162; x_wconf 94' lang='lat' dir='ltr'><strong>in</strong></span> 
     </span>
    </p>

    <p class='ocr_par' dir='ltr' id='par_1_8' title="bbox 167 4211 1780 4308">
     <span class='ocr_line' id='line_1_29' title="bbox 167 4211 1780 4308; baseline 0.003 -26"><span class='ocrx_word' id='word_1_295' title='bbox 167 4211 301 4298; x_wconf 89' lang='lat' dir='ltr'><strong>victum,</strong></span> <span class='ocrx_word' id='word_1_296' title='bbox 325 4213 503 4296; x_wconf 90' lang='lat' dir='ltr'><strong>amictum,</strong></span> <span class='ocrx_word' id='word_1_297' title='bbox 532 4221 568 4299; x_wconf 84' lang='lat' dir='ltr'><strong>et</strong></span> <span class='ocrx_word' id='word_1_298' title='bbox 585 4211 740 4308; x_wconf 90' lang='lat' dir='ltr'><strong>reliquos</strong></span> <span class='ocrx_word' id='word_1_299' title='bbox 768 4234 853 4284; x_wconf 91' lang='lat' dir='ltr'><strong>usus</strong></span> <span class='ocrx_word' id='word_1_300' title='bbox 870 4212 1117 4298; x_wconf 90' lang='lat' dir='ltr'><strong>numerandis;</strong></span> <span class='ocrx_word' id='word_1_301' title='bbox 1150 4215 1290 4308; x_wconf 89' lang='lat' dir='ltr'><strong>quando</strong></span> <span class='ocrx_word' id='word_1_302' title='bbox 1317 4214 1508 4288; x_wconf 88' lang='lat' dir='ltr'><strong>conditoris</strong></span> <span class='ocrx_word' id='word_1_303' title='bbox 1534 4217 1641 4288; x_wconf 86' lang='lat' dir='ltr'><strong>etiam</strong></span> <span class='ocrx_word' id='word_1_304' title='bbox 1671 4214 1780 4290; x_wconf 86' lang='lat' dir='ltr'><strong>iacul-</strong></span> 
     </span>
    </p>

    <p class='ocr_par' dir='ltr' id='par_1_9' title="bbox 167 4334 1780 4434">
     <span class='ocr_line' id='line_1_30' title="bbox 167 4334 1780 4434; baseline 0.001 -26"><span class='ocrx_word' id='word_1_305' title='bbox 167 4343 251 4411; x_wconf 84' lang='lat' dir='ltr'><strong>tates</strong></span> <span class='ocrx_word' id='word_1_306' title='bbox 268 4361 311 4412; x_wconf 89' lang='lat' dir='ltr'><strong>ea</strong></span> <span class='ocrx_word' id='word_1_307' title='bbox 327 4345 537 4434; x_wconf 83' lang='lat' dir='ltr'><strong>tempestate</strong></span> <span class='ocrx_word' id='word_1_308' title='bbox 550 4345 652 4412; x_wconf 89' lang='lat' dir='ltr'><strong>erant</strong></span> <span class='ocrx_word' id='word_1_309' title='bbox 663 4337 802 4411; x_wconf 84' lang='lat' dir='ltr'><strong>accisae.</strong></span> <span class='ocrx_word' id='word_1_310' title='bbox 825 4334 906 4408; x_wconf 89' lang='lat' dir='ltr'><strong>Orsi</strong></span> <span class='ocrx_word' id='word_1_311' title='bbox 924 4356 947 4406; x_wconf 91' lang='lat' dir='ltr'><strong>a</strong></span> <span class='ocrx_word' id='word_1_312' title='bbox 963 4357 1048 4408; x_wconf 86' lang='lat' dir='ltr'><strong>cura</strong></span> <span class='ocrx_word' id='word_1_313' title='bbox 1065 4336 1205 4423; x_wconf 90' lang='lat' dir='ltr'><strong>civium,</strong></span> <span class='ocrx_word' id='word_1_314' title='bbox 1222 4339 1501 4411; x_wconf 86' lang='lat' dir='ltr'><strong>revocandorum</strong></span> <span class='ocrx_word' id='word_1_315' title='bbox 1526 4339 1571 4411; x_wconf 92' lang='lat' dir='ltr'><strong>ad</strong></span> <span class='ocrx_word' id='word_1_316' title='bbox 1590 4339 1780 4412; x_wconf 89' lang='lat' dir='ltr'><strong>christiana</strong></span> 
     </span>
    </p>

    <p class='ocr_par' dir='ltr' id='par_1_10' title="bbox 123 4443 1988 4806">
     <span class='ocr_line' id='line_1_31' title="bbox 123 4443 1913 4558; baseline -0.001 -27"><span class='ocrx_word' id='word_1_317' title='bbox 123 4443 128 4455; x_wconf 53' lang='lat'><strong>¹</strong></span> <span class='ocrx_word' id='word_1_318' title='bbox 167 4461 287 4548; x_wconf 87' lang='lat' dir='ltr'><strong>officia,</strong></span> <span class='ocrx_word' id='word_1_319' title='bbox 322 4485 451 4558; x_wconf 92' lang='lat' dir='ltr'><strong>pueros</strong></span> <span class='ocrx_word' id='word_1_320' title='bbox 485 4463 531 4535; x_wconf 90' lang='lat' dir='ltr'><strong>ad</strong></span> <span class='ocrx_word' id='word_1_321' title='bbox 563 4462 720 4535; x_wconf 89' lang='lat' dir='ltr'><strong>scholam</strong></span> <span class='ocrx_word' id='word_1_322' title='bbox 750 4463 1001 4534; x_wconf 86' lang='lat' dir='ltr'><strong>convocarunt.</strong></span> <span class='ocrx_word' id='word_1_323' title='bbox 1034 4461 1174 4534; x_wconf 89' lang='lat' dir='ltr'><strong>Praeter</strong></span> <span class='ocrx_word' id='word_1_324' title='bbox 1203 4470 1280 4536; x_wconf 90' lang='lat' dir='ltr'><strong>octo</strong></span> <span class='ocrx_word' id='word_1_325' title='bbox 1305 4465 1455 4558; x_wconf 88' lang='lat' dir='ltr'><strong>juvenes</strong></span> <span class='ocrx_word' id='word_1_326' title='bbox 1482 4461 1707 4543; x_wconf 89' lang='lat' dir='ltr'><strong>lectissimos,</strong></span> <span class='ocrx_word' id='word_1_327' title='bbox 1735 4461 1780 4533; x_wconf 89' lang='lat' dir='ltr'><strong>ab</strong></span> <span class='ocrx_word' id='word_1_328' title='bbox 1809 4473 1913 4544; x_wconf 72' lang='lat' dir='ltr'><strong>sparta</strong></span> 
     </span>
     <span class='ocr_line' id='line_1_32' title="bbox 167 4556 1988 4692; baseline 0.001 -38"><span class='ocrx_word' id='word_1_329' title='bbox 167 4581 293 4657; x_wconf 84' lang='lat' dir='ltr'><strong>tacobo</strong></span> <span class='ocrx_word' id='word_1_330' title='bbox 324 4585 542 4671; x_wconf 88' lang='lat' dir='ltr'><strong>Uchanshio‚</strong></span> <span class='ocrx_word' id='word_1_331' title='bbox 564 4584 823 4658; x_wconf 78' lang='lat' dir='ltr'><strong>Gnesnensiunn</strong></span> <span class='ocrx_word' id='word_1_332' title='bbox 853 4581 1129 4678; x_wconf 90' lang='lat' dir='ltr'><strong>archiepiscopo,</strong></span> <span class='ocrx_word' id='word_1_333' title='bbox 1159 4586 1297 4672; x_wconf 87' lang='lat' dir='ltr'><strong>missos,</strong></span> <span class='ocrx_word' id='word_1_334' title='bbox 1328 4586 1529 4683; x_wconf 88' lang='lat' dir='ltr'><strong>frequentes</strong></span> <span class='ocrx_word' id='word_1_335' title='bbox 1557 4609 1600 4660; x_wconf 84' lang='lat' dir='ltr'><strong>ex</strong></span> <span class='ocrx_word' id='word_1_336' title='bbox 1617 4583 1777 4670; x_wconf 82' lang='lat' dir='ltr'><strong>Prusaia,</strong></span> <span class='ocrx_word' id='word_1_337' title='bbox 1809 4556 1988 4692; x_wconf 43' lang='lat' dir='ltr'><strong>malz,</strong></span> 
     </span>
     <span class='ocr_line' id='line_1_33' title="bbox 166 4705 1955 4806; baseline 0.002 -29"><span class='ocrx_word' id='word_1_338' title='bbox 166 4705 332 4791; x_wconf 84' lang='lat' dir='ltr'><strong>Masovia,</strong></span> <span class='ocrx_word' id='word_1_339' title='bbox 353 4706 534 4792; x_wconf 85' lang='lat' dir='ltr'><strong>Lituania,</strong></span> <span class='ocrx_word' id='word_1_340' title='bbox 555 4708 716 4792; x_wconf 91' lang='lat' dir='ltr'><strong>Polonia,</strong></span> <span class='ocrx_word' id='word_1_341' title='bbox 738 4707 857 4780; x_wconf 88' lang='lat' dir='ltr'><strong>Dania</strong></span> <span class='ocrx_word' id='word_1_342' title='bbox 886 4705 1129 4779; x_wconf 88' lang='lat' dir='ltr'><strong>convolarunt.</strong></span> <span class='ocrx_word' id='word_1_343' title='bbox 1152 4708 1393 4804; x_wconf 83' lang='lat' dir='ltr'><strong>Quadraginta</strong></span> <span class='ocrx_word' id='word_1_344' title='bbox 1418 4711 1513 4806; x_wconf 91' lang='lat' dir='ltr'><strong>ipsos</strong></span> <span class='ocrx_word' id='word_1_345' title='bbox 1544 4710 1582 4782; x_wconf 88' lang='lat' dir='ltr'><strong>in</strong></span> <span class='ocrx_word' id='word_1_346' title='bbox 1607 4731 1677 4782; x_wconf 92' lang='lat' dir='ltr'><strong>uno</strong></span> <span class='ocrx_word' id='word_1_347' title='bbox 1700 4732 1783 4781; x_wconf 92' lang='lat' dir='ltr'><strong>con·</strong></span> <span class='ocrx_word' id='word_1_348' title='bbox 1810 4718 1876 4773; x_wconf 77' lang='lat' dir='ltr'><strong>viris</strong></span> <span class='ocrx_word' id='word_1_349' title='bbox 1884 4719 1955 4789; x_wconf 81' lang='lat' dir='ltr'><strong>prin·</strong></span> 
     </span>
    </p>
   </div>
   <div class='ocr_carea' id='block_1_3' title="bbox 166 4797 1921 4925">
    <p class='ocr_par' dir='ltr' id='par_1_11' title="bbox 166 4797 1921 4925">
     <span class='ocr_line' id='line_1_34' title="bbox 166 4797 1921 4925; baseline -0.002 -21"><span class='ocrx_word' id='word_1_350' title='bbox 166 4828 331 4902; x_wconf 89' lang='lat' dir='ltr'><strong>victorum</strong></span> <span class='ocrx_word' id='word_1_351' title='bbox 364 4829 520 4925; x_wconf 86' lang='lat' dir='ltr'><strong>Collegio</strong></span> <span class='ocrx_word' id='word_1_352' title='bbox 553 4829 789 4905; x_wconf 87' lang='lat' dir='ltr'><strong>nobilissimos</strong></span> <span class='ocrx_word' id='word_1_353' title='bbox 823 4831 1081 4918; x_wconf 86' lang='lat' dir='ltr'><strong>adolescentes,</strong></span> <span class='ocrx_word' id='word_1_354' title='bbox 1118 4834 1322 4907; x_wconf 82' lang='lat' dir='ltr'><strong>universum</strong></span> <span class='ocrx_word' id='word_1_355' title='bbox 1364 4840 1493 4908; x_wconf 88' lang='lat' dir='ltr'><strong>coetum</strong></span> <span class='ocrx_word' id='word_1_356' title='bbox 1535 4833 1782 4907; x_wconf 89' lang='lat' dir='ltr'><strong>scholasticum</strong></span> <span class='ocrx_word' id='word_1_357' title='bbox 1810 4797 1921 4865; x_wconf 68' lang='lat' dir='ltr'><strong>erpone.</strong></span> 
     </span>
    </p>
   </div>
   <div class='ocr_carea' id='block_1_4' title="bbox 165 5037 1845 5226">
    <p class='ocr_par' dir='ltr' id='par_1_12' title="bbox 165 5037 1845 5226">
     <span class='ocr_line' id='line_1_35' title="bbox 202 5037 1845 5134; baseline 0 -36"><span class='ocrx_word' id='word_1_358' title='bbox 202 5037 243 5118; x_wconf 76' lang='grc'><strong>(11</strong></span> <span class='ocrx_word' id='word_1_359' title='bbox 265 5039 446 5120; x_wconf 77' lang='lat' dir='ltr'><strong>Brunaberga</strong></span> <span class='ocrx_word' id='word_1_360' title='bbox 461 5041 575 5100; x_wconf 87' lang='lat' dir='ltr'><strong>condita</strong></span> <span class='ocrx_word' id='word_1_361' title='bbox 589 5041 625 5099; x_wconf 88' lang='lat' dir='ltr'><strong>ab</strong></span> <span class='ocrx_word' id='word_1_362' title='bbox 640 5039 766 5099; x_wconf 82' lang='lat' dir='ltr'><strong>ilenrico</strong></span> <span class='ocrx_word' id='word_1_363' title='bbox 779 5041 917 5115; x_wconf 87' lang='lat' dir='ltr'><strong>episcopo</strong></span> <span class='ocrx_word' id='word_1_364' title='bbox 944 5037 1075 5110; x_wconf 85' lang='lat' dir='ltr'><strong>Vermiae,</strong></span> <span class='ocrx_word' id='word_1_365' title='bbox 1089 5041 1155 5100; x_wconf 89' lang='lat' dir='ltr'><strong>olim</strong></span> <span class='ocrx_word' id='word_1_366' title='bbox 1169 5043 1254 5102; x_wconf 88' lang='lat' dir='ltr'><strong>sedes</strong></span> <span class='ocrx_word' id='word_1_367' title='bbox 1267 5044 1405 5118; x_wconf 86' lang='lat' dir='ltr'><strong>episcopi.</strong></span> <span class='ocrx_word' id='word_1_368' title='bbox 1416 5040 1479 5102; x_wconf 90' lang='lat' dir='ltr'><strong>Vid.</strong></span> <span class='ocrx_word' id='word_1_369' title='bbox 1494 5040 1647 5102; x_wconf 79' lang='lat' dir='ltr'><strong>Historiam</strong></span> <span class='ocrx_word' id='word_1_370' title='bbox 1664 5041 1784 5101; x_wconf 77' lang='lat' dir='ltr'><strong>Prussioe</strong></span> <span class='ocrx_word' id='word_1_371' title='bbox 1841 5123 1845 5134; x_wconf 87' lang='lat'><strong>.</strong></span> 
     </span>
     <span class='ocr_line' id='line_1_36' title="bbox 165 5145 885 5226; baseline 0.001 -20"><span class='ocrx_word' id='word_1_372' title='bbox 165 5145 359 5226; x_wconf 77' lang='lat' dir='ltr'><strong>translatae,</strong></span> <span class='ocrx_word' id='word_1_373' title='bbox 374 5164 438 5224; x_wconf 74' lang='lat' dir='ltr'><strong>pag.</strong></span> <span class='ocrx_word' id='word_1_374' title='bbox 453 5149 504 5222; x_wconf 83' lang='grc'><strong>17,</strong></span> <span class='ocrx_word' id='word_1_375' title='bbox 522 5155 552 5208; x_wconf 89' lang='lat' dir='ltr'><strong>et</strong></span> <span class='ocrx_word' id='word_1_376' title='bbox 563 5164 627 5223; x_wconf 74' lang='lat' dir='ltr'><strong>pag.</strong></span> <span class='ocrx_word' id='word_1_377' title='bbox 644 5148 712 5224; x_wconf 86' lang='grc'><strong>113,</strong></span> <span class='ocrx_word' id='word_1_378' title='bbox 728 5147 797 5224; x_wconf 76' lang='lat' dir='ltr'><strong>tto,</strong></span> <span class='ocrx_word' id='word_1_379' title='bbox 816 5146 885 5207; x_wconf 80' lang='lat' dir='ltr'><strong>tar.</strong></span> 
     </span>
    </p>
   </div>
   <div class='ocr_carea' id='block_1_5' title="bbox 0 0 2458 6642">
    <p class='ocr_par' dir='ltr' id='par_1_13' title="bbox 0 0 2458 6642">
     <span class='ocr_line' id='line_1_37' title="bbox 0 0 2458 6642; baseline 0 11"><span class='ocrx_word' id='word_1_380' title='bbox 0 0 2458 6642; x_wconf 95' lang='lat' dir='ltr'><strong> </strong></span> 
     </span>
    </p>
   </div>
  </div>
 </body>
</html>
