4906 6642
647 801 756 862 LIBER
780 797 969 861 SECUNDUS
993 795 1204 871 (rsit-ttae).
1742 784 1780 850 57

153 989 284 1062 Exacto
302 988 569 1086 quatuordecim
580 985 718 1058 dierum
737 985 813 1080 ejus
835 978 1032 1055 ostraoismi
1062 984 1233 1071 tempore,
1250 995 1337 1069 rege
1362 971 1497 1042 victore
1521 969 1558 1041 in
1577 968 1779 1066 perduelles
1810 985 1873 1040 1577

151 1116 222 1210 jam
235 1114 540 1187 animadvertente
559 1111 730 1193 severius,
747 1107 869 1181 exules
883 1106 919 1176 in
938 1104 1060 1176 urbem
1074 1105 1296 1174 revocantur.
1314 1094 1551 1189 castigatosa
1568 1116 1655 1188 rege
1668 1091 1785 1166 Geda·

156 1262 281 1312 nenses
301 1239 471 1324 diximus;
492 1261 637 1310 causam
649 1234 913 1333 perduellionis,
929 1231 966 1304 id
979 1229 1073 1329 quod
1086 1229 1210 1303 ordine
1229 1225 1539 1324 perstringendum
1552 1226 1674 1322 utique
1691 1233 1781 1313 erat,

156 1363 349 1436 omisimus.
365 1361 646 1436 Maximilianum
660 1359 867 1434 Dentiscani
893 1357 940 1430 ad
952 1356 1056 1451 regni
1074 1353 1317 1450 gubernacula
1334 1351 1590 1448 deposcebant3
1612 1349 1785 1446 Stephani
1864 1349 1906 1406 31.

156 1489 311 1583 partibus
331 1510 400 1558 non
419 1485 635 1567 amicissimi,
655 1483 737 1555 huic
753 1483 872 1578 itaque
885 1480 1130 1576 repugnaturi,
1148 1477 1325 1572 cogebant
1359 1476 1478 1571 copias
1496 1501 1504 1547 :
1521 1498 1655 1570 regem,
1677 1474 1786 1546 armis
1812 1435 1957 1569 ssssffiw

155 1611 205 1683 illi
222 1611 297 1684 suis
315 1611 559 1706 moenibusque
581 1608 718 1691 confisi,
738 1606 836 1678 aditu
854 1606 951 1677 urbis
970 1629 1045 1676 suae
1071 1602 1319 1697 prohibebant.
1343 1600 1575 1674 Godanenses
1598 1587 1787 1695 propterea¹
1811 1588 1957 1727 ffiiggifsll·

158 1735 352 1831 Stephanus
369 1758 433 1840 pro
451 1735 691 1832 perduellibus
710 1730 893 1804 habendos
916 1729 1094 1816 declarat;
1120 1729 1267 1824 ejusque
1286 1726 1339 1799 rei
1360 1724 1528 1798 admonet
1545 1747 1606 1797 eos
1619 1724 1785 1822 primum,
1920 1709 1926 1722 ’

156 1861 345 1932 contractis
362 1860 473 1955 copiis
492 1858 557 1932 sub
579 1857 709 1929 moenia
727 1855 887 1939 Grebini‚
916 1854 1035 1949 oppidi
1059 1854 1357 1928 Dantiseanorum
1371 1853 1583 1951 permuniti;
1603 1853 1670 1925 hoc
1683 1875 1790 1948 expu-

157 1991 277 2078 gnato,
294 1983 481 2079 excisoque
495 1981 631 2055 castelli
643 1979 823 2075 praesidio,
840 1976 1024 2050 Gedanum
1039 1979 1144 2051 subit.
1155 1979 1282 2074 Regiis
1296 1977 1411 2050 adhuc
1425 1975 1572 2050 Grebini
1585 1974 1787 2071 agentibus,

158 2107 293 2182 firmam
307 2116 533 2181 evocatorum
550 2087 702 2189 manum,
720 2102 904 2200 oppidanis
918 2103 990 2175 suis
1004 2104 1198 2199 suppetias
1214 2102 1405 2200 expediunt
1417 2103 1495 2199 ipso
1509 2102 1622 2198 primo
1637 2100 1792 2173 Pascha-

158 2231 200 2302 ns
234 2230 292 2304 ue
326 2203 569 2316 calanenses,
595 2236 633 2303 at
658 2229 710 2300 no
732 2251 812 2300 sero
832 2229 908 2322 Jam
938 2227 986 2313 ru,
1017 2251 1131 2322 neque
1162 2227 1307 2323 Superis
1336 2227 1585 2322 probantibus.
1609 2226 1681 2297 vn
1708 2225 1790 2298 uum

160 2354 305 2428 Gedano
335 2378 375 2428 se
391 2363 586 2440 moverant,
619 2377 698 2425 cum
716 2357 860 2447 repente
878 2352 1054 2424 concitata
1072 2359 1126 2424 est
1153 2359 1346 2448 tempestas
1364 2359 1467 2438 tetra,
1489 2352 1617 2435 ventis,
1633 2351 1787 2446 fulgure,

160 2479 348 2552 tonitribus
382 2478 510 2551 coelum
537 2485 740 2572 terramque
774 2479 1065 2573 permiscentibus
1088 2506 1095 2552 :
1117 2486 1155 2552 ut
1180 2479 1421 2576 perduellibus
1451 2479 1540 2552 nihil
1569 2478 1791 2552 manifestius

160 2614 264 2690 esset,
286 2627 392 2700 quam
409 2626 458 2688 se,
481 2603 572 2675 irato
586 2603 676 2685 Deo,
698 2625 798 2674 arma
817 2627 968 2699 ·capere;
990 2603 1157 2678 adversus
1176 2605 1327 2679 delatam
1341 2605 1513 2678 sciliceta
1536 2605 1674 2700 superis
1692 2609 1790 2699 pote·
1817 2611 1912 2670 clade

161 2735 299 2802 statem.
322 2729 481 2808 Quatuor
500 2727 686 2799 continuos
709 2726 798 2811 dies,
815 2751 907 2800 nuno
922 2729 1159 2824 egredientes,
1179 2754 1272 2803 nune
1287 2730 1471 2824 evestigio
1485 2751 1524 2803 se
1538 2734 1790 2802 conversantes
1815 2691 1935 2826 pqrpuel

162 2854 313 2940 domum,
340 2877 384 2927 ea
408 2853 638 2926 Gedanenses
669 2853 825 2947 procella
855 2857 1041 2945 continuit;
1073 2879 1186 2951 neque
1220 2862 1353 2939 tamen,
1381 2855 1432 2927 ita
1449 2855 1586 2940 moniti,
1608 2853 1787 2950 quievere.

161 2981 291 3054 Praelio
309 2978 402 3074 apud
416 2980 612 3052 Dersavam
629 2978 762 3074 placuit
780 2979 922 3053 decerni
951 3006 1030 3054 oum
1054 2981 1179 3076 regiis,
1205 3003 1268 3052 suo
1302 2979 1341 3052 id
1366 2979 1452 3075 ipsis
1469 2978 1662 3052 infortunio
1680 3003 1687 3051 :
1708 3001 1792 3074 pars

161 3105 242 3176 oaesi
259 3105 296 3175 in
316 3102 389 3176 acie
419 3101 466 3174 ad
496 3101 789 3196 quinquemillia,
809 3126 892 3198 pars
914 3104 1027 3198 fugati
1046 3105 1136 3176 etin
1162 3105 1309 3177 flumina
1325 3105 1395 3178 acti
1425 3103 1643 3200 praecipites;
1661 3101 1706 3175 de
1747 3104 1792 3175 14

158 3227 313 3300 universi
339 3225 513 3298 exercitus
544 3226 698 3299 millibus
725 3227 931 3322 perpauculi
961 3252 1026 3301 sua
1060 3228 1149 3302 caedi
1191 3229 1308 3326 capita
1338 3227 1605 3315 subduxerunt,
1645 3225 1791 3299 Polonis

158 3351 201 3424 de
232 3375 297 3425 suo
336 3351 496 3447 peditatu
522 3351 776 3446 quinquaginta
806 3353 1008 3448 gregarios,
1044 3354 1194 3449 triginta
1233 3354 1368 3450 equites
1394 3377 1465 3427 non
1495 3351 1659 3448 amplius,
1697 3350 1788 3424 desi·

158 3475 378 3548 derantibus.
404 3475 480 3546 Deo
507 3475 722 3546 exercituum
748 3475 913 3561 Domino,
931 3499 1000 3547 non
1025 3501 1099 3550 suae
1112 3477 1234 3550 virtuti
1253 3486 1314 3550 aut
1330 3477 1496 3563 fortunae,
1515 3499 1593 3550 eam
1606 3499 1669 3550 rex
1683 3475 1790 3548 victo·
1898 3479 1901 3488 ’

157 3602 245 3674 riam
262 3601 496 3695 assignabat:
519 3623 588 3671 non
620 3599 734 3684 nobis,
769 3599 897 3694 ajebat,
933 3601 1095 3687 Domine,
1129 3625 1199 3674 non
1235 3602 1351 3689 nobie,
1381 3602 1445 3676 sed
1475 3601 1609 3676 nomini
1646 3610 1707 3673 tuo
1745 3599 1792 3673 da
1818 3627 1954 3689 condidu-

156 3725 323 3819 gloriam.
359 3723 514 3797 Duriora
536 3722 619 3794 inde
655 3723 759 3798 veriti
786 3722 1029 3814 Gedanenses,
1059 3726 1277 3821 principibus
1311 3726 1466 3811 Saxone,
1503 3723 1790 3820 Brandeburgo,
1818 3729 1866 3768 nes
1879 3708 1964 3846 Ἓξ·

155 3857 190 3921 et
225 3849 372 3923 Hassiae
410 3848 671 3942 Landagravio‚
705 3846 994 3943 deprecatoribus
1033 3850 1128 3947 apud
1157 3841 1470 3947 regemut'untur:
1818 3809 1966 3944 llllllsitae.

202 3973 346 4046 Horum
376 3973 577 4044 interventu
611 3971 785 4066 reliquum
812 3972 925 4071 veniae
949 3975 1081 4070 punitis
1099 3975 1218 4061 datur,
1239 3976 1345 4071 idque
1363 3976 1480 4072 ipsum
1497 3974 1638 4069 legibus
1656 3973 1761 4046 certis
1783 3995 1791 4043 :

157 4128 174 4160 κ
193 4101 376 4196 primum,
413 4098 465 4170 uti
499 4097 645 4192 regibus
680 4097 842 4170 Poloniae
878 4098 1043 4194 deinceps
1082 4099 1206 4175 fideles
1241 4125 1381 4197 semper
1415 4126 1453 4175 se
1493 4099 1569 4173 fore
1600 4105 1794 4195 promptos-

155 4254 172 4285 «
193 4247 267 4319 que
286 4223 332 4296 ad
348 4223 507 4319 imperia,
536 4221 675 4294 solenni
700 4221 933 4318 jurejurando
960 4224 1210 4298 confirmarent
1227 4251 1241 4320 ,ε
1263 4225 1396 4321 copias,
1417 4248 1505 4320 quas
1524 4223 1794 4308 contraxissent,

153 4349 412 4422 «dimitterent
433 4347 599 4419 continuo
620 4370 628 4417 :
646 4344 797 4419 ducenta
810 4369 990 4418 nummum
1008 4371 1196 4421 aureorum
1218 4347 1328 4421 millia
1342 4347 1389 4418 ad
1406 4345 1531 4420 fiscum
1560 4347 1664 4443 regni
1675 4344 1798 4420 multae

156 4501 173 4532 ι
196 4473 344 4545 nominc
362 4471 585 4545 conferrent:
613 4469 740 4564 viginti
757 4477 930 4566 praeterea
949 4471 1031 4544 aeris
1057 4471 1211 4567 polonici
1232 4471 1343 4544 millia
1355 4472 1499 4568 templo,
1525 4469 1619 4566 quod
1649 4469 1717 4566 ipsi
1734 4492 1798 4565 per

154 4625 172 4656 a
198 4619 292 4669 suas
312 4596 434 4667 turbas
452 4594 565 4666 Olivae
591 4601 811 4678 exusserant,
842 4594 1027 4667 excitando
1053 4594 1248 4692 penderent
1270 4597 1316 4668 :J
1320 4597 1452 4669 esuitas
1480 4595 1576 4666 intra
1601 4593 1697 4666 urbis
1724 4615 1799 4666 suae
1884 4615 1890 4634 ’

153 4749 170 4781 α
191 4721 332 4794 moenia
357 4720 495 4817 placide
526 4721 751 4816 acciperent:
788 4755 805 4788 n
835 4721 921 4794 Cum
951 4721 1222 4794 Gedanensibus
1249 4746 1336 4817 rege
1355 4723 1538 4817 negotium
1559 4719 1794 4814 transigente,
1871 4731 1918 4824 ³²:

151 4843 249 4918 soeda
268 4845 307 4916 in
325 4845 511 4918 Poloniam
536 4843 680 4918 aliunde
703 4844 857 4916 cooritur
882 4851 1097 4940 tempestas;
1117 4846 1200 4917 hinc
1226 4845 1537 4943 septemtrionibus
1567 4843 1798 4916 Moscovitieo
1822 4810 1942 4945 ῗέἐξζζε

150 4969 249 5043 bello
272 4971 406 5043 exarsit
425 4970 585 5055 Livonia,
604 4971 625 5041 J
629 4992 743 5043 oanne
757 4968 915 5042 Basilide
933 4992 1034 5042 arces
1054 4969 1230 5063 urbesque
1244 4977 1438 5066 occupante
1456 4993 1464 5041 :
1481 4966 1581 5039 illinc
1598 4967 1643 5038 ab
1663 4966 1801 5040 oriente
1825 4971 1951 5027 adversus

149 5095 303 5170 Tartari
321 5094 428 5168 caedis
442 5103 477 5168 et
489 5096 665 5168 vastitatis
679 5101 810 5167 metum
828 5095 1038 5167 inferebant.
1058 5093 1114 5166 Ita
1127 5114 1230 5168 orcus
1242 5095 1397 5190 undique
1414 5095 1489 5167 ibat
1507 5090 1605 5186 regia
1621 5089 1801 5188 erigendae
1826 5049 1948 5184 gom.

149 5221 347 5316 religionis
365 5219 510 5294 consilia
527 5243 591 5316 per
609 5221 728 5293 omnia
741 5242 884 5292 suorum
904 5241 1037 5312 genera
1055 5218 1343 5292 administrorum
1356 5217 1575 5313 impeditum.
1826 5209 1879 5260 sur.

1680 5339 1696 5391 a
