4948 6654
640 768 702 833 214
1010 782 1285 845 trrulurcanuu
1309 784 1520 848 sociamus
1541 789 1627 850 tuso
1649 771 1902 852 nrsromtnuu

476 964 540 1020 ¹⁶⁰⁷
640 977 769 1072 trepidi
787 1003 855 1053 uno
874 1005 913 1055 se
926 985 1068 1078 agmine
1086 988 1239 1082 ejiciunt.
1262 990 1343 1064 Rex
1364 1020 1381 1052 α
1405 991 1617 1088 perduelles,
1638 1017 1725 1089 quos
1744 1002 1838 1068 certe
1865 1003 2067 1068 revocatum
2084 997 2130 1070 ad
2149 999 2262 1074 officia

646 1129 663 1162 a
683 1125 755 1176 non
784 1107 957 1200 perditum
985 1110 1072 1198 ibat,
1089 1135 1151 1206 per
1179 1113 1413 1190 internuntios
1439 1126 1570 1202 monet,
1591 1119 1798 1213 resipiscere
1816 1120 1951 1208 malint,
1973 1122 2262 1220 clementiamque

646 1253 662 1286 κ
683 1229 851 1325 principis
869 1256 970 1326 quam
987 1234 1078 1307 iram
1101 1237 1249 1310 vindicis
1276 1243 1439 1335 experiri.
1458 1243 1548 1314 Eum
1574 1266 1612 1315 se
1639 1245 1696 1316 hie
1714 1245 1853 1332 adesse,
1874 1247 1933 1340 qui
1950 1246 2065 1329 facile,
2086 1255 2125 1319 ut
2147 1249 2262 1342 pervi-

647 1380 664 1413 κ
686 1378 788 1430 caces
805 1361 1032 1449 contundere,
1054 1364 1104 1440 sic
1133 1366 1383 1462 recipientibus
1410 1394 1448 1444 se
1473 1372 1519 1443 ad
1537 1371 1663 1443 bonam
1692 1369 1831 1465 frugem
1858 1371 1968 1465 possit
1993 1371 2146 1466 velitque
2176 1374 2262 1448 dare

470 1561 544 1617 daca
556 1562 585 1617 in
645 1509 662 1540 a
683 1485 841 1572 veniam;
873 1489 991 1574 hodie,
1011 1499 1090 1564 utro
1115 1493 1185 1568 frui
1209 1495 1343 1580 malint,
1366 1496 1460 1590 optio
1487 1502 1580 1568 esset
1608 1516 1682 1568 sua.
1703 1492 1836 1566 Gerras
1866 1494 1919 1566 illi
1937 1517 2017 1567 suas
2034 1495 2263 1568 nihilominus

472 1644 598 1713 qemun,
644 1635 660 1667 u
682 1631 824 1702 gerras;
845 1614 981 1698 eadem,
1001 1639 1079 1709 qnae
1097 1616 1321 1711 postulabant
1340 1627 1433 1704 ante,
1455 1618 1629 1713 inprimis
1657 1627 1694 1690 ut
1728 1616 1887 1690 Societas
1909 1619 2085 1691 Varsavia
2110 1626 2171 1692 aut
2194 1619 2264 1715 pri-

469 1721 586 1778 audacia.
644 1758 661 1790 κ
682 1734 803 1808 mariis
815 1738 935 1832 utique
952 1741 1098 1813 urbibus
1112 1743 1273 1838 ejiciatur
1288 1769 1296 1827 ;
1319 1750 1358 1814 ut
1375 1766 1420 1816 ne
1438 1743 1601 1839 deinceps
1618 1768 1710 1818 nova
1735 1746 1805 1818 illis
1823 1746 1999 1818 domicilia
2016 1747 2120 1820 condi
2132 1746 2259 1837 liceat;

643 1882 660 1914 s
682 1866 720 1931 ut
738 1861 889 1959 denique
903 1866 1026 1953 exteri,
1040 1867 1147 1961 quiin
1161 1866 1311 1940 Polonia
1324 1869 1531 1941 etLituania
1545 1878 1677 1954 essent,
1693 1894 1837 1966 eregno
1856 1872 2085 1952 Poloniarum
2099 1875 2263 1947 universo

642 2011 658 2044 u
680 1985 751 2057 alio
770 2012 820 2073 se,
852 2014 1058 2086 quocunque
1088 1993 1242 2075 libuerit,
1260 1999 1415 2079 vertant;
1436 2030 1452 2060 n
1473 2003 1508 2068 et
1525 1975 1608 2067 siid
1630 1994 1770 2090 quidem
1787 1996 1902 2090 ipsum
1910 1997 1986 2092 jam
2004 1997 2110 2090 paulo
2128 1998 2260 2084 mitius,

637 2112 864 2205 pertinaciter
880 2121 998 2188 tamen
1016 2115 1208 2211 postulant.
1225 2115 1368 2190 Talibus
1387 2117 1520 2191 scilicet
1537 2125 1611 2190 tam
1623 2116 1778 2212 indignis
1793 2118 2052 2191 conditionibus
2066 2119 2261 2214 placandus

644 2246 720 2310 erat
736 2263 800 2312 rex
813 2239 993 2314 offensior.
1010 2242 1189 2333 contineri
1205 2243 1282 2337 jam
1310 2241 1476 2324 omnium,
1498 2241 1557 2334 qui
1574 2231 1754 2335 regiarum
1771 2249 1873 2314 erant
1890 2243 2058 2337 partium,
2078 2243 2262 2318 iracundia

639 2386 710 2434 non
727 2365 852 2459 potuit,
875 2367 957 2459 quin
974 2367 1050 2462 ejus
1068 2374 1325 2462 contemptores
1342 2344 1538 2436 clementiae
1564 2386 1608 2435 ex
1632 2365 1720 2438 urbe
1740 2364 1787 2437 ad
1799 2385 1956 2460 pugnam
1973 2365 2151 2439 elicerent.
2173 2367 2262 2438 Pro·

637 2486 730 2559 ditur
760 2491 923 2584 utrinque
948 2492 985 2563 in
1010 2493 1122 2565 aciem
1143 2517 1150 2564 :
1172 2492 1392 2566 concurritur
1425 2490 1561 2564 infestis
1587 2489 1711 2584 signis,
1745 2490 1932 2564 inferiores
1966 2490 2096 2562 virtute
2131 2491 2262 2563 cedunt

635 2611 778 2697 hostes;
800 2613 1039 2710 imprudentes
1057 2616 1209 2711 denique
1225 2615 1261 2688 in
1281 2638 1341 2687 eas
1359 2614 1615 2687 contruduntur
1639 2614 1909 2710 Thermopylas,
1937 2614 1998 2684 ubi
2014 2614 2099 2685 hinc
2115 2613 2261 2687 flumine

633 2735 730 2810 illinc
748 2740 903 2812 exercitu
930 2740 1130 2814 interclusis
1160 2742 1332 2837 reliquum
1359 2748 1508 2825 erat,ut
1532 2739 1708 2811 adunam
1733 2740 1909 2812 occisione
1934 2741 2193 2828 occumberent,
2230 2743 2261 2814 si

635 2884 741 2955 porro
760 2864 804 2935 de
818 2864 931 2937 salute
948 2866 1055 2938 armis
1073 2851 1263 2939 decernere
1281 2865 1498 2937 maluissent.
1521 2864 1594 2938 Sed
1613 2885 1725 2958 neque
1751 2864 1789 2935 in
1811 2887 1852 2936 eo
1880 2871 1978 2936 tanto
2005 2857 2205 2937 discrimine
2222 2887 2262 2938 se

634 2986 920 3080 circumspiciunt
947 2988 1106 3062 homines
1135 2991 1255 3064 furore
1285 2989 1470 3074 occaecati3
1503 2987 1642 3083 gladios
1674 2987 1726 3058 illi
1756 2989 1892 3060 eminus
1910 2993 2089 3060 ostentant
2114 2987 2254 3070 nudos;

634 3109 822 3182 instituunt
839 3113 970 3198 aciem;
1003 3113 1131 3184 malam
1147 3113 1227 3208 regi
1244 3113 1422 3208 regiisque
1448 3119 1583 3208 pestem
1612 3109 1826 3182 minitantur.
1845 3110 1931 3188 Quae
1948 3117 2022 3180 tam
2039 3110 2170 3182 misera
2187 3109 2253 3180 im-

634 3235 829 3331 potentium
858 3237 1009 3309 conditio
1039 3237 1195 3308 animum
1226 3238 1378 3332 denique
1407 3237 1504 3331 regis
1530 3235 1711 3308 admonuit
1739 3257 1814 3306 suae
1839 3233 2101 3306 clementiaezu
2136 3242 2253 3305 mente

636 3383 652 3416 u
671 3356 834 3430 incitatos
850 3381 971 3454 agere,
992 3359 1160 3455 quidquid
1180 3370 1343 3458 agerent;
1361 3362 1480 3433 hostes
1493 3359 1574 3430 illos
1593 3357 1745 3451 quidem,
1768 3357 1909 3430 eosdem
1926 3365 2044 3428 tamen
2059 3353 2156 3430 cives
2171 3379 2253 3430 esse
2281 3443 2282 3450 ἵ

464 3483 612 3576 Claqentia
639 3509 655 3542 κ
675 3504 780 3568 suos;
812 3484 985 3579 praecipiti
1017 3484 1162 3556 consilio
1180 3486 1217 3556 in
1244 3494 1392 3558 mortem
1416 3483 1518 3558 ruere
1544 3485 1766 3556 :contineret
1793 3483 1955 3576 abreptos
1981 3484 2112 3578 impetu
2144 3505 2254 3567 caecc,

464 3563 553 3633 Μ’
637 3638 654 3670 κ
676 3632 832 3706 quosque
849 3611 992 3708 negotio
1009 3612 1107 3684 nullo
1131 3614 1281 3708 perdere
1298 3619 1418 3707 posset
1437 3608 1660 3702 ult0r‚regni
1678 3629 1863 3699 rerumque
1882 3606 2081 3677 moderator
2101 3606 2258 3700 prudens

636 3765 653 3798 κ
676 3743 840 3810 servaret
864 3736 920 3809 vel
938 3737 1079 3810 invitos.
1104 3773 1120 3804 a
1142 3737 1335 3810 Miseratus
1352 3736 1461 3830 igitur
1478 3732 1676 3804 mortalium
1706 3730 1908 3814 amentiam,
1926 3730 2104 3802 abstinere
2133 3751 2259 3802 manus

627 3867 731 3965 jubet
759 3888 843 3938 suas
862 3865 907 3938 ab
937 3865 1051 3950 hoste,
1071 3863 1247 3957 accirique
1271 3861 1315 3933 de
1332 3861 1457 3932 castris
1487 3855 1720 3953 perduellium
1747 3853 1947 3947 signiferos,
1970 3837 2048 3926 Hoc
2077 3853 2259 3926 enimvero

633 3991 770 4064 miseris
792 3991 880 4062 nihil
908 3992 1139 4087 opportunius
1173 3989 1315 4062 fortuna
1339 3983 1518 4090 obtulerit.
1536 3981 1675 4054 Adsunt
1704 3977 1876 4052 dedecore
1906 4001 1969 4049 suo
1996 3985 2032 4050 et
2061 3977 2255 4071 ignominia

633 4117 779 4203 concisi,
800 4115 940 4188 veniam
969 4113 1143 4210 supplices
1177 4120 1287 4185 orant.
1310 4112 1388 4183 Pax
1416 4108 1579 4202 utrinque
1608 4103 1803 4187 conficitur,
1824 4101 1929 4196 idque
1955 4101 2170 4175 clamoribus
2193 4125 2256 4196 per

634 4250 751 4315 castra
768 4242 868 4314 festis
885 4239 1092 4313 celebratur.
1114 4237 1185 4310 Sed
1203 4259 1285 4332 pax,
1306 4242 1401 4308 metu
1418 4232 1588 4317 confecta,
1610 4253 1681 4302 non
1699 4228 1879 4301 diuturna.
1901 4227 2041 4299 Rursus
2060 4225 2258 4322 perduelles

633 4389 764 4460 cogere
801 4372 925 4449 coetus,
959 4385 1149 4458 regemque
1178 4381 1384 4457 provocare.
1413 4355 1615 4430 Craccviam
1657 4352 1821 4450 pergenti
1851 4350 2078 4445 Sigismundc
2118 4349 2256 4422 infestis

635 4492 773 4562 obviam
805 4488 917 4582 signis
942 4488 1036 4583 apud
1054 4486 1221 4583 oppidum
1247 4486 1445 4557 Gussovurn
1475 4479 1636 4575 prodiere
1666 4476 1779 4572 pridie
1808 4497 1921 4549 nonas
1948 4474 2113 4568 quintiles
2154 4474 2261 4546 1607.

634 4618 762 4711 Pugna
779 4637 902 4686 rursus
920 4615 1158 4686 committitur.
1181 4612 1339 4690 Quatucr
1363 4605 1595 4704 perduellium
1610 4591 1728 4674 ¹millia
1746 4623 1829 4695 pars
1855 4623 1950 4672 caesa
1976 4621 2058 4693 pars
2077 4597 2112 4669 in
2129 4598 2252 4693 fugam

638 4748 729 4812 acta.
749 4739 779 4812 E
793 4739 891 4833 regio
905 4737 1059 4810 exercitu
1077 4735 1267 4808 desiderati
1279 4733 1427 4828 triginta
1439 4753 1511 4804 nou
1528 4727 1687 4823 amplius.
1702 4726 1781 4798 Hac
1797 4724 1947 4818 denique
1964 4723 2060 4794 caede
2077 4719 2258 4794 molimina

633 4864 880 4937 haereticorum
893 4862 1011 4934 omnia
1028 4861 1211 4958 dissipata.

592 5021 597 5036 ·
685 4993 784 5064 Vixit
811 4989 951 5062 adhaec
972 4993 1272 5082 usquetempcra‚
1290 4980 1561 5076 Stanislai,jam
1585 4979 1622 5049 in
1649 4975 1749 5047 divos
1775 4972 1892 5054 relati,
1917 4993 2107 5067 germanus
2132 4968 2256 5056 frater,

636 5116 771 5191 Paulus
794 5115 948 5198 Kostka,
969 5109 1277 5184 Giechanoviensis
1295 5105 1520 5203 provinciolae
1537 5104 1722 5178 vexillifer.
1741 5103 1795 5175 Ea
1819 5101 1934 5197 gloria
1952 5107 2074 5184 tanta,¹
2087 5105 2257 5194 quantam

640 5247 764 5320 beatus
783 5243 892 5315 frater
917 5240 955 5310 in
972 5236 1132 5310 Ecclesia
1158 5235 1263 5308 etiam
1293 5232 1467 5304 militante
1484 5236 1715 5304 consecuntus
1741 5227 1799 5311 sit,
1815 5223 2006 5320 jucundius
2023 5221 2084 5295 ille
2102 5221 2170 5293 vita
2187 5243 2256 5293 sua
