4896 6650
657 762 717 829 144
1014 829 1019 842 ⁶
1045 765 1317 830 urruhululltuu
1340 767 1553 830 suelurtrts
1573 766 1659 828 Jusu
1682 762 1933 824 lllSTOthRUhl

657 953 762 1042 atque
779 945 896 1019 audax
918 947 1117 1034 consilium,
1133 949 1163 1022 si
1179 957 1229 1036 te,
1249 975 1328 1025 cum
1345 951 1463 1046 possis
1481 949 1655 1033 subtrahi,
1674 946 1786 1021 furori
1798 944 1977 1042 propines,
1995 951 2030 1018 et
2042 942 2273 1017 frementibus

655 1070 748 1144 ultro
765 1078 871 1166 caput
888 1071 1044 1165 objicias.

704 1197 794 1269 Tres
806 1203 924 1269 tamen
941 1196 1036 1270 Socii
1049 1197 1094 1269 ad
1109 1197 1303 1272 custodiam
1320 1197 1456 1292 templi,
1473 1196 1686 1281 scholarum,
1706 1197 1829 1290 reique
1842 1193 2044 1266 domesticae
2062 1216 2140 1265 cum
2159 1194 2275 1266 Theo-

655 1320 775 1393 dorieo
792 1321 986 1426 Vestphalo
1004 1323 1232 1410 restiterunt;
1258 1323 1377 1395 caeteri
1394 1344 1458 1417 per
1475 1344 1583 1417 agros
1602 1320 1751 1416 dispersi
1774 1319 1963 1392 salutarem
1981 1318 2276 1391 circumferebant

654 1443 850 1517 doctrinam
868 1446 1054 1519 rusticulis.
1074 1448 1258 1531 Rubenus‚
1279 1446 1480 1540 episcopum
1506 1445 1665 1517 Livoniae
1682 1439 1862 1517 Andream
1884 1440 2096 1515 Nidechium
2118 1448 2272 1524 secutae,

654 1591 712 1642 res
730 1568 894 1642 dioecesis
911 1569 1121 1643 lustrantem
1135 1593 1222 1655 suae,
1244 1568 1368 1642 officiis
1390 1569 1463 1641 suis
1486 1568 1682 1665 adjutabat.
1706 1569 1746 1640 lu
1772 1589 1815 1640 ea
1834 1565 2005 1660 Rigensis
2030 1563 2179 1660 collegii
2196 1587 2275 1658 per-

655 1693 868 1778 turbatione,
885 1693 977 1788 quod
995 1693 1168 1789 reliquum
1183 1700 1260 1766 erat
1277 1693 1366 1788 spei,
1386 1691 1572 1788 praecisum
1599 1698 1653 1764 est
1674 1698 1800 1776 morte,
1819 1713 1888 1761 non
1904 1688 2064 1761 Poloniee
2085 1693 2221 1760 tantum
2241 1693 2277 1760 et
2334 1680 2338 1685 ’

482 1811 614 1950 &⁰⁴ssOE
658 1816 853 1890 Pannoniae
870 1816 933 1889 sed
946 1818 1011 1890 toti
1029 1817 1135 1890 etiam
1160 1816 1363 1913 reipublicae
1389 1816 1592 1888 christianae
1608 1792 1782 1899 luctuosa,
1809 1812 1980 1908 Stephani
1994 1811 2104 1907 regis,
2121 1810 2276 1883 Grodnae

480 1909 563 2041 sagis
644 1942 862 2014 mortalibus
881 1943 991 2037 erepti
1009 1943 1062 2014 Ill
1079 1941 1158 2014 idus
1177 1941 1211 2037 (r)
1224 1942 1439 2025 decembres,
1460 1939 1494 2010 in
1517 1939 1594 2034 ipso
1625 1937 1843 2010 Moscovitici
1870 1936 1956 2008 belli
1973 1935 2141 2019 consilio;
2177 1935 2276 2028 cujus

480 2053 587 2126 “lilim
657 2086 765 2138 causa
783 2072 944 2160 nepotem
967 2088 1067 2137 suum
1081 2064 1260 2137 Andream
1278 2064 1486 2136 Bathorium
1504 2060 1719 2134 cardinalem
1732 2060 1779 2132 ad
1796 2061 1996 2133 Romanum
2023 2061 2168 2131 miserat
2181 2060 2277 2131 Pon·

478 2151 570 2272 'alig
654 2189 795 2262 tificem.
814 2189 972 2261 Comitiis
992 2188 1098 2284 paulo
1124 2195 1207 2261 ante
1233 2187 1416 2260 Varsaviae
1448 2187 1570 2260 eadem
1589 2208 1698 2258 causa
1720 2183 1870 2268 indictis,
1897 2185 1962 2256 sub
1988 2182 2126 2266 eadem,
2151 2189 2276 2277 quarto

655 2313 819 2409 quintove
842 2311 912 2399 die,
935 2320 1120 2406 postquam
1140 2319 1316 2406 aegrotare
1343 2317 1513 2407 coeperat,
1542 2309 1707 2404 migravit
1734 2331 1753 2381 e
1784 2307 1989 2390 vita,·anuo
2018 2307 2134 2379 aetatis
2153 2306 2275 2400 quinto

654 2460 759 2532 supra
784 2437 1110 2533 quinquagesimum
1127 2438 1228 2509 inito.
1249 2437 1378 2508 Levior
1401 2435 1501 2506 initio
1519 2431 1653 2506 febrilis
1681 2433 1749 2504 fuit
1773 2431 1840 2517 vie,
1869 2454 1974 2526 quam
2005 2439 2043 2503 ut
2071 2429 2198 2503 medici
2232 2429 2277 2501 de

654 2560 768 2634 salute
798 2561 1022 2634 metuendum
1052 2568 1218 2656 putarent
1252 2585 1259 2632 :
1294 2567 1415 2632 coorta
1438 2558 1521 2631 inde
1552 2557 1697 2652 gravior
1724 2563 1869 2650 repente
1896 2563 1931 2626 et
1948 2554 2166 2640 concitatior,
2183 2555 2277 2626 vires

653 2687 837 2782 oppressit.
860 2685 986 2766 Quoad
1014 2693 1153 2780 poterat
1170 2708 1267 2780 aeger
1289 2706 1352 2780 per
1372 2681 1572 2766 intervalla,
1593 2681 1675 2753 vitae
1698 2681 1836 2752 interim
1862 2687 1967 2774 atque
1981 2679 2105 2773 {exitus
2118 2679 2173 2751 sui
2202 2701 2276 2750 mo·

652 2818 768 2882 menta
785 2811 957 2906 singulari
975 2810 1083 2884 animi
1109 2810 1294 2884 devotione
1322 2807 1481 2881 Creatori
1500 2829 1563 2880 suo
1589 2803 1870 2878 commendabat.
1891 2802 2277 2897 Testamentareliquit

482 2923 621 3064 injustam·
640 2932 710 3004 duo
736 2957 744 3004 :
766 2932 916 3004 alterum
935 2933 1108 3005 maturius
1121 2939 1204 3004 ante
1227 2939 1485 3026 nuncupatum;
1510 2931 1548 3001 in
1562 2953 1727 3025 supremo
1746 2930 1869 3001 morbo
1887 2928 2052 3012 alterum,
2072 2951 2148 3001 ase
2167 2929 2275 3000 scribi

481 3080 627 3135 tastuman-
653 3062 817 3151 coeptum,
847 3055 1031 3149 repentina
1049 3054 1162 3127 morbi
1179 3055 1213 3126 vi
1230 3055 1435 3150 praecisum;
1458 3055 1495 3125 in
1509 3077 1576 3149 quo
1595 3054 1789 3125 orationem
1804 3075 1916 3137 suam,
1932 3052 1979 3124 ad
2005 3051 2272 3147 sigismundum

481 3160 553 3212 ‘¹¹¹³'
653 3179 824 3274 principio
837 3179 1046 3264 institutam,
1062 3186 1206 3274 postea,
1224 3202 1302 3273 quae
1313 3179 1585 3272 interposuerat,
1599 3178 1649 3249 sic
1661 3177 1707 3249 ad
1718 3177 1867 3250 eundem
1878 3184 2020 3249 revocat
2040 3200 2048 3246 ε

705 3331 721 3361 u
741 3301 798 3374 Ad
815 3311 851 3375 te
876 3302 995 3387 redeo,
1012 3302 1193 3376 carissime
1220 3325 1343 3396 nepos,
1365 3302 1528 3396 princeps
1545 3299 1827 3397 Transylvaniaa
1845 3299 2072 3394 sigismunde
2086 3298 2237 3371 Bathori
2263 3324 2270 3370 :

650 3425 715 3499 tibi
732 3425 768 3498 in
793 3427 916 3522 primis
934 3426 1130 3520 Collegium
1155 3421 1477 3521 Cludiopolitanum
1496 3433 1531 3497 et
1547 3424 1702 3496 Albense
1720 3423 1802 3519 lego
1823 3432 1858 3497 et
1883 3424 2081 3510 committo;
2103 3447 2182 3520 quae
2196 3424 2275 3496 001-

648 3549 745 3646 legia
762 3558 863 3646 pater
879 3557 961 3622 tuus
979 3558 1015 3623 et
1032 3573 1099 3645 ego
1116 3550 1343 3623 fundavimus
1358 3549 1510 3645 propriis
1525 3572 1569 3622 ex
1581 3546 1807 3621 facultatibus
1821 3549 1963 3632 nostris,
1975 3548 2051 3620 siue
2066 3550 2273 3642 cujusquam

576 3762 579 3772 Ι
649 3672 791 3769 injuria.
817 3674 904 3753 Quae
923 3674 973 3744 ita
990 3676 1123 3746 tuearis
1136 3698 1176 3748 ac
1193 3674 1374 3762 defendas,
1392 3682 1563 3772 quatenus
1584 3675 1712 3748 animae
1739 3683 1824 3758 tuae,
1845 3673 2046 3770 patriaeque,
2071 3674 2126 3746 cui
2143 3697 2270 3770 praees,

649 3797 746 3871 salus
767 3798 830 3871 tibi
846 3820 931 3871 cara
960 3805 1026 3872 est.
1048 3799 1130 3871 Non
1160 3799 1322 3882 deerunt,
1343 3807 1442 3895 puto,
1462 3775 1602 3882 Ariani,
1631 3807 1739 3893 atque
1768 3799 1944 3894 inprimis
1968 3797 2268 3880 Oolosnarienses,

650 3922 711 4016 qui
725 3945 765 3996 ea
782 3944 906 3995 eversa
928 3920 1055 4007 velint;
1075 3922 1242 3996 favebunt
1260 3923 1312 3996 eis
1330 3933 1511 3997 senatores
1529 3925 1579 3997 tui
1599 3948 1731 4012 omnes,
1753 3933 1814 3998 aut
1836 3925 2039 3999 Calvinistae
2057 3935 2118 4000 aut
2141 3927 2273 4000 Luthe-

651 4046 730 4118 rani
746 4071 754 4118 :
770 4069 835 4120 nec
852 4045 1002 4138 deerunt
1015 4045 1269 4141 opportunitati
1281 4049 1431 4144 juvenes
1449 4057 1511 4120 aut
1531 4049 1636 4122 aulici
1657 4049 1791 4143 pariter
1816 4049 1993 4133 haeretici;
2014 4051 2087 4144 qui,
2109 4051 2172 4123 tibi
2185 4050 2271 4122 adu·

649 4170 778 4255 lantes,
798 4169 993 4266 procaciter
1006 4169 1043 4240 in
1057 4193 1118 4242 eos
1131 4169 1354 4258 invehentur,
1371 4171 1594 4266 animumque
1607 4181 1706 4245 tuum
1720 4174 1756 4245 in
1770 4180 2007 4246 transversum
2022 4173 2171 4268 rapient.
2184 4174 2270 4256 Sed,

651 4295 681 4366 si
705 4294 758 4364 vir
779 4317 831 4379 es,
848 4292 951 4364 facile
967 4293 1130 4365 omnibus
1148 4291 1252 4378 simul
1277 4295 1421 4369 resistes
1448 4295 1524 4368 sola
1538 4297 1733 4370 constantia
1750 4304 1785 4369 et
1802 4295 1939 4374 fervore
1959 4296 2102 4391 zeloque
2115 4295 2271 4391 pietatis,

649 4417 765 4512 magis
781 4417 968 4512 magisque
992 4417 1059 4511 piis
1082 4424 1303 4510 contestatae.
1324 4419 1502 4492 Outinam
1522 4420 1713 4514 potuissem
1738 4419 1796 4492 vel
1814 4421 1852 4490 in
1872 4420 1938 4491 hoc
1958 4419 2071 4492 solum
2089 4442 2180 4492 meae
2196 4419 2273 4515 pie-

652 4541 719 4615 tati
736 4541 953 4626 satisfacere,
975 4550 1013 4613 ut
1043 4542 1159 4614 sinon
1177 4565 1312 4628 omnes,
1333 4543 1458 4617 saltem
1472 4566 1615 4638 paucos,
1635 4544 1700 4616 tibi
1728 4544 1869 4617 intimos
1887 4543 2107 4616 consiliarios
2129 4552 2164 4617 et
2180 4545 2278 4616 cubi-

652 4665 807 4739 cularios
830 4666 1021 4740 catholicos
1039 4674 1074 4739 et
1086 4667 1164 4763 pios
1179 4668 1265 4740 dare
1277 4669 1489 4762 potuissem!
1506 4669 1569 4740 tibi
1581 4676 1801 4753 ornamento,
1813 4667 1898 4740 mihi
1912 4669 2092 4741 securitati
2107 4668 2268 4741 fuissent.

651 4789 723 4866 Sed
737 4813 779 4864 ea
796 4790 845 4863 ibi
862 4799 917 4863 est
943 4791 1110 4886 temporis
1128 4799 1163 4864 et
1180 4815 1317 4864 morum
1342 4792 1567 4887 perversitas,
1597 4800 1635 4865 ut
1653 4814 1775 4865 omnes
1794 4789 2060 4878 declinaverint,
2090 4791 2275 4888 variisque

649 4915 844 4990 haeresibus
873 4915 1010 5000 imbuti,
1042 4915 1254 4989 atheismum
1287 4915 1446 5011 plerique
1476 4917 1622 5012 spirent.
1644 4918 1722 4997 Quo
1748 4915 1923 4988 difficilior
1939 4917 2058 5012 itaque
2078 4917 2142 4988 tibi
2160 4924 2275 4990 restat

650 5041 881 5126 concertatio,
903 5063 944 5114 eo
957 5041 1072 5135 majus
1089 5040 1152 5113 tibi
1170 5041 1367 5136 praemium,
1388 5047 1423 5115 et
1441 5041 1519 5113 laus
1537 5041 1751 5137 sempiterna
1767 5049 1834 5114 etc.
1858 5077 1875 5108 „

692 5192 733 5268 tl)
744 5191 845 5253 loanni
861 5191 948 5252 Leoni
963 5193 992 5251 in
1007 5208 1057 5252 sua
1075 5189 1199 5252 Historia
1212 5191 1343 5270 Praesta,
1358 5207 1422 5267 pag.
1436 5194 1509 5264 tto,
1526 5193 1615 5266 pridie
1626 5190 1691 5252 idus
1702 5193 1880 5252 decembres.
