4896 6650
635 819 743 880 nena
767 818 956 881 sncunnus
977 819 1186 897 (verr-raso).
1713 815 1750 882 τι

128 1033 147 1065 κ
169 1005 280 1100 (quem
301 1001 337 1072 in
359 1001 452 1072 omni
471 1023 632 1073 sermone
650 1024 714 1073 suo
728 1023 864 1073 summa
881 1026 960 1074 cum
977 1001 1122 1074 honoris
1140 999 1361 1095 praefatione,
1378 1005 1413 1071 et
1425 999 1551 1094 patriae
1564 1006 1600 1072 et
1616 998 1750 1070 valatn·
1782 1011 1845 1068 1579

130 1157 148 1188 a
172 1127 264 1198 dinis
290 1149 366 1198 suae
394 1133 630 1224 protectorem
657 1126 837 1221 appellare
863 1115 1104 1223 consueverat)
1123 1149 1166 1198 ex
1188 1124 1381 1219 Caprarola
1410 1147 1487 1208 sua,
1516 1125 1552 1194 in
1578 1147 1645 1218 qua
1675 1125 1751 1219 ipse

131 1287 149 1318 a
172 1278 309 1350 quoque
325 1277 466 1326 menses
492 1255 634 1327 aestivos
652 1254 809 1338 duceret,
829 1254 947 1325 omnia
964 1253 1010 1324 ad
1028 1253 1156 1324 victum
1175 1259 1210 1324 et
1226 1251 1418 1324 curandam
1439 1249 1674 1322 valetudinem
1691 1276 1751 1324 ne-

133 1409 150 1439 u
172 1379 325 1451 cessarie
338 1385 374 1451 et
386 1377 690 1451 abundantissime
703 1383 738 1450 et
751 1378 867 1449 animo
880 1377 1128 1449 liberalissimo
1142 1375 1402 1471 suppeditabat;
1418 1375 1487 1446 imo
1501 1380 1536 1446 et
1546 1375 1601 1445 sui
1617 1398 1755 1470 quoque

133 1533 150 1562 ει
174 1502 299 1576 medici
331 1525 473 1596 operam
491 1501 753 1592 etffiindustriam
784 1501 831 1573 ad
860 1500 1014 1574 studium
1043 1500 1296 1594 recuperandae
1325 1498 1537 1572 valetudinis
1568 1501 1751 1572 convertit.

134 1657 152 1687 c
175 1629 260 1699 Erat
278 1627 372 1698 enim
389 1633 425 1698 et
442 1632 543 1698 extra
560 1626 682 1697 urbem
708 1632 743 1696 et
768 1625 802 1696 in
831 1626 908 1721 ipsa
925 1627 1012 1698 urbe
1029 1626 1402 1719 praestantissimorum
1420 1649 1459 1696 ac
1477 1624 1756 1696 doctissimorum

135 1782 151 1812 a
174 1775 391 1847 quorumque
413 1751 568 1822 virorum
586 1751 630 1821 de
648 1749 775 1822 tuenda
794 1751 1100 1844 conservandaque
1117 1751 1285 1835 viritem
1303 1749 1470 1822 salutaris
1487 1749 1658 1821 Ecclesiae
1676 1749 1756 1834 Dei,

134 1907 151 1936 ι
173 1875 376 1948 valetudine
400 1877 554 1949 maxima
579 1875 742 1968 quaedam
760 1873 981 1959 sollicitudo;
1002 1881 1040 1944 ut
1056 1874 1189 1968 passim
1215 1896 1285 1944 non
1304 1873 1417 1944 solum
1434 1878 1517 1944 vota
1534 1872 1675 1967 publica
1697 1896 1761 1968 per

135 2028 152 2058 κ
175 1998 273 2071 urbis
300 1999 468 2071 ecclesias
496 1997 575 2082 viri,
595 1997 847 2070 conservandae
877 1996 1059 2091 religionis
1090 1996 1270 2070 catholicae
1297 1997 1411 2069 studio
1428 1981 1646 2084 inflammati,
1666 1973 1759 2070 facess

133 2151 150 2182 e
172 2129 278 2196 rent:
299 2122 363 2195 sed
391 2122 497 2195 etiam
516 2144 642 2217 operas
662 2144 746 2194 suas
764 2129 800 2193 et
816 2143 875 2194 res
905 2128 940 2192 et
968 2119 1126 2192 fortunas
1154 2120 1276 2193 libenti
1305 2119 1422 2193 animo
1449 2120 1637 2206 offerrent;
1657 2121 1760 2193 modo

136 2277 154 2306 a
176 2251 296 2340 posset
314 2245 393 2318 haec
411 2252 484 2316 tam
501 2244 615 2318 solida
631 2244 801 2317 Ecclesiae
818 2244 885 2316 Dei
902 2244 1065 2316 columna
1086 2244 1131 2346 ab
1148 2245 1342 2317 imminenti
1368 2267 1451 2316 casu
1469 2244 1762 2338 prolapsioneque

135 2399 152 2428 a
176 2370 354 2442 sustineri.
375 2371 474 2442 Inter
491 2369 557 2442 hos
583 2376 703 2442 autem
720 2369 821 2462 regni
848 2367 1009 2441 Poloniae
1026 2367 1222 2462 patriaeque
1242 2375 1375 2440 nostrae
1400 2367 1668 2462 vice-protector
1685 2393 1760 2442 car·

137 2524 154 2555 a
177 2495 303 2568 dinalis
322 2495 495 2581 Sabellus,
515 2494 570 2566 vir
599 2494 808 2590 prudentiae,
841 2494 1070 2566 humanitatis
1095 2502 1132 2567 et
1155 2493 1341 2587 gravitatis
1369 2492 1532 2565 laudibus
1564 2494 1763 2578 abundans,

138 2649 155 2680 ι
179 2639 298 2690 cuma
316 2616 440 2689 multis
465 2617 569 2690 annis
586 2618 752 2712 pietatem
770 2617 1046 2690 innocentissimi
1063 2616 1252 2688 cardinalis
1278 2616 1492 2700 adamasset,
1514 2615 1635 2710 illique
1661 2618 1771 2689 omni·-

139 2773 158 2804 ι
177 2742 247 2813 bus
273 2741 310 2813 in
335 2742 440 2815 rebus
460 2741 652 2838 gratificari
670 2764 808 2836 semper
833 2742 1082 2825 contendisset,
1104 2741 1287 2835 studiaque
1317 2763 1381 2812 sua
1407 2748 1443 2813 et
1469 2741 1583 2812 officia
1612 2744 1711 2814 vultu
1735 2751 1772 2816 ct

145 2897 163 2928 a
185 2866 307 2939 verbis
325 2889 422 2961 saepe
445 2865 707 2960 significasset;
726 2865 794 2938 hoc
817 2866 994 2960 praecipue
1019 2873 1091 2937 tam
1121 2866 1321 2938 necessario
1346 2872 1503 2961 tempore
1528 2867 1770 2940 admirabilem

142 3021 161 3052 e
184 3012 309 3063 curam
328 2998 363 3062 et
381 2990 653 3072 sollicitudinem
667 2989 828 3060 omnibns
848 2989 970 3061 officiis
986 2989 1203 3083 praestandis·
1218 3012 1257 3062 re
1274 2997 1309 3062 et
1326 2990 1474 3063 veritate
1496 2990 1709 3070 declaravit:
1730 3015 1772 3064 ac

143 3143 162 3174 κ
183 3114 290 3186 modo
309 3136 380 3186 non
398 3113 547 3208 singulis
569 3113 666 3186 horis
684 3120 720 3184 et
739 3113 924 3186 momentis
942 3113 985 3186 de
1003 3113 1133 3186 afflicta
1149 3112 1340 3185 cardinalis
1357 3113 1556 3187 valetudine
1574 3114 1770 3202 laboravit;

144 3268 161 3298 ι
183 3245 222 3311 et
241 3259 457 3332 quaecunque
474 3236 617 3310 budam
634 3236 681 3308 ad
702 3259 779 3308 eam
796 3237 1050 3310 restituendam
1075 3238 1271 3310 necessaria
1294 3237 1474 3332 praesidia,
1492 3261 1628 3310 summa
1648 3237 1770 3311 volun-

143 3393 162 3423 κ
183 3369 272 3444 tate;
291 3361 397 3456 pleno
415 3356 614 3434 amicissimi
632 3359 799 3433 desiderii
811 3361 929 3433 animo
942 3362 1200 3455 suppeditavit:
1222 3363 1277 3434 cui
1292 3385 1330 3434 se
1346 3363 1412 3434 hoc
1428 3364 1569 3436 nomine
1581 3363 1769 3458 plurimum

134 3517 162 3562 :a
186 3485 330 3572 debere,
352 3488 479 3558 iterum
509 3486 703 3578 iterumque
722 3484 910 3557 cardinalis
928 3486 964 3556 in
983 3484 1127 3558 auribus
1144 3485 1276 3558 nostris
1293 3492 1444 3559 testatus
1469 3467 1535 3560 est:
1557 3489 1701 3560 Interim
1726 3511 1771 3561 ex

145 3641 163 3670 a
187 3609 278 3682 urbe
296 3631 433 3703 quoque
446 3607 542 3681 venit
559 3607 664 3680 officii
683 3630 790 3680 cansa
803 3608 1011 3686 Vincentius
1029 3609 1189 3681 Laurens
1208 3609 1391 3704 episcopus
1405 3609 1694 3705 Montisregalis;
1713 3613 1773 3705 qni
1841 3659 1844 3667 .

141 3765 162 3796 a
185 3757 326 3807 summa
339 3757 419 3806 cum
437 3731 612 3826 dignitate
630 3739 665 3804 et
683 3731 833 3804 utilitate
848 3732 1019 3805 Ecclesiae
1032 3733 1099 3806 Dei
1111 3734 1205 3828 apud
1220 3733 1411 3806 Henricum
1424 3733 1464 3809 et'
1473 3736 1690 3830 Stephanum
1703 3737 1774 3808 Po-

143 3889 164 3918 «
187 3857 299 3930 ioniae
313 3880 417 3951 reges
427 3855 540 3928 nuntii
550 3854 735 3950 apostolici
744 3878 870 3927 munus
880 3857 982 3928 annis
988 3855 1123 3950 aliquot
1131 3856 1308 3929 sustinuit.
1318 3859 1430 3938 Quem
1439 3858 1563 3930 cumin
1577 3859 1775 3932 cubiculum

143 4013 163 4044 a
189 3982 479 4067 introduxissem,
496 3979 701 4054 incredibile
720 3988 785 4067 est,
802 3988 932 4074 quanto
952 4005 1031 4052 cum
1044 3981 1175 4075 gaudio
1193 3983 1247 4052 vir
1265 3981 1403 4054 divinus
1417 3985 1612 4078 exceperit:
1630 3985 1777 4058 sublatis
1862 4055 1871 4072 ,

147 4137 166 4167 κ
191 4107 232 4178 in
251 4105 377 4177 coelum
396 4104 570 4187 manibus
593 4103 818 4198 illacrymans
834 4129 842 4188 ;
860 4102 1045 4188 advenisti,
1058 4105 1183 4197 inquit,
1206 4105 1452 4179 desiderabilis
1465 4133 1473 4192 ;
1486 4108 1585 4203 cujus
1603 4130 1670 4202 ego
1684 4131 1775 4203 prae-

145 4261 166 4290 ει
191 4229 344 4302 sentiam
356 4229 417 4300 vix
431 4234 565 4322 optare,
585 4250 630 4300 nc
647 4227 730 4299 dum
747 4233 933 4322 expectare
946 4227 1013 4298 hoc
1024 4228 1107 4298 anni
1124 4234 1281 4323 tempore
1297 4230 1499 4323 potuissem.
1510 4231 1620 4325 Spero
1634 4229 1719 4316 fore,
1739 4239 1778 4303 ut

145 4383 164 4414 κ
192 4374 259 4448 per
271 4357 308 4422 tc
326 4351 414 4424 meis
436 4351 538 4422 malis
565 4350 686 4422 divina
715 4350 958 4422 misericordia
984 4357 1177 4423 succurrat.
1195 4351 1273 4424 Hoc
1303 4354 1518 4438 consolante,
1538 4375 1635 4448 aeger
1665 4355 1778 4450 suspi-

145 4507 166 4538 ι
194 4498 284 4548 rans
310 4499 318 4547 :
339 4483 485 4571 paratus
503 4499 592 4558 sum,
610 4474 734 4569 inquit,
755 4481 790 4548 et
818 4497 890 4547 non
910 4498 987 4546 sum
1006 4476 1178 4547 turbatus.
1200 4475 1283 4547 Fiat
1303 4475 1462 4548 voluntas
1481 4478 1634 4564 Domini,
1666 4486 1731 4552 etc.
1758 4517 1774 4548 a

203 4600 307 4671 Idem
323 4599 473 4672 eundem
492 4598 713 4672 Cardinalem
730 4598 766 4669 in
785 4596 934 4692 epistola
951 4598 993 4669 ad
1011 4599 1033 4670 J
1036 4621 1181 4671 oannem
1200 4598 1442 4672 Varmiensem
1459 4603 1666 4700 canonicum
1687 4627 1779 4698 prae·

141 4725 256 4798 clare
273 4720 408 4794 laudat.
1324 4737 1327 4746 ⁴

206 4879 226 4908 c
252 4845 353 4926 Quod
366 4868 390 4918 a
401 4851 526 4932 morte,
537 4843 662 4939 inquit,
680 4843 893 4916 sanctissimi
905 4851 941 4916 et
953 4843 1107 4916 omnium
1120 4842 1370 4938 praedicatione
1383 4845 1580 4940 dignissimi
1594 4847 1783 4923 cardinalis

148 5005 168 5036 ι
196 4969 320 5055 Hosti,
341 4969 475 5042 domini
500 4977 536 5042 et
561 4968 702 5064 patroni
719 4967 787 5054 mei
812 4966 1133 5052 beneficentissimi,
1154 4967 1269 5040 nullas
1286 4970 1330 5041 ad
1349 4975 1384 5042 te
1402 4969 1538 5044 litteras
1557 4970 1725 5059 dederim,
1745 4975 1782 5046 in

147 5129 170 5160 a
197 5115 315 5168 cansa
331 5093 397 5165 fuit
414 5092 551 5165 infinita
580 5091 742 5186 quaedam
758 5093 812 5164 vis
838 5090 1072 5188 lacrymarum
1091 5099 1125 5164 et
1142 5090 1316 5176 dolorum,
1337 5116 1416 5187 quae
1432 5117 1488 5168 me
1509 5095 1669 5170 omnibus
1686 5120 1783 5172 acer-

147 5254 169 5284 «
196 5217 375 5292 bitatibus
402 5216 628 5290 interclusum
645 5224 848 5301 tenuerunt,
868 5239 910 5290 ac
927 5217 1021 5288 omni
1045 5215 1210 5290 facultate
1239 5217 1378 5291 dicendi
1395 5220 1638 5316 scribendique
1655 5223 1784 5319 spolia-
