4930 6634
666 811 776 876 LIBER
799 811 979 874 SEPTIMUS
1000 810 1213 889 (loss-loto).
1408 817 1413 826 ’
1704 807 1768 875 ,263

21 1099 22 1118 ¹
148 997 306 1072 barbaris
322 995 530 1092 intercepto.
552 998 629 1070 Pax
655 1019 740 1092 ergo
772 997 883 1092 aequis
900 996 1063 1090 utrinque
1091 991 1347 1067 conditionibus
1375 989 1560 1064 conficitur
1585 991 1654 1063 Vll
1689 992 1769 1066 idus
1793 1003 1857 1058 1621

21 1119 22 1128 '
148 1123 325 1207 octobres;
347 1121 574 1216 consequitur
590 1121 684 1195 inter
699 1121 812 1194 fessos
825 1121 919 1194 bello
944 1121 1106 1214 utrinque
1119 1117 1325 1212 gratulatio.
1344 1115 1431 1190 Erat
1444 1139 1540 1201 vero,
1561 1117 1655 1212 quod
1670 1117 1768 1206 desi-

148 1250 283 1322 deraret
299 1268 383 1342 pars
400 1252 547 1340 utraque
564 1270 572 1316 :
598 1251 632 1318 et
645 1247 774 1318 Turcae
797 1247 937 1340 quidem
950 1252 1088 1318 centum
1110 1243 1261 1337 amplius
1278 1263 1422 1315 suorum
1439 1242 1571 1328 millia;
1591 1248 1769 1317 nostrates

21 1365 22 1424 Ὗ
148 1381 262 1446 autem
275 1371 455 1467 suppetias
467 1391 683 1464 nervumque
696 1369 780 1442 belli
797 1369 844 1442 ad
857 1369 1062 1464 ampliorem
1075 1367 1269 1441 victoriam.
1288 1368 1512 1464 Quapropter
1525 1367 1766 1463 Sigismundo,

21 1487 22 1494 '
149 1494 364 1592 praestolanti
380 1493 495 1567 adhuc
513 1494 605 1588 apud
636 1493 819 1589 Leopolim
837 1493 969 1566 relictis
998 1499 1079 1588 post
1094 1500 1235 1588 tergum
1252 1491 1465 1586 agminibus,
1494 1511 1566 1564 non
1591 1491 1769 1587 optatissi-

21 1689 22 1710 ,
149 1643 221 1694 mus
238 1619 411 1692 accidisse
431 1617 544 1690 fertur
557 1617 634 1712 ejus
651 1616 794 1691 foederis
808 1618 966 1690 nuntius.
985 1617 1112 1688 Divino
1138 1615 1198 1689 ille
1217 1615 1358 1688 numine
1380 1621 1415 1688 et
1432 1633 1549 1687 causae
1565 1635 1642 1688 suae
1661 1614 1768 1710 aequi·

21 1799 22 1836 ,
150 1749 216 1815 tate
239 1742 364 1828 fretus,
385 1743 550 1838 sperabat
579 1741 655 1814 fore
681 1750 719 1814 ut
750 1749 811 1822 aut
840 1742 977 1814 hostem
1000 1742 1142 1814 omnino
1168 1743 1412 1827 contunderet,
1441 1749 1515 1825 aut,
1536 1761 1624 1836 quas
1650 1741 1770 1836 utique

21 1893 22 1908 ¹
151 1866 253 1940 vellet
275 1867 364 1963 ipse,
386 1866 605 1940 conditiones
620 1867 752 1962 pacisa
770 1866 921 1938 barbaro
947 1865 1121 1939 seminece
1139 1866 1361 1960 exprimeret.
1383 1865 1532 1945 Quando
1557 1874 1676 1938 tamen
1694 1863 1769 1958 qui·
1908 1886 1912 1896 ’

151 1990 227 2064 dem
236 1991 338 2088 jacta
349 1991 426 2086 jam
457 1998 551 2065 esset
576 1991 613 2063 in
640 1991 767 2064 castris
784 1991 884 2074 alea;
914 1989 1213 2084 supersedendum
1230 1989 1335 2074 bello,
1366 2011 1478 2084 neque
1495 1997 1628 2064 temere
1656 1990 1769 2063 laces·
1794 2069 1944 2128 1,oeth

21 2157 22 2160 π
152 2114 292 2186 sendam
309 2114 403 2187 ultra
414 2113 590 2188 fortunam
605 2121 715 2198 ratus,
735 2113 930 2208 pactionem
944 2113 1109 2207 utrinque
1126 2113 1337 2208 propositam
1351 2112 1488 2207 accipit,
1505 2112 1767 2209 confirmatque.
1795 2150 1832 2206 q,
1861 2149 1944 2206 qm,

152 2239 326 2312 Postridie
350 2238 469 2312 statim
487 2239 564 2334 ejus
590 2236 660 2309 diei
678 2237 851 2332 recipiunt
869 2259 920 2321 se,
954 2236 1177 2330 impatientes
1194 2238 1269 2332 ejus
1286 2237 1468 2310 dedecoris
1485 2239 1539 2310 sui
1561 2259 1604 2310 ao
1636 2238 1768 2325 damni,
1796 2231 1875 2288 uani.
1940 2240 1944 2250 ’

151 2363 358 2458 linguntque
376 2386 437 2436 sua
450 2363 598 2435 vulnera
620 2361 776 2433 barbari.
795 2361 931 2435 Horum
948 2360 1066 2456 plures
1089 2361 1211 2445 multo,
1232 2385 1337 2458 quam
1350 2364 1594 2436 occubuissent
1618 2363 1655 2435 in
1680 2364 1768 2448 acie,

152 2487 184 2558 in
201 2487 329 2571 reditu,
346 2486 486 2558 amissis
505 2485 630 2558 belluis
649 2485 756 2558 etiam
770 2484 975 2568 clitellariis,
992 2485 1102 2557 saucii
1120 2486 1363 2581 exhaustique,
1384 2487 1502 2582 pluvio
1521 2509 1562 2558 ao
1579 2486 1771 2582 perfrigido

153 2607 384 2690 autumno.'in
397 2611 531 2705 tesquis
544 2609 689 2705 passim,
705 2609 836 2704 passim
858 2610 894 2680 in
913 2609 1099 2704 uliginosis
1115 2609 1203 2682 locis
1227 2611 1417 2694 intereunt,
1438 2610 1611 2706 triploque
1630 2611 1772 2707 paucio·

152 2756 206 2808 res
226 2759 304 2808 suae
318 2735 430 2808 nuntii
444 2734 568 2820 cladis,
585 2733 814 2830 pollingenda
827 2734 975 2806 nuribus
993 2735 1067 2806 suis
1085 2741 1185 2829 terga
1202 2735 1361 2808 referunt
1386 2735 1608 2831 Byzantium.

197 2858 337 2946 Poloni,
354 2859 472 2932 divino
490 2857 682 2931 incolumes
695 2855 875 2953 praesidio,
895 2833 1235 2931 tumulatis'suorum
1248 2858 1466 2954 corporibus,
1482 2859 1771 2954 interemptorum
1798 2859 1906 2915 Pania

154 2984 421 3078 quadringentis
433 3006 505 3055 non
518 2983 684 3078 plurium,
705 2983 818 3054 Deum
847 2981 935 3066 laeti,
962 3005 1064 3054 suum
1094 2984 1279 3061 Dominum
1296 2985 1525 3070 exercituum,
1541 2984 1640 3058 festis
1666 2985 1772 3058 etiam
1796 2938 1917 3069 pomum

152 3108 308 3203 epiniciis
323 3108 469 3182 reduces
488 3106 703 3180 collaudant.
722 3106 792 3178 Per
812 3104 905 3216 latus
922 3105 1042 3201 poloni
1068 3108 1164 3204 regis
1190 3109 1400 3203 petebantur
1412 3110 1530 3183 caeteri
1543 3109 1717 3205 principes
1735 3109 1773 3181 in

151 3233 293 3328 Europa
306 3231 510 3306 christiani:
531 3232 574 3304 ad
592 3230 658 3303 hos
676 3251 813 3325 quoquc
830 3252 952 3304 omnes
969 3231 1145 3326 pertinere
1163 3231 1284 3305 debuit
1300 3233 1457 3328 ejusdem
1475 3233 1634 3307 victoriae
1651 3239 1770 3328 gratu·

150 3355 249 3431 latio.
273 3357 465 3430 Enimvero
480 3358 548 3430 hoc
567 3357 689 3428 nuntio
708 3355 821 3428 laetati
835 3361 917 3428 sunt
931 3377 1072 3428 omues:
1090 3357 1127 3428 in
1144 3357 1266 3451 primis
1282 3382 1448 3432 romanus
1461 3359 1624 3434 Pontifex
1638 3359 1773 3453 Grego-

151 3481 221 3554 rius
238 3481 321 3554 XV.
345 3481 415 3553 Pro
438 3502 479 3552 eo
503 3488 604 3552 tanto
623 3479 689 3553 Dei
707 3477 880 3552 beneficio
899 3487 934 3552 et
964 3481 1040 3574 ipse
1070 3481 1209 3577 publice
1226 3482 1270 3556 ad
1287 3505 1370 3556 aras
1392 3481 1467 3576 egit
1492 3482 1626 3577 gratias
1644 3479 1774 3576 suppli-

149 3608 286 3679 catione
317 3607 568 3681 celeberrima:
590 3613 626 3679 et
642 3606 736 3678 diem
754 3604 803 3677 Vl
822 3605 902 3679 idus
928 3607 1104 3689 octobres,
1122 3630 1190 3702 quo
1208 3607 1321 3680 victus
1333 3608 1446 3680 hostis
1464 3607 1716 3702 submotusque
1733 3628 1777 3679 ex

148 3731 236 3816 acic,
258 3755 399 3805 sacrum
413 3731 562 3804 Domino
576 3731 806 3811 exercituum,
822 3729 1019 3824 festumque
1033 3731 1178 3805 Polonis
1196 3733 1288 3806 diem
1313 3732 1517 3828 quotannis
1534 3755 1598 3827 per
1618 3732 1771 3806 officium

150 3855 307 3929 divinum
336 3856 567 3951 peculiarest
597 3855 771 3927 sacrificia
801 3877 878 3928 esse
890 3855 1018 3949 jussit;
1052 3857 1143 3951 quod
1174 3855 1302 3930 deinde
1339 3857 1507 3930 Urbanus
1524 3858 1612 3930 Vlll
1643 3864 1771 3954 rogatu

149 3978 324 4052 Vladislai
343 3979 405 4064 lV,
422 3979 654 4052 confirmavit.
677 3978 859 4052 Hactenus
875 3978 918 4050 de
945 4001 984 4050 re
1003 3981 1190 4052 communi.
1213 3981 1295 4052 Jam
1317 3981 1361 4054 de
1378 3981 1446 4066 his,
1468 4003 1547 4075 quae
1576 3981 1770 4076 peculiaria

148 4109 231 4175 sunt
247 4103 431 4198 magisque
445 4111 577 4175 nostra.
601 4103 730 4174 Divina
747 4101 962 4175 hauddubie
980 4102 1121 4189 virtute,
1144 4128 1213 4177 uon
1231 4105 1394 4178 humanis
1420 4105 1566 4189 viribus,
1587 4106 1681 4178 hosti
1698 4113 1771 4177 tam
1797 4136 1915 4193 victoria

147 4227 283 4320 potenti
301 4233 440 4301 extorta
456 4234 510 4300 est
535 4224 682 4298 victoria
715 4252 722 4298 :
766 4227 855 4300 hanc
890 4226 980 4298 Divo
1004 4226 1182 4301 Stanislao
1213 4229 1348 4314 deberi,
1381 4239 1416 4304 et
1446 4231 1596 4304 Polonia
1625 4228 1773 4326 agnovit
1796 4220 1940 4292 patrocinio

147 4355 274 4438 omnis,
291 4360 326 4427 et
344 4353 442 4426 Deus
462 4351 568 4425 certis
586 4352 734 4424 ostentis
753 4351 956 4425 declaravit.
1796 4299 1946 4434 diffisa

195 4478 292 4552 Sane
309 4500 352 4550 eo
371 4477 446 4572 ipso
466 4476 535 4561 die,
556 4484 657 4549 sexto
684 4475 820 4548 scilicet
840 4475 921 4549 idus
939 4477 1113 4563 octobres
1134 4502 1202 4574 quo
1220 4479 1347 4551 Turcae
1364 4486 1614 4551 concesserunt
1631 4478 1772 4552 victori-
1797 4457 1885 4527 pm

146 4599 226 4685 bus,
247 4601 383 4696 aliquot
411 4599 644 4695 prudentibus
662 4622 780 4672 rerum
811 4600 1098 4688 aestimatoribus,
1128 4602 1413 4698 sapientibusque
1435 4602 1568 4674 eisdem
1587 4609 1623 4674 et
1640 4603 1773 4674 sanctis

145 4725 247 4808 viris,
268 4749 359 4809 cum,
393 4724 489 4819 pleni
507 4723 748 4818 expectatione
778 4733 926 4800 eventus
958 4728 1088 4814 bellici,
1109 4753 1183 4802 rem
1202 4731 1429 4804 christianam
1446 4731 1485 4802 in
1510 4752 1552 4804 eo
1571 4729 1773 4803 discrimine

146 4871 293 4945 suaeque
323 4850 474 4923 salutem
504 4849 630 4943 patriae
655 4848 831 4942 supplices
849 4852 925 4926 Deo
951 4855 1249 4940 commendarent,
1270 4856 1314 4928 de
1341 4855 1486 4950 negotio
1515 4862 1697 4929 trausacto
1725 4854 1773 4950 (id

147 4972 242 5064 quod
253 4972 367 5066 jurati
389 4971 652 5066 confirmarunt)
682 4971 850 5045 divinitus
876 4997 915 5048 se
932 4976 1094 5068 monitos
1118 4987 1340 5072 agnoverunt
1366 4979 1567 5075 spectaculo
1585 4980 1772 5076 ejusmodi.

146 5094 282 5170 Videre
300 5095 367 5170 sibi
383 5097 450 5168 visi
467 5103 550 5169 sunt
568 5096 745 5168 theatrum
762 5096 846 5168 belli
872 5098 909 5169 in
923 5100 1377 5196 campischotimensibus:
1396 5104 1479 5178 hinc
1497 5127 1519 5176 a
1536 5105 1633 5201 Tyra
1650 5104 1773 5176 imma·

145 5241 229 5294 nem
249 5221 480 5296 barbarorum
506 5221 699 5295 exercitum
724 5220 838 5316 siguis
855 5222 1047 5298 irruentem
1063 5225 1214 5314 infestis,
1248 5227 1344 5300 illinc
1360 5229 1406 5301 ab
1425 5229 1553 5326 oppido
1571 5229 1708 5302 intanta
1737 5230 1773 5302 in
