4906 6642
453 1245 1013 1494 renerus
1085 1325 1587 1490 enisurus

257 2489 377 2569 Quum
406 2487 555 2582 ipsemet
574 2485 709 2558 Auctor
737 2484 776 2557 in
799 2469 914 2560 fronte
949 2486 1065 2582 operis
1088 2486 1256 2561 lectorem
1284 2487 1374 2562 scitu
1398 2490 1601 2564 necessaria
1645 2489 1833 2576 monuerit,

208 2614 394 2710 praemissa
421 2611 567 2708 insuper
600 2610 750 2708 epistola
779 2610 994 2686 dedicatoria
1029 2611 1171 2686 nomine
1196 2610 1305 2684 totius
1335 2613 1538 2710 provinciae
1572 2613 1760 2687 Lithuanae
1791 2611 1834 2684 ad

207 2739 292 2812 RR.
331 2736 559 2811 ecclesiarum
586 2734 774 2809 Antistites
804 2736 897 2823 data,
932 2736 1092 2832 equidem
1126 2735 1250 2810 merito
1278 2737 1517 2814 existimarem
1533 2763 1590 2814 me
1622 2736 1832 2834 apraefandi

208 2885 356 2937 munere
372 2883 450 2936 esse
466 2860 666 2946 liberatum,
700 2859 768 2933 nisi
784 2860 881 2934 aliud
910 2862 1076 2936 suaderet
1101 2885 1204 2935 novae
1220 2861 1329 2958 hujus
1348 2862 1511 2938 editionis
1529 2887 1552 2938 a
1568 2886 1624 2937 me
1640 2860 1834 2958 recognitae

208 2991 317 3078 ratio,
332 3013 412 3086 quae
426 2989 552 3063 saltem
569 2994 609 3061 ut
625 2986 747 3084 paucis
765 2986 964 3061 declaretur
982 2995 1132 3085 oportet.

259 3115 370 3212 Origo
395 3114 513 3212 itaque
531 3097 648 3210 'hujus
676 3113 841 3186 secundae
859 3114 1024 3188 editionis
1054 3114 1137 3189 inde
1155 3118 1219 3188 est.
1239 3113 1479 3209 Proposuerat
1496 3113 1563 3187 sibi
1581 3115 1625 3187 P.
1645 3112 1830 3209 Augustus

207 3238 396 3338 Carayon(
412 3239 472 3334 qui
492 3240 536 3312 de
551 3236 738 3310 Societatis
751 3245 884 3310 nostrae
895 3235 1047 3344 historia
1063 3233 1277 3332 illustranda
1295 3239 1400 3311 simul
1417 3246 1453 3313 et
1469 3237 1682 3312 vindicanda
1700 3239 1829 3334 optimo

207 3369 348 3467 meruit)
364 3370 574 3467 praeclarum
592 3390 730 3465 quoque
765 3363 1161 3440 StanislaiRostowski·
1186 3365 1315 3474 librum
1343 3365 1381 3439 in
1396 3364 1511 3439 lucem
1527 3366 1654 3438 iterum
1671 3365 1777 3439 edere
1791 3385 1833 3436 ac

205 3496 316 3570 veluti
345 3495 391 3569 ad
414 3495 525 3568 vitam
542 3515 734 3580 revocare;
763 3469 919 3590 jamque¹
933 3478 979 3563 ad
997 3469 1149 3585 operam
1180 3514 1219 3566 se
1240 3492 1488 3587 praecinxerat,
1509 3515 1589 3565 cum
1613 3491 1734 3564 morbo
1749 3514 1832 3565 con·

205 3621 319 3695 sectus
351 3619 398 3692 ad
422 3618 604 3694 meliorem
631 3618 753 3704 vitam,
786 3623 826 3689 ut
855 3615 1080 3712 sperandum,
1115 3622 1281 3689 evocatus
1310 3624 1375 3690 est.
1409 3618 1514 3692 Unde
1531 3622 1738 3712 conceptum
1771 3637 1832 3690 ne·

207 3745 355 3841 gotium,
391 3743 430 3817 in
463 3765 577 3816 annos
605 3744 765 3840 integros
800 3741 961 3826 dilatum,
994 3740 1137 3814 nonnisi
1161 3743 1294 3818 ultimis
1327 3745 1384 3818 his
1417 3744 1633 3844 temporibus
1663 3744 1835 3819 reassumi

208 3893 251 3944 ac
275 3868 421 3944 tendam
449 3867 488 3941 in
517 3891 605 3964 opus
631 3868 757 3942 deduci
781 3870 909 3965 potuit.
1412 3959 1417 3967 Ι

258 3994 373 4067 Porro
402 4017 481 4066 cum
515 3994 672 4089 ejusdem
705 3993 911 4090 perficiendi
944 3993 1126 4091 provincia
1159 3994 1246 4068 mihi
1276 4005 1546 4092 proponeretur,
1583 4022 1662 4074 eam
1690 4021 1737 4071 ne
1770 3996 1833 4068 ab·

209 4141 370 4204 nuerem,
404 4117 488 4192 licet
512 4119 592 4194 aliis
610 4119 704 4193 curis
737 4119 925 4202 distentus,
957 4119 1077 4213 plures
1109 4119 1297 4193 movebant
1323 4122 1493 4197 rationes
1531 4125 1573 4196 ln
1601 4123 1722 4220 primis
1750 4144 1834 4196 vero

208 4243 322 4340 ipsius
358 4243 476 4339 operis
505 4244 725 4340 praestantia,
754 4249 807 4317 tot
836 4251 978 4338 tamque
1004 4243 1173 4337 gravibus
1199 4244 1408 4320 testimoniis
1441 4248 1683 4345 comprobata,
1713 4253 1752 4319 ut
1778 4245 1834 4318 ni·

208 4367 260 4440 hil
290 4366 429 4440 dicatur
459 4368 504 4441 de
533 4371 621 4442 mire
647 4367 834 4441 voluminis
867 4367 1027 4454 raritate,
1072 4393 1152 4464 quae
1182 4370 1260 4466 jam
1292 4377 1394 4444 tanta
1423 4379 1478 4446 est
1507 4379 1547 4446 ut
1584 4372 1678 4467 apud
1706 4369 1834 4443 biblio·

205 4489 309 4588 polas
350 4515 524 4590 nusquam
560 4501 776 4589 compareat,
797 4492 903 4596 immo
937 4493 974 4565 in
1001 4492 1213 4568 Occidentis
1248 4494 1407 4591 partibus
1438 4495 1513 4572 fere
1537 4498 1736 4594 ignoretur.
1762 4491 1797 4579 ,’

257 4616 459 4694 Accedebat
483 4627 520 4694 et
543 4619 656 4716 pietas
672 4619 710 4692 in
739 4624 902 4706 matrem,
936 4614 1163 4712 Religionem
1191 4617 1357 4692 nimirum
1382 4643 1512 4706 meam,
1541 4621 1640 4717 cujus
1664 4619 1836 4693 honorem

211 4767 254 4818 ac
283 4743 415 4819 lamam
444 4745 482 4817 in
516 4749 684 4818 Histoe-its
717 4749 938 4818 Litbuaaicis
965 4747 1128 4822 videbam
1157 4743 1358 4818 luculenter
1391 4729 1658 4831 commendari;
1699 4744 1837 4840 praeju-

213 4867 308 4943 dicia
334 4893 419 4944 vero
450 4870 780 4966 criminationesque
826 4870 1030 4944 innumeras
1060 4872 1187 4968 quibus
1238 4872 1384 4946 minima
1424 4880 1547 4947 nostra
1570 4871 1742 4956 Societas,
1774 4894 1839 4968 pro

213 4995 357 5069 nomine
390 5017 475 5070 rnsu
504 5019 573 5092 quo
602 4977 772 5092 insignita
798 5007 865 5087 est,
899 5000 1119 5106 continenter
1145 5001 1339 5099 impetitur,
1368 5003 1507 5078 ibidem
1535 5003 1730 5080 sentiebam
1770 5025 1841 5076 non

213 5127 287 5196 tam
320 5121 439 5196 verbis
469 5121 633 5208 convelli,
661 5147 766 5220 quam
791 5123 893 5198 factis
923 5125 1095 5220 praeclare
1129 5129 1254 5222 gestis.
