4948 6672
688 819 750 887 450
909 895 912 898 ,
1399 817 1631 880 APPENDICES.

690 1028 903 1112 amitterent,
923 1025 954 1099 si
969 1025 1166 1098 non-unitis
1183 1032 1264 1120 post
1286 1031 1433 1100 mortem
1453 1027 1612 1100 moderni
1629 1025 1666 1122 (1)
1683 1025 1838 1122 episcopi
1862 1027 1899 1098 in
1914 1031 2121 1122 perpetuum
2128 1027 2310 1100 traderen-

599 1201 604 1212 .
689 1139 759 1235 tur)
781 1146 816 1212 el
832 1135 953 1232 elapso
979 1137 1149 1211 decennio
1169 1135 1482 1232 velkquadriennio
1500 1139 1656 1211 redirent
1681 1139 1725 1210 ad
1743 1137 2001 1232 possessionem
2031 1138 2210 1220 Ecclesiae,
2230 1161 2311 1210 cum

691 1251 764 1324 suis
782 1251 951 1324 fructibus
969 1257 1004 1323 et
1020 1249 1269 1345 proventibus;
1290 1250 1335 1322 ad
1363 1273 1466 1344 quam
1496 1272 1672 1344 nunquam
1696 1249 1865 1333 redirent,
1887 1248 1918 1319 si
1945 1247 2208 1345 applicarentur
2221 1271 2311 1320 non-

688 1361 808 1436 unitis.
831 1361 918 1434 Cum
936 1383 1023 1455 ergo
1038 1361 1103 1433 sub
1133 1359 1350 1455 gravissimis
1379 1362 1548 1446 censuris,
1575 1384 1654 1455 quae
1668 1366 1869 1456 supponunt
1899 1369 2035 1433 reatum
2061 1361 2311 1456 gravissimum

691 1474 826 1572 peccati
852 1473 1025 1560 mortalis,
1057 1472 1244 1568 prohibitae
1274 1472 1345 1544 sint
1368 1495 1391 1544 a
1408 1473 1497 1547 Sede
1515 1472 1720 1568 'Apostolica
1741 1461 1972 1546 alienationes
1992 1473 2098 1544 etiam
2115 1471 2159 1544 ad
2175 1481 2312 1545 certum

690 1593 828 1683 tempus
844 1586 1016 1659 honorum
1041 1590 1076 1656 et
1092 1606 1209 1657 rerum
1228 1582 1398 1656 Ecclesiae
1414 1606 1479 1679 per
1496 1584 1750 1680 emphyteusim
1768 1592 1803 1658 et
1811 1583 2021 1658 locationem
2032 1585 2091 1658 vel
2106 1583 2310 1658 conductio·

690 1721 783 1784 nem,
804 1696 913 1769 multo
939 1695 1057 1790 magis
1083 1693 1203 1768 totahs
1220 1703 1256 1768 et
1271 1703 1441 1790 perpetua
1451 1695 1628 1778 alienatio,
1639 1717 1743 1790 quam
1760 1695 1926 1770 affectant
1938 1697 2127 1784 non-uniti,
2149 1698 2181 1770 si
2192 1697 2307 1781 fieret,
2444 1761 2445 1774 ,

692 1819 727 1884 et
748 1817 885 1884 reatum
900 1807 1034 1904 peccati
1048 1807 1218 1892 mortalis,
1241 1815 1276 1880 et
1290 1806 1683 1881 excommunicationem
1696 1807 1779 1880 latae
1792 1807 1974 1881 sententiae
1987 1807 2052 1882 soli
2071 1809 2177 1904 Papae
2194 1833 2309 1882 reser-

690 1930 810 1996 vatam
822 1921 1003 1993 induceret
1025 1926 1147 1991 conlra
1165 1919 1214 1991 sic
1237 1918 1442 2004 alienantes,
1462 1925 1497 1990 et
1513 1918 1667 1991 alienata
1679 1925 1915 2014 acceptantes,
1932 1919 2037 1991 immo
2051 1925 2173 1992 contra
2186 1942 2309 1992 omnes

693 2032 950 2108 consentientes
975 2031 1025 2104 eis
1056 2029 1106 2125 (ο.Ι
1123 2033 1211 2106 Quid
1229 2053 1313 2120 erpo
1335 2031 1393 2112 13,
1424 2054 1457 2126 q.
1485 2034 1521 2124 4)
1544 2055 1551 2101 :
1573 2039 1612 2102 ut
1628 2031 1718 2103 bene
1741 2030 1941 2104 observavit
1969 2032 2096 2104 Petrus
2117 2032 2306 2116 Rebulius,

686 2147 779 2244 juris
809 2142 988 2217 consultus
1011 2141 1240 2228 clarissimus,
1261 2141 1296 2212 in
1308 2165 1370 2214 suo
1381 2141 1586 2237 compendio
1597 2140 1846 2215 alienationum
1860 2166 1976 2215 rerum
1989 2141 2158 2216 Ecclesiae
2166 2167 2203 2216 n.
2216 2145 2307 2230 107;

693 2259 812 2342 immo,
833 2262 872 2328 ut
889 2253 1046 2328 idemait
1062 2252 1190 2327 ibidem
1221 2277 1256 2325 n.
1282 2253 1363 2337 117,
1397 2253 1502 2325 etiam
1521 2254 1579 2348 qui
1608 2255 1672 2326 tali
1697 2251 1902 2326 alienationi
1928 2254 2142 2339 conniveret,
2171 2254 2238 2326 hoc
2254 2262 2311 2328 est

691 2369 794 2444 tacite
807 2366 1021 2441 consentiret
1037 2364 1341 2461 (quemadmodum
1360 2365 1527 2436 statuitur
1552 2366 1589 2437 in
1607 2367 1645 2439 3⁰
1664 2369 1913 2455 Decretalium,
1944 2369 1981 2440 in
1999 2370 2140 2442 rubrica
2157 2371 2201 2444 de
2221 2375 2310 2441 alie-

693 2487 822 2554 aaadis
834 2486 888 2554 vel
900 2503 971 2552 aon
989 2482 1187 2551 alienandis
1212 2481 1311 2549 bonis
1327 2481 1503 2560 Ecclesiae,
1526 2483 1561 2549 et
1575 2480 1761 2574 exponitur
1778 2481 1815 2552 in
1833 2478 1914 2574 lege
1932 2503 1995 2576 per
2010 2479 2186 2576 Illyricum
2200 2480 2240 2554 (l.
2256 2487 2312 2553 De

694 2591 957 2687 Contro,l.12).
979 2591 1025 2662 Et
1041 2589 1124 2661 talis
1142 2587 1308 2661 alienatio
1334 2609 1405 2658 non
1431 2593 1568 2659 tantum
1589 2588 1725 2676 illicita,
1752 2591 1939 2664 sedetiam
1969 2591 2126 2664 invalida
2143 2599 2237 2664 esset
2253 2591 2312 2688 (ex

694 2703 948 2778 Constitutione
971 2700 1075 2773 Pauli
1093 2701 1128 2772 ll
1152 2703 1380 2784 Ambitiosa),
1410 2720 1451 2770 ac
1469 2697 1616 2792 proinde
1633 2701 1812 2774 induceret
1828 2708 2033 2796 perpetuam
2057 2701 2311 2797 obligationem

693 2813 903 2890 restituendi
921 2810 1089 2884 Ecclesiae
1116 2811 1209 2884 bona
1235 2809 1285 2882 sic
1302 2809 1394 2883 male
1412 2810 1566 2883 alienata
1589 2836 1611 2885 a
1634 2814 1777 2908 proprio
1800 2812 1940 2886 domino
1971 2821 2006 2888 et
2034 2836 2250 2908 possessore,
2270 2825 2314 2889 ut

695 2949 816 3002 omnes
833 2926 991 3021 theologi
1012 2932 1047 2998 et
1071 2925 1267 3022 jurisperiti
1294 2928 1496 2996 constanter
1505 2922 1647 3012 docent;
1667 2934 1703 2998 et
1719 2924 1809 2999 tales
1827 2947 1898 2997 non
1915 2925 2144 3012 restituendo,
2163 2926 2220 2999 vel
2238 2950 2315 2999 non

694 3039 914 3135 cooperando
944 3037 990 3110 ad
1016 3037 1272 3111 restitutionem
1289 3035 1481 3108 faciendam
1508 3058 1586 3108 cum
1602 3046 1758 3132 possent,
1783 3036 1839 3110 vel
1864 3035 2051 3112 detinendo
2068 3038 2161 3111 bona
2186 3047 2315 3112 contra

693 3152 910 3226 voluntatem
927 3149 1131 3245 superioris,
1152 3156 1186 3221 et
1203 3147 1357 3221 invalide
1372 3145 1539 3233 alienata,
1556 3154 1674 3220 essent
1690 3149 1727 3219 in
1748 3148 1912 3221 continuo
1928 3159 2073 3243 peccato
2090 3155 2234 3243 propter
2246 3172 2314 3220 no-

693 3272 769 3341 tata
782 3263 817 3338 iu
832 3287 863 3336 c.
884 3263 916 3348 l,
929 3262 974 3334 de
992 3264 1295 3334 Constitutioaibus
1311 3257 1494 3351 (Glossaet
1510 3258 1794 3344 Panormitanus‚
1809 3259 1965 3344 Lessius,
1981 3259 2166 3346 Rebuffus‚
2180 3258 2310 3356 etalii).

743 3375 781 3446 7⁰
803 3374 920 3447 Etiam
938 3373 1162 3446 commutatio
1181 3372 1353 3443 bonorum
1371 3367 1541 3442 Ecclesiae
1557 3369 1594 3440 in
1611 3369 1682 3442 alia
1699 3370 1803 3455 bona,
1820 3369 1976 3465 alioquin
1992 3369 2094 3443 utilia
2109 3371 2214 3444 immo
2240 3374 2315 3444 uti·

694 3486 797 3571 liora,
818 3487 895 3559 sine
914 3507 1088 3558 consensu
1101 3482 1315 3578 Apostolicae
1333 3480 1446 3566 Sedis,
1463 3487 1518 3553 est
1535 3480 1579 3551 ab
1598 3503 1641 3554 ea
1655 3480 1821 3554 damnata
1839 3483 1902 3554 sub
1918 3483 2138 3576 gravissimis
2150 3484 2315 3556 censuris

695 3601 733 3672 in
749 3599 1013 3693 Extravagante
1028 3599 1234 3667 Alabitiosae
1246 3602 1282 3667 et
1304 3595 1340 3666 in
1358 3593 1450 3664 aliis.
1471 3592 1585 3665 Multo
1604 3593 1719 3687 magis
1736 3615 1822 3688 ergo
1836 3593 1945 3666 vetita
1963 3601 2017 3666 est
2033 3594 2153 3669 totalis
2171 3617 2212 3669 ac
2230 3618 2314 3691 per·
2444 3667 2445 3698 ,

694 3718 801 3807 petua
814 3709 982 3784 alienatio
1007 3708 1113 3804 hujus
1130 3706 1351 3801 'episcopatus
1375 3710 1411 3777 et
1439 3705 1515 3799 ejus
1537 3705 1720 3788 bonorum,
1747 3728 1810 3800 per
1827 3729 1931 3800 quam
1956 3711 2069 3779 totum
2086 3707 2179 3802 quod
2192 3709 2229 3779 in
2246 3707 2314 3780 illa
2444 3705 2445 3756 t

696 3821 840 3898 dioecesi
860 3819 997 3904 habuit,
1013 3817 1173 3890 Ecclesia
1190 3815 1365 3911 perderet,
1387 3823 1422 3888 et
1439 3815 1527 3887 nihil
1548 3815 1761 3911 aequivalens
1783 3817 1992 3911 acquireret,
2008 3819 2102 3913 quod
2118 3818 2316 3913 acquiritur
2444 3879 2445 3900 ,

694 3936 730 4008 in
754 3931 1025 4008 commutatione
1043 3930 1225 4002 bonorum.

743 4048 782 4122 8⁹
807 4044 941 4119 Paulus
972 4043 1023 4116 lV
1039 4043 1077 4116 in
1107 4041 1301 4134 Extravag.
1318 4041 1533 4127 injunctum,
1558 4035 1672 4109 citans
1685 4059 1787 4133 papae
1800 4038 2003 4134 Symmachi
2024 4041 2201 4113 decretum
2214 4045 2314 4137 quod

694 4158 843 4231 habetur
858 4181 889 4231 c.
914 4156 951 4242 6,
971 4159 1014 4228 de
1039 4157 1143 4226 rebus
1173 4154 1335 4230 Ecclesiae
1356 4173 1424 4222 aon
1435 4153 1647 4234 alienandis,
1666 4157 1797 4244 praeter
1806 4149 1895 4224 alios
1908 4150 2110 4235 Pontifices
2138 4161 2234 4227 vetat
2250 4178 2313 4228 res

696 4269 867 4346 Ecclesiae
885 4267 1007 4362 quavis
1021 4267 1136 4360 specie
1152 4261 1376 4336 alienationis
1394 4259 1555 4344 alienari,
1576 4259 1711 4332 etiamsi
1719 4258 1934 4354 juramenta,
1954 4269 1991 4335 et
2012 4261 2120 4356 longa
2145 4266 2316 4360 temporis

697 4377 960 4476 praescriptione
976 4376 1091 4471 (quam
1106 4373 1281 4446 non-uniti
1306 4374 1343 4445 in
1368 4374 1435 4446 hoc
1449 4371 1652 4467 episcopatu
1666 4371 1907 4445 intercessisse
1924 4377 2098 4467 asserunt)
2114 4375 2243 4449 hierint
2253 4400 2315 4449 ro·

696 4494 831 4567 boratae
848 4499 882 4566 et
900 4491 1011 4587 ipsius
1029 4490 1203 4562 Romanae
1224 4485 1393 4560 Ecclesiae
1409 4487 1578 4569 savorem,
1598 4484 1690 4580 quod
1707 4482 1744 4553 in
1758 4488 1880 4554 nostro
1897 4504 1982 4556 casu
1994 4506 2065 4558 non
2082 4491 2148 4570 est,
2167 4508 2315 4559 concer-

697 4612 834 4679 nentes.
853 4604 899 4677 Et
926 4603 963 4674 in
997 4599 1246 4674 controversiis
1272 4595 1330 4670 vel
1360 4597 1474 4669 dubiis
1503 4596 1569 4668 hac
1587 4596 1631 4668 de
1648 4593 1815 4679 remotis,
1832 4595 1884 4666 uti
1917 4616 2011 4667 nunc
2036 4603 2128 4668 mota
2150 4604 2244 4682 sunt,
2263 4597 2320 4671 ita

691 4719 794 4818 jubet
810 4703 854 4792 ah
872 4717 1033 4791 omnibus
1058 4714 1209 4812 judicari
1227 4720 1262 4786 et
1285 4708 1436 4783 definiri.
1461 4707 1558 4801 Ergo
1576 4705 1812 4808 multomagis
1828 4704 2012 4780 illicitaest
2028 4706 2110 4780 talis
2129 4707 2315 4797 alienatio,

696 4849 801 4928 quam
827 4827 1007 4903 hon-uniti
1033 4826 1069 4897 in
1095 4826 1162 4897 hoc
1192 4824 1394 4919 episcopatu
1419 4817 1598 4905 affectant,
1624 4841 1667 4890 ex
1685 4840 1755 4913 qua
1768 4818 1894 4911 ingens
1912 4815 2075 4896 damnum
2089 4819 2213 4893 saltem
2229 4829 2320 4894 tem.

694 4943 816 5042 porale
834 4941 873 5013 S.
894 4938 1064 5013 Ecclesiae
1082 4943 1301 5031 sequeretur,
1321 4933 1461 5006 etiamsi
1488 4954 1609 5005 omnes
1623 4931 1771 5005 cautelae
1783 4931 2035 5006 adhiberentur
2052 4933 2090 5004 in
2107 4935 2321 5008 beneficium

698 5055 915 5138 animarum3
937 5049 1030 5146 quod
1043 5056 1158 5122 tamen
1177 5045 1314 5143 sperari
1326 5068 1397 5117 non
1409 5051 1537 5140 potest,
1557 5042 1639 5115 dum
1658 5042 1892 5118 subderentur
1908 5045 2072 5140 regimini
2083 5045 2260 5142 luporum,
2283 5057 2321 5123 et

742 5231 783 5310 (r)
799 5231 830 5290 lu
846 5223 906 5289 us.
926 5253 933 5288 :
950 5222 1047 5302 lajas.
