4896 6650
993 798 1269 863 ttruhltlcdauu
1293 796 1507 861 socrnvhrrs
1527 800 1613 862 last]
1635 799 1887 864 fflsroullsurr

628 1005 644 1037 ιι
666 986 799 1053 secuta.
832 981 915 1056 Jam
944 1007 1065 1059 eorum
1093 1010 1133 1061 eo
1160 1005 1351 1081 progressa
1380 982 1507 1056 dicitur
1535 981 1708 1078 impietae,
1741 987 1780 1053 ut
1811 980 1918 1054 etiam
1953 987 2086 1054 contra
2121 981 2255 1056 Christi

668 1101 886 1178 divinitatem
912 1107 1064 1196 libellos,
1082 1098 1281 1205 etquidem
1300 1107 1440 1203 vulgari
1462 1107 1586 1201 lingua
1602 1105 1834 1200 conscriptos,
1855 1104 1961 1178 edere
1980 1128 2049 1177 non
2069 1105 2251 1192 dubitent,

630 1254 646 1286 ιι
667 1250 781 1323 neque
810 1253 941 1324 paucos
973 1235 1011 1306 in
1036 1235 1128 1308 hanc
1158 1259 1258 1308 suam
1290 1233 1502 1307 sententiam
1519 1231 1735 1328 pertraxisse
1764 1231 1937 1304 feruntur.
1953 1230 2056 1303 Bona
2075 1255 2139 1326 spe
2156 1255 2248 1316 sum,

631 1383 647 1414 ι
668 1375 747 1447 quae
764 1355 877 1450 pietas
902 1366 956 1430 cst
980 1358 1075 1432 illius
1093 1369 1128 1433 et
1149 1360 1287 1456 religio,
1309 1361 1402 1456 quod
1428 1360 1494 1433 has
1511 1359 1549 1432 in
1567 1358 1746 1432 Christum
1774 1357 1963 1430 Dominum
1984 1366 2142 1431 nostrum
2158 1357 2253 1431 blas·

630 1505 646 1536 ιι
667 1477 826 1573 phemias
843 1502 913 1552 non
938 1481 1045 1568 feret;
1063 1491 1098 1556 et
1116 1485 1174 1579 qui
1192 1491 1274 1557 sunt
1291 1483 1433 1556 illorum
1461 1491 1635 1570 auctores,
1657 1489 1697 1555 ut
1722 1482 1759 1554 in
1776 1481 1856 1555 illos
1883 1481 2083 1577 exemplum
2109 1481 2252 1578 aliquod

629 1629 646 1660 ιι
668 1600 803 1685 edatur,
819 1603 931 1676 modis
954 1607 1116 1680 omnibus
1136 1607 1324 1681 contendet
1348 1616 1384 1680 et
1410 1607 1623 1694 elaborabit;
1653 1630 1766 1701 neque
1784 1607 1907 1702 spargi
1926 1607 2031 1680 latius
2045 1605 2252 1700 pestiferum

629 1751 646 1784 ιι
666 1724 734 1797 hoo
751 1725 847 1798 virus
863 1729 1031 1822 patietur.
1053 1731 1198 1803 Utinam
1216 1740 1335 1807 autem
1352 1733 1485 1807 similes
1508 1735 1610 1806 Dom.
1632 1734 1777 1808 Vestrae
1794 1733 1914 1830 plures
1943 1733 2127 1830 episcopos
2141 1733 2252 1806 habe·

630 1876 647 1907 ιι
668 1871 785 1922 remus
802 1873 810 1920 :
826 1874 898 1923 non
915 1852 1004 1925 adeo
1022 1876 1115 1926 nunc
1138 1855 1265 1950 religio
1291 1857 1481 1932 laboraret.
1500 1859 1626 1932 Servat
1637 1866 1674 1931 te
1692 1859 1802 1945 Deus,
1819 1859 1950 1954 optime
1967 1879 2121 1953 vereque
2134 1857 2253 1931 catho-

631 2000 649 2033 ιι
668 1972 735 2046 lice
757 1976 901 2068 praesul,
917 1977 977 2070 qui
989 1984 1061 2050 tam
1074 1979 1204 2052 bonum
1217 1989 1390 2075 pastorem
1411 1983 1503 2078 agis,
1520 1990 1624 2078 atque
1638 1983 1732 2055 omni
1744 1981 1923 2056 felicitatis
1936 2005 2068 2077 genere
2082 1981 2250 2064 cumulet,

632 2125 648 2157 ιι
668 2104 705 2169 et
734 2098 779 2170 ad
800 2098 1029 2172 imitationem
1059 2103 1111 2174 tui
1136 2110 1271 2178 ceteros
1301 2106 1409 2179 etiam
1433 2107 1536 2201 regni
1562 2107 1744 2203 episcopos
1775 2107 1968 2192 accendat;
2002 2113 2042 2178 ut
2075 2105 2253 2180 neminem

632 2249 648 2280 ιι
670 2221 749 2306 sibi,
783 2229 912 2316 praeter
940 2248 1049 2296 unum
1080 2227 1205 2313 Deum,
1236 2229 1429 2304 timendum
1461 2229 1679 2318 existiment;
1713 2233 1803 2304 etin
1834 2232 1993 2328 cujusvis
2024 2231 2142 2326 potius
2159 2252 2252 2302 mor·

632 2379 648 2410 ιι
668 2350 750 2422 talis
767 2350 919 2424 hominis
936 2375 1039 2447 quam
1056 2355 1122 2426 Dei
1139 2353 1347 2429 immortalis
1369 2353 1598 2428 offensionem
1609 2354 1804 2440 incurrere,
1825 2360 2020 2451 separatos
2047 2351 2251 2435 ostendant,

630 2502 647 2535 ιι
669 2474 752 2546 dum
763 2475 974 2569 praesertim,
990 2499 1060 2549 non
1077 2477 1181 2551 valde
1197 2478 1396 2552 valentibus
1413 2478 1529 2562 nobie,
1549 2477 1684 2574 aliquid
1699 2477 1824 2550 melius
1851 2477 1950 2551 Deus
1975 2475 2171 2572 providerit
2187 2497 2254 2571 pro

632 2628 649 2661 ι
669 2599 785 2683 nobis,
801 2599 883 2671 dato
910 2600 1011 2674 nobis
1036 2600 1152 2696 Rege,
1178 2601 1240 2697 qui
1253 2601 1456 2675 christianae
1472 2602 1557 2676 fidei
1570 2625 1609 2675 se
1621 2609 1922 2697 propugnatorem
1935 2600 2146 2674 acerrimum
2163 2597 2251 2685 fore,

631 2750 648 2782 ι
668 2723 787 2797 multis
800 2724 876 2818 jam
891 2726 1108 2820 argumentis
1123 2725 1329 2800 declaravit.
1349 2725 1450 2800 Vale.
1466 2726 1597 2799 Datum
1615 2725 1742 2798 Romae
1759 2725 1963 2799 24ootobr.
1985 2747 2078 2797 anno
2100 2723 2208 2799 1577.
2233 2758 2250 2790 ,ι

678 2849 754 2927 Quo
784 2847 944 2943 pluribus
962 2849 1180 2924 documentis
1198 2850 1439 2936 confirmetur,
1459 2858 1593 2945 quanta
1618 2849 1855 2923 sollicitudine
1879 2848 2090 2952 religionem
2105 2846 2255 2920 catholi-

629 2993 707 3045 cam
723 2971 761 3072 in
776 2995 841 3045 sua
858 2972 1001 3047 dioecesi
1026 2975 1104 3069 pius
1130 2975 1224 3048 idem
1252 2975 1410 3071 pontifex
1431 2975 1622 3060 curaverit,
1643 2974 1785 3048 tertiam
1810 2973 1867 3046 his
1888 2971 2047 3068 ejusdem
2063 2969 2256 3044 cardinalis

630 3096 828 3193 epistolam,
841 3098 888 3170 ad
905 3099 1171 3174 cracoviensem
1184 3101 1387 3198 episcopum
1400 3102 1548 3174 Petrum
1559 3081 1866 3196 Myszkovvskium
1878 3098 2011 3182 datam,
2029 3095 2252 3191 apponimus.

682 3249 699 3282 ιι
721 3222 827 3296 Mitto
841 3225 942 3297 Dom.
960 3226 1104 3299 Vestrae
1120 3226 1319 3300 litterarum
1336 3227 1546 3322 exemplum,
1563 3247 1651 3322 quas
1670 3224 1718 3298 ad
1730 3225 1925 3322 palatinum
1937 3224 2144 3298 Vilnensem
2160 3224 2262 3297 dedit

633 3377 650 3410 ιι
673 3351 774 3445 regia
802 3352 983 3447 maJ'estas,
1013 3360 1051 3426 ut
1076 3353 1267 3448 ejiciendos
1294 3377 1338 3428 ex
1364 3355 1467 3427 domo
1495 3352 1647 3449 quadam
1665 3360 1807 3426 curaret
1824 3359 1960 3427 satanae
1977 3352 2177 3437 ministros;
2198 3352 2264 3447 qui

635 3505 651 3536 ιι
673 3496 739 3547 sua
764 3498 834 3548 non
861 3499 975 3561 sacra,
993 3477 1055 3551 scd
1079 3480 1264 3574 sacrilegia
1293 3481 1331 3551 in
1360 3479 1430 3550 illis
1457 3479 1592 3552 aedibus
1623 3479 1848 3564 exercebant,
1880 3478 1932 3549 ita
1959 3483 1998 3549 ut
2026 3477 2104 3571 jam
2129 3476 2166 3549 in
2196 3476 2266 3549 illa

458 3601 528 3657 mus
543 3601 606 3694 poni
635 3627 653 3660 ιι
673 3598 818 3671 civitate
828 3599 927 3672 locus
940 3599 1012 3672 illis
1025 3601 1177 3697 amplius
1191 3625 1261 3675 non
1275 3602 1332 3674 sit.
1346 3603 1392 3674 Et
1405 3603 1536 3675 factum
1550 3607 1604 3674 est
1618 3623 1684 3697 ope
1697 3600 1860 3672 advocati
1873 3599 2055 3672 Vilnensis
2068 3598 2266 3694 Augustini

459 3683 602 3814 ffiffii,
635 3750 652 3782 ιι
674 3722 847 3808 Rotundi,
863 3725 930 3796 viri
944 3727 1145 3820 cumprimis
1158 3727 1206 3821 pii
1221 3735 1256 3799 et
1270 3727 1411 3812 eruditi,
1428 3734 1478 3811 ut,
1496 3727 1591 3799 omni
1604 3725 1829 3798 cunctatione
1847 3730 1995 3808 semota,
2012 3723 2265 3796 mandatorum

637 3876 654 3907 ιι
676 3847 816 3920 illorum
847 3850 1006 3923 executio
1038 3850 1151 3924 fieret.
1183 3837 1312 3924 Curam
1342 3852 1436 3924 hanc
1473 3858 1509 3922 et
1546 3849 1769 3946 vigilantiam
1800 3847 1969 3919 antistitis
1994 3847 2092 3920 illius
2122 3849 2264 3943 optimi,

638 4000 655 4033 ιι
676 3953 829 4069 vereque
841 3974 925 4047 boni
946 3976 1100 4070 pastoris
1113 3975 1261 4047 laudare
1275 3976 1363 4047 satis
1377 3998 1447 4047 non
1462 3998 1616 4070 possum.
1634 3974 1791 4047 Fatebor
1803 3980 1921 4045 autem
1935 3979 2117 4068 peccatum
2130 3995 2264 4058 meum,

462 4124 559 4180 sosius
639 4125 655 4157 ιι
676 4097 769 4192 quod
783 4097 816 4170 ei
828 4098 962 4170 civitati
979 4121 1048 4171 non
1063 4099 1151 4171 nihil
1165 4099 1304 4172 invideo
1318 4098 1522 4172 felicitatem
1535 4099 1650 4183 hanc;
1667 4095 1962 4193 quandoquidem,
1979 4097 2015 4168 in
2029 4119 2100 4198 qua
2112 4095 2269 4192 primum

462 4203 548 4340 ἔξω
562 4222 607 4262 ¹¹⁸·
638 4197 789 4293 &lucem
824 4221 916 4294 hanc
952 4223 1088 4317 aspexi,
1109 4247 1153 4295 ea
1182 4223 1288 4296 simili
1318 4231 1461 4318 pastore
1489 4223 1556 4294 fuit
1584 4223 1660 4316 jam
1687 4245 1749 4317 per
1779 4220 1909 4292 multos
1935 4243 2048 4292 annos
2078 4218 2262 4292 destituta.

511 4324 517 4338 ⁸
638 4373 654 4404 ιι
675 4344 747 4418 Sed
763 4346 858 4418 bona
875 4368 937 4442 spe
958 4369 1049 4432 sum,
1070 4346 1164 4443 quod
1183 4369 1247 4418 nos
1266 4348 1377 4420 oculis
1395 4346 1647 4419 misericordiae
1667 4368 1741 4417 suae
1759 4345 1856 4416 Deus
1870 4344 2060 4439 aliquando
2074 4343 2264 4439 respiciet3

640 4497 655 4530 ιι
676 4467 770 4561 quod
787 4469 894 4540 etiam
905 4468 1031 4542 fecisse
1043 4469 1132 4564 jam,
1149 4493 1357 4566 persuasum
1370 4470 1504 4554 habeo;
1526 4469 1809 4564 quandoquidem
1823 4475 2002 4564 pastorem
2018 4467 2115 4540 illius
2132 4467 2271 4540 consti-

639 4620 655 4651 ιι
676 4591 744 4662 tuit
762 4591 863 4663 Dom.
880 4592 1059 4674 Vestram,
1081 4618 1160 4689 quae
1179 4617 1248 4666 non
1263 4594 1430 4690 patietur,
1447 4595 1483 4666 in
1506 4593 1620 4667 officio
1639 4615 1702 4665 suo
1722 4591 1894 4688 pastorali
1912 4600 2008 4664 recte
2030 4591 2205 4676 obeundo,
2227 4615 2274 4665 se

639 4744 655 4775 ιι
675 4714 801 4787 abillo
823 4716 995 4809 superari.
1018 4717 1084 4788 Est
1105 4725 1210 4812 caput
1236 4718 1357 4812 magni
1383 4717 1527 4790 ducatus
1546 4718 1675 4803 Vilna;
1697 4725 1751 4790 est
1768 4726 1875 4812 caput
1890 4717 1999 4790 totius
2019 4717 2123 4812 regni
2141 4722 2177 4789 et
2193 4738 2275 4789 om-

639 4867 655 4898 ι
677 4839 773 4910 nium
791 4837 1036 4933 adjunctarum
1054 4863 1166 4935 regno
1191 4841 1452 4937 provinciarum
1478 4841 1659 4914 Orecovia.
1683 4841 1765 4928 Gur,
1786 4839 1881 4936 quod
1906 4841 1959 4914 illi
1980 4840 2148 4936 praestitit
2165 4840 2276 4934 rogia

639 4992 655 5023 ι
677 4963 845 5058 majestas
862 4961 1086 5052 beneficium,
1106 4965 1199 5037 idem
1220 4989 1289 5038 non
1311 4965 1394 5038 huic
1413 4988 1550 5062 quoque
1568 4967 1738 5061 praestetl
1758 4990 1821 5038 cur
1842 4967 2012 5061 majorem
2032 4965 2142 5052 illius,
2162 4987 2276 5061 quam

640 5119 656 5150 ιι
676 5089 782 5183 hujus
800 5111 919 5162 curam
934 5095 969 5162 et
982 5089 1255 5163 sollicitudinem
1273 5091 1400 5185 geratt
1418 5090 1510 5163 Mihi
1523 5091 1664 5186 quidem
1681 5090 1827 5164 dubium
1845 5098 1996 5176 nonest,
2014 5091 2162 5164 simodo
2177 5090 2277 5164 velle

640 5242 656 5274 ιι
679 5213 779 5287 Dom.
800 5215 967 5288 Vestram
998 5217 1225 5301 intellexerit,
1246 5240 1325 5311 quae
1345 5217 1458 5312 pietas
1477 5215 1572 5289 illius
1591 5223 1627 5289 et
1642 5217 1782 5310 religio,
1803 5215 1897 5310 quod
1921 5216 1979 5312 pio
2006 5217 2106 5290 Dom.
2127 5216 2277 5290 Vestrae
