4948 6654
666 848 776 908 00060
797 847 957 920 colurus
978 847 1192 925 (66006600).
1719 846 1781 910 223

170 1031 239 1104 tatis
261 1033 433 1128 magister
468 1033 568 1119 alibi,
590 1031 627 1105 in
652 1031 747 1104 omni
778 1053 924 1104 munere
942 1053 1005 1102 suo
1031 1030 1085 1102 vir
1103 1030 1345 1104 sanctimoniae
1359 1029 1569 1126 exemplum.
1587 1029 1653 1103 Dic
1672 1029 1716 1102 B.
1732 1029 1778 1101 V..
1808 1047 1873 1104 0610

173 1152 286 1228 Maria'e
304 1155 496 1229 honoribus
515 1179 617 1229 sacro
633 1156 683 1228 IV
702 1179 815 1228 nonas
827 1153 1010 1240 februarii,
1032 1154 1408 1240 asacriticioredienS‚
1424 1155 1584 1249 beneque
1597 1153 1713 1244 adhuc
1725 1175 1784 1225 va·

171 1281 243 1366 lens,
258 1291 383 1376 quarto
398 1306 436 1356 se
449 1284 530 1360 inde
541 1284 733 1355 extinctum
747 1281 791 1352 iri
806 1280 863 1352 die
877 1280 992 1353 Sociis
1006 1278 1192 1375 praedixit:
1208 1279 1331 1350 eodem
1345 1278 1520 1351 extinctus
1531 1285 1596 1363 est,
1609 1277 1784 1350 canticum

55 1409 56 1420 ³
173 1405 345 1493 Simeonis,
363 1407 508 1480 dissolvi
539 1405 724 1501 cupientia,
745 1404 909 1477 cecinens
933 1405 1064 1478 :Nunc
1096 1402 1240 1475 dimittis
1271 1425 1413 1474 servum
1433 1409 1543 1486 tuum,
1564 1401 1727 1486 Domine,
1749 1401 1786 1473 in

172 1553 254 1624 pace.
278 1532 320 1604 P.
353 1532 523 1618 Adamus,
544 1537 626 1626 post
644 1529 820 1626 publicam
854 1529 892 1603 in
915 1531 1045 1628 templo
1081 1528 1409 1625 comprecationem‚
1442 1528 1479 1599 in
1496 1551 1566 1623 qua
1583 1528 1658 1623 ipse
1675 1536 1785 1601 totum

173 1653 230 1726 lere
244 1654 337 1727 diem
351 1656 556 1751 perduravit
573 1655 734 1752 supplex,
757 1677 835 1726 cum
854 1677 992 1727 sacram
1005 1653 1170 1737 hostiam,
1188 1650 1316 1746 populo
1339 1649 1551 1745 supplicanti
1574 1652 1782 1746 expositam,

174 1778 201 1849 in
221 1779 412 1850 sacrarium
432 1780 593 1866 referret,
615 1779 740 1852 solutis
759 1776 914 1874 paralysi
932 1779 1063 1862 nervis,
1080 1777 1187 1848 trium
1204 1775 1370 1846 horarum
1390 1775 1516 1868 spatio,
1538 1797 1679 1870 compos
1697 1776 1785 1848 inte·

174 1899 224 1970 rim
239 1901 378 1985 mentiS,
399 1902 535 1997 riteque
560 1901 605 1973 ad
636 1908 784 1972 mortem
802 1909 1033 1996 comparatus
1064 1923 1109 1972 ex
1139 1921 1284 1972 numero
1303 1897 1495 1970 viventium
1526 1897 1667 1972 decidit.
1700 1900 1786 1972 Fuit

55 2015 56 2028 ¹
174 2025 215 2095 vir
241 2048 377 2097 summa
406 2025 580 2120 religione
601 2027 771 2122 praeditus
799 2025 1043 2121 :paupertatis
1073 2027 1238 2112 maxime,
1274 2025 1454 2099 modestiae
1479 2031 1514 2099 et
1539 2007 1783 2120 temperantiae
1812 2077 1814 2082 ·

55 2187 56 2260 ;
173 2146 319 2221 laudibus
353 2150 515 2246 insignio.
