4936 6658
689 780 750 848 380
1077 777 1353 846 LITUANICARUM
1375 780 1588 846 SOCIETATIS
1608 781 1693 846 JESU
1715 780 1965 846 atsuonttauu

518 977 602 1073 1656,
691 978 831 1069 tergum
847 953 977 1068 16666,Ἰ
991 968 1103 1066 virgis
1116 971 1300 1060 urendum,
1316 973 1537 1069 proderetur.
1559 975 1599 1048 ln
1612 947 1706 1048 hanc
1724 972 1909 1047 conclusus
1926 993 2054 1069 parvos
2071 969 2177 1044 etiam
2198 969 2236 1041 in
2254 967 2310 1042 via

517 1059 665 1206 yffi}
691 1096 881 1195 propositae
898 1094 965 1178 sibi
982 1095 1065 1166 vitae
1095 1118 1232 1170 errores
1263 1097 1471 1193 castigabat.
1492 1099 1704 1198 Exemplum
1728 1100 1867 1172 virtutis
1894 1121 1977 1172 sane
1999 1095 2178 1192 religiosis
2204 1097 2308 1168 etiam

517 1221 640 1348 3⁸32)
692 1220 891 1295 hominibus
908 1218 1127 1292 admirabile.
1144 1219 1175 1292 A
1194 1220 1351 1316 profanis
1365 1224 1517 1318 negotiis
1530 1223 1721 1298 revocabat
1734 1246 1772 1297 se
1785 1221 1831 1296 ad
1847 1244 1970 1319 preces
1996 1227 2031 1294 et
2049 1243 2113 1294 666
2131 1243 2210 1294 666
2234 1220 2308 1292 Deo

519 1376 658 1452 gildonis.
693 1348 879 1444 colloquia,
905 1370 1037 1443 sueque
1062 1347 1233 1422 dictorum
1252 1357 1287 1422 61
1303 1349 1475 1422 16616666
1492 1351 1669 1425 examina.
1690 1353 1908 1426 Hortabatur
1925 1373 2019 1447 saepe
2037 1350 2189 1424 aulicam
2214 1372 2310 1422 suam

519 1461 630 1611 ms
692 1474 859 1546 familiam
884 1475 930 1546 ad
956 1473 1189 1547 reverentiam
1220 1473 1372 1547 numinis
1403 1475 1511 1548 divini
1529 1483 1564 1550 61
1598 1477 1717 1572 legum
1735 1478 2008 1550 christianarum
2026 1475 2309 1561 observantiam
2433 1517 2434 1532 .

519 1620 667 1675 inventum.
692 1600 825 1674 nemini
844 1598 881 1672 in
899 1623 942 1672 66
958 1599 1056 1674 16666
1073 1599 1139 1672 fuit
1164 1625 1234 1673 non
1253 1603 1383 1697 optime
1401 1611 1550 1676 moratu.
1578 1602 1635 1675 Ad
1661 1591 1763 1675 usum
1781 1609 2081 1677 sacramentorum
2098 1601 2313 1698 frequentem

520 1696 666 1752 Severitate
739 1725 745 1740 ·

439 1805 441 1810 ,
519 1791 575 1842 sm,
603 1776 631 1834 vi
693 1725 1264 1822 6661666666661161666611666
1282 1726 1467 1812 invitabat,
1488 1725 1611 1800 solitus
1630 1735 1714 1821 quot
1727 1727 1958 1801 hebdomadis
1985 1724 2307 1822 166116666116166,

517 1855 614 1950 ahena.
639 1935 646 1948 Ι
693 1849 844 1924 maxime
857 1851 980 1924 Beatae
998 1851 1172 1945 Virginis,
1193 1853 1239 1924 ad
1253 1873 1387 1924 sacram
1404 1873 1563 1924 mensam
1577 1852 1767 1940 accedere;
1788 1860 2008 1949 praeparatus
2016 1852 2092 1948 jam
2110 1849 2225 1947 pridie
2252 1871 2311 1946 per

454 2065 458 2076 Ι
518 1936 667 2074 fflgss
692 1973 939 2069 homologeses
958 1963 1155 2070 etjejuuia.
1189 1976 1358 2050 Sanctam
1383 1977 1582 2050 Romanam
1605 1975 1802 2051 Ecclesiam
1821 1977 1928 2050 coluit
1945 1977 1996 2048 uti
2019 1984 2182 2050 matrem.
2214 1974 2310 2047 Com·
2433 2035 2434 2076 3

691 2099 795 2196 plura
811 2100 889 2172 loca
907 2121 1009 2174 sacra
1022 2100 1147 2196 amplis
1162 2102 1300 2174 ornavit
1315 2101 1427 2174 donis.
1450 2102 1601 2174 Domum
1614 2108 1648 2175 et
1664 2101 1835 2198 templum
1851 2102 1991 2197 magnis
2009 2101 2178 2198 impensis
2197 2099 2310 2174 Socie-
2433 2125 2434 2160 r

521 2297 542 2358 c
576 2297 634 2354 uita
692 2226 759 2299 tati
776 2225 931 2298 condidit
944 2224 1078 2310 Pinsoi,
1094 2223 1357 2321 liberaliterque
1371 2226 1524 2321 providit
1541 2227 1702 2322 (16116616Ι
1715 2236 1750 2301 61
1764 2226 1894 2301 scholis
1916 2227 1963 2324 6).
2212 2223 2215 2228 ’

521 2316 630 2451 effipia,
742 2349 863 2448 Olycae
880 2349 1041 2423 fundavit
1076 2349 1305 2445 Collegiatam
1340 2351 1586 2426 canonicorum
1617 2351 1825 2434 Ecclesiam,
1863 2350 1973 2424 sacris
2008 2349 2121 2445 signis
2156 2349 2313 2443 vasisque

520 2449 657 2596 &iffi
692 2476 872 2570 argenteis
887 2482 922 2548 61
939 2477 1057 2549 666616
1076 2475 1268 2548 decoravit.
1290 2476 1423 2549 Eodem
1438 2499 1565 2572 corpus
1578 2475 1682 2550 Beati
1695 2449 1902 2572 Augemmi,
1919 2474 1985 2548 sibi
2002 2499 2022 2547 a
2039 2475 2203 2547 Romano
2223 2474 2312 2547 Pon·
2433 2461 2434 2466 ¹

690 2601 785 2675 tifice
802 2624 929 2674 munus
948 2600 1118 2688 oblatum,
1134 2621 1265 2697 magna
1285 2601 1488 2676 celebritate
1506 2625 1599 2675 anno
1623 2602 1715 2676 1627
1734 2599 1865 2673 intulit.
1884 2599 2066 2672 Paroecias
2080 2599 2316 2672 Casimiroviae
2433 2609 2434 2616 ’

692 2731 727 2798 61
744 2723 1342 2821 Ν611166116,1666161166616616,
1365 2725 1508 2810 Veloni,
1525 2731 1560 2798 et
1577 2725 1663 2798 alibi
1678 2725 1802 2821 opibus
1819 2723 1892 2798 suis
1918 2722 1977 2796 vel
1995 2723 2105 2797 erexit
2123 2723 2180 2797 vel
2205 2722 2312 2796 auxit.

691 2850 747 2923 Ad
765 2850 975 2947 Olyoensem
993 2850 1219 2946 collegiatam
1240 2851 1392 2924 instituit
1410 2850 1655 2937 sodalitatem3
1686 2874 1765 2946 quae
1791 2857 1876 2945 quot
1906 2849 2015 2923 sextis
2040 2849 2138 2922 166116
2164 2847 2316 2920 divinum

691 2975 814 3049 altaris
832 2983 1091 3050 sacramentum
1104 2977 1230 3050 ritibus
1253 2975 1385 3049 coleret
1406 2976 1608 3071 praecipuis,
1629 2997 1778 3072 quaeque
1794 2973 1920 3046 iisdem
1938 2972 2062 3047 diebus
2079 2971 2316 3047 mendicorum

691 3109 826 3175 turmas
844 3101 891 3176 ad
914 3124 1072 3176 mensam
1091 3101 1326 3198 colligeret-et
1351 3101 1488 3197 stipem.
1511 3101 1594 3175 Non
1612 3101 1714 3174 donis
1733 3108 1870 3174 tantum
1887 3098 1951 3173 sed
1978 3098 2101 3172 officiis
2127 3098 2233 3171 etiam
2255 3121 2316 3195 pu·

545 3311 551 3328 .
585 3309 592 3328 .
692 3225 793 3300 blicis
811 3228 854 3301 16
873 3227 1003 3301 Christi
1028 3227 1191 3302 Ecclesia
1208 3228 1298 3312 bene
1315 3226 1444 3306 mereri
1469 3225 1615 3300 studuit.
1649 3225 1863 3299 Defensabat
1885 3224 2071 3320 religiosas
2096 3223 2251 3297 familias
2270 3223 2312 3296 ab

520 3311 637 3450 ,191ξὲ11
692 3351 881 3425 haereticis,
902 3350 1078 3424 Invitabat
1087 3350 1134 3423 ad
1146 3351 1252 3423 fidem
1269 3351 1436 3424 tuendam
1450 3357 1485 3424 et
1497 3351 1663 3445 pietatem
1677 3349 1816 3451 scriptis
1829 3350 1937 3422 etiam
1954 3348 2159 3422 catholicos.
2181 3349 2315 3432 Libros,
2364 3407 2368 3415 .

519 3476 616 3569 divinis
694 3497 781 3569 quos
795 3498 865 3547 non
881 3474 956 3547 sine
970 3475 1148 3572 praecipuo
1161 3475 1302 3571 pietatis
1317 3497 1422 3548 sensu
1435 3475 1616 3570 legassuo
1630 3474 1723 3546 inter
1739 3453 2313 3570 161611666666616166666116166,

521 3558 624 3625 eonpu.
694 3597 820 3672 edidit:
838 3599 882 3672 16
891 3598 1055 3673 laudibus
1068 3600 1232 3696 Deiparae
1241 3598 1421 3694 Virginis:
1438 3601 1492 3673 De
1501 3599 1713 3672 cruciatibus
1721 3597 1853 3695 spineae
1863 3597 1992 3672 Christi
2006 3620 2169 3686 coronae:
2187 3596 2315 3691 Elogia
2433 3659 2434 3668 .

694 3721 875 3797 duodecim
896 3723 1063 3795 virtutum
1081 3723 1156 3796 sine
1173 3724 1255 3797 labe
1272 3730 1450 3820 conceptae
1463 3722 1639 3819 Deiparae.
1658 3723 1830 3801 Quartum
1847 3744 1948 3817 6666,
1969 3743 2086 3796 rerum
2104 3744 2168 3794 666
2187 3718 2315 3794 saeculo
2352 3757 2355 3768 .
2433 3731 2434 3782 t

519 3832 667 3970 Riotrriiffmin
691 3845 729 3918 in
746 3847 890 3943 Europa
903 3853 1092 3942 gestarum,
1114 3847 1255 3942 reliquit
1267 3847 1522 3942 imperfectum.
1538 3848 1641 3920 Anno
1659 3845 1765 3931 1624,
1780 3846 1855 3942 jam
1878 3845 2110 3920 cancellarius
2124 3845 2313 3927 Lituaniae,

520 3929 537 3983 p
640 3954 647 3969 ’
692 3972 878 4046 666116166
897 3971 1034 4066 regium
1063 3971 1271 4068 prinoipem,
1304 3971 1485 4045 Vladislao
1509 3973 1572 4058 IV,
1601 3971 1777 4068 principes
1810 3971 1924 4045 Italiae
1948 3970 2077 4045 visenti
2103 3969 2316 4066 provincias,

692 4097 861 4194 magister
886 4097 951 4170 fuit
978 4121 1126 4184 morum,
1147 4099 1231 4185 dux,
1261 4104 1296 4171 61
1325 4098 1547 4193 negotiorum
1577 4101 1791 4170 transactor.
1814 4097 1958 4183 Cannae,
1987 4104 2022 4170 et
2039 4096 2203 4183 fortasse,
2226 4093 2317 4192 quod

696 4223 939 4311 constituerat,
961 4222 1093 4308 Pinsoi,
1110 4223 1306 4310 Tucholiae,
1327 4231 1433 4319 atque
1450 4223 1529 4296 aliis
1548 4222 1655 4296 etiam
1672 4221 1947 4319 provincialibus
1967 4223 2003 4295 in
2022 4221 2175 4319 oppidis,
2194 4221 2320 4317 quibus

697 4357 774 4422 erat
789 4349 989 4446 6666166166,
1004 4347 1182 4420 tabularia
1194 4348 1336 4444 publica
1354 4347 1514 4421 munivit.
1531 4347 1655 4422 Trium
1673 4346 1833 4420 Poloniae
1851 4371 1989 4444 regum,
2010 4347 2230 4443 Sigismundi
2251 4345 2317 4430 111,
2433 4439 2434 4452 ¹

557 4495 560 4500 ·
697 4471 870 4544 Vladislai
888 4473 950 4558 IV,
980 4478 1015 4544 et
1032 4471 1182 4546 ioannis
1209 4473 1369 4546 Oasimiri
1394 4471 1606 4546 turbulentis
1625 4471 1661 4543 in
1680 4473 1796 4568 patria
1812 4474 2042 4569 temporibus,
2072 4472 2224 4546 militum
2242 4491 2321 4542 cen·
2433 4505 2434 4510 ,

695 4579 807 4669 turias
825 4620 896 4669 aare
914 4620 977 4670 suo
995 4595 1042 4668 ad
1059 4621 1276 4670 communem
1302 4597 1469 4670 tuendam
1485 4611 1559 4672 rem
1577 4597 1822 4672 contrahebat.
1843 4598 1975 4671 Earum
1992 4620 2064 4670 666
2094 4595 2141 4670 61
2165 4597 2322 4668 interne·
2433 4629 2434 4644 r

695 4721 831 4793 cionem
844 4744 937 4794 caesa
955 4722 991 4792 16
1005 4722 1312 4818 praeliolgnarus
1330 4722 1413 4818 quid
1440 4729 1604 4817 ageretur
1617 4721 1713 4809 belli,
1734 4722 1976 4818 sollicitusque
1991 4721 2035 4795 16
2048 4722 2187 4796 1661666
2204 4721 2323 4816 reipu-

693 4844 796 4918 blicae
813 4846 986 4941 princeps,
1016 4869 1091 4918 rem
1116 4847 1279 4943 patriam,
1309 4847 1366 4920 661
1383 4846 1612 4920 defendendae
1631 4847 1668 4920 in
1695 4847 1802 4920 armis
1819 4846 1894 4942 ipse
1920 4845 2047 4922 616666
2075 4870 2147 4920 666
2162 4851 2316 4942 poterat,

693 4971 879 5068 impeditus
908 4969 1111 5046 valetudine
1128 4973 1166 5046 in
1194 4971 1279 5044 villa
1303 4994 1368 5045 sua
1386 4972 1570 5070 Pinscensi
1586 4971 1854 5069 Albrychtovia‚
1869 4973 2032 5068 precibus
2049 4972 2210 5068 adjutum
2228 4973 2315 5044 ibat.
2433 4949 2434 5034 ἶ

692 5096 760 5169 Hic
778 5096 980 5192 aliquando,
1002 5097 1097 5170 solus
1115 5098 1151 5169 in
1172 5096 1342 5186 conclavi,
1372 5098 1448 5172 Deo
1474 5098 1626 5194 patriam
1653 5099 1915 5188 commendans,
1937 5099 2020 5174 dum
2046 5107 2136 5186 orat,
2166 5098 2252 5172 dum
2283 5103 2320 5171 et

732 5234 771 5316 11)
794 5235 953 5328 1661661616
968 5239 1094 5300 fundatio
1109 5254 1160 5314 666
1176 5235 1496 5318 comitiarcgnidonst.
1517 5239 1607 5314 1615,
1627 5240 1677 5299 161.
1698 5239 1750 5301 at.
