4896 6650
671 773 729 839 138
1058 728 1330 840 ulrululclubu
1353 775 1566 837 secludens
1586 777 1671 836 lESU
1696 776 1947 837 HISTOerlllUll

674 987 690 1019 a
712 956 891 1030 Cracoviae
907 957 943 1029 in
960 958 1112 1053 hospitio
1126 958 1307 1053 assignato
1321 981 1343 1030 a
1359 981 1443 1053 rege
1461 959 1584 1030 foetum
1601 957 1799 1052 profudisse
1813 985 1821 1043 ;
1842 963 2057 1052 compertum
2072 955 2108 1027 id
2122 958 2292 1051 cauponis

672 1109 689 1142 u
711 1082 892 1169 asamulo,
913 1083 1087 1178 vagitibus
1117 1082 1226 1177 prolis
1260 1105 1383 1156 recens
1418 1090 1512 1154 natae
1548 1083 1709 1154 excitate.
1735 1081 1775 1154 ld
1805 1081 1968 1167 monstri,
1989 1089 2027 1154 ut
2054 1103 2101 1154 ne
2117 1080 2291 1176 publicam

671 1233 688 1266 κ
710 1206 746 1277 in
771 1207 884 1280 lucam
902 1213 1109 1301 emergeret,
1143 1207 1341 1280 consultum
1357 1207 1464 1280 ivisse
1482 1215 1555 1279 tres
1574 1205 1726 1298 reliquas
1743 1206 1846 1278 famae
1865 1228 1960 1292 suae;
1995 1205 2058 1277 sed
2077 1227 2140 1280 suo
2157 1205 2291 1300 impru-

671 1361 688 1392 «ι
711 1333 834 1406 dentes
851 1334 993 1428 probro,
1014 1356 1053 1405 ac
1081 1332 1215 1404 scelere
1231 1332 1337 1425 longe
1365 1329 1542 1402 maximo:
1573 1339 1612 1403 ut
1642 1355 1722 1425 quae
1740 1339 1928 1428 propterea
1956 1339 1992 1404 et
2018 1331 2161 1404 Socium
2187 1353 2289 1402 suum

670 1487 687 1518 s
705 1481 924 1554 puerperam,
941 1467 976 1532 et
993 1482 1095 1531 suum
1112 1458 1236 1530 amicae
1254 1457 1411 1552 spurium
1429 1455 1624 1527 clanculum
1631 1457 1872 1551 jugulassent.
1897 1493 1913 1523 η

715 1585 812 1656 Roas
830 1583 980 1679 denique
997 1583 1107 1678 ipsius
1126 1583 1231 1654 etiam
1250 1582 1301 1652 sui
1322 1581 1491 1676 principis
1510 1581 1699 1662 sententia,
1728 1581 1772 1652 ad
1792 1580 1912 1652 Nilum
1941 1581 2059 1653 nescio
2086 1603 2188 1675 quem
2219 1581 2289 1654 Eu·

666 1708 884 1802 phratemve,
905 1707 1055 1778 flammis
1074 1717 1219 1800 uotaque
1237 1705 1466 1788 excruciatas,
1481 1704 1632 1797 justitiae
1653 1704 1792 1776 dedisse
1814 1704 2034 1799 supplicium.
2057 1704 2146 1776 Earn
2174 1705 2289 1779 Gada-

667 1832 828 1904 nensium
846 1853 988 1903 suorum
1005 1829 1168 1902 fabellam
1186 1829 1367 1914 haeretici,'
1379 1829 1451 1900 suis
1468 1829 1624 1924 ipsorum
1648 1827 1803 1902 moribus
1827 1827 1985 1922 dignam,
2006 1829 2109 1901 dictis
2135 1828 2290 1924 scriptis·

667 1979 733 2049 que
752 1955 988 2048 dissipabant;
1010 1961 1047 2025 at
1065 1977 1106 2025 eo
1123 1953 1160 2024 id
1178 1976 1352 2036 successu,
1374 1959 1412 2024 ut
1429 1951 1541 2046 turpis
1559 1953 1743 2024 commenti
1762 1952 1977 2036 auctoribus,
2000 1975 2071 2024 non
2086 1954 2189 2025 modo
2202 1953 2290 2025 fides

667 2078 810 2152 daretur
834 2079 946 2164 nulla,
967 2078 1029 2150 sed
1059 2077 1125 2173 ipsi
1152 2076 1258 2150 etiam
1284 2100 1358 2149 suae
1385 2076 1545 2148 homines
1576 2085 1682 2148 sectae
1708 2083 1972 2160 succenserent;
1993 2076 2198 2171 pigeretque
2213 2077 2291 2170 jam

667 2203 878 2274 amantiores
895 2201 1035 2274 honesti
1064 2203 1101 2272 in
1126 2201 1193 2273 isto
1224 2208 1298 2272 tam
1324 2200 1577 2294 impudentium
1596 2198 1887 2272 calumniatorum
1918 2208 2010 2271 coetu
2040 2200 2177 2272 conseri
2194 2224 2202 2271 ε
2222 2199 2290 2272 hoc

668 2326 761 2398 enim
774 2325 865 2397 facto
884 2324 1086 2397 confirmari
1103 2325 1280 2408 videbant,
1298 2331 1465 2418 quantum
1483 2324 1518 2393 in
1536 2323 1772 2417 caeterisquae
1786 2323 1957 2396 adversus
1971 2323 1992 2394 J
1995 2322 2124 2396 esuitas
2138 2347 2203 2418 pro
2217 2323 2291 2395 suis

668 2449 768 2522 novis
785 2443 1016 2544 religionibus
1034 2447 1202 2520 afferrent
1218 2448 1298 2543 ipsi,
1320 2447 1539 2541 argumentis
1557 2447 1688 2519 inesset
1706 2447 1876 2518 veritatis.
1888 2431 2093 2519 'Commovit
2115 2468 2155 2519 ea
2174 2455 2295 2520 contu-

665 2569 779 2643 meliae
796 2570 937 2643 foeditas
955 2570 1205 2664 Mogentinum
1232 2571 1344 2666 primo
1362 2569 1569 2656 antistitem,
1591 2571 1690 2665 cujus
1712 2594 1839 2644 nomen
1857 2573 1894 2644 in
1908 2573 2029 2667 primis
2043 2571 2296 2646 traducebatur

665 2717 728 2788 per
754 2695 929 2781 sabulam;
950 2718 1053 2790 quam
1072 2695 1116 2767 ob
1135 2719 1209 2767 rem
1226 2695 1448 2768 tabellarium
1465 2695 1510 2766 ad
1533 2717 1654 2788 regem
1672 2719 1735 2767 suo
1754 2719 1833 2768 cum
1850 2695 2050 2770 testimonio
2081 2699 2294 2770 contendere

660 2819 763 2912 jubet
779 2820 918 2914 magnis
936 2819 1133 2903 itineribus,
1155 2842 1222 2913 quo
1249 2819 1420 2890 maturius
1439 2819 1570 2890 rumori
1587 2819 1862 2892 increbrescenti
1887 2821 1955 2892 iret
1982 2819 2132 2892 obviam.
2155 2821 2292 2915 Exper-

665 2943 754 3014 recti
772 2967 815 3016 eo
832 2942 956 3015 nuntio
973 2965 1038 3015 rex
1055 2943 1228 3038 regnique
1250 2964 1426 3038 proceres,
1447 2950 1526 3014 ante
1549 2941 1638 3014 alios
1656 2943 1940 3016 Cracoviensium
1959 2943 2144 3038 episcopus
2163 2945 2294 3017 Petrus

666 3066 951 3162 Myszkovskius
973 3074 1008 3140 et
1027 3067 1196 3139 Nicolaus
1214 3066 1514 3162 Zebrzydovskius
1533 3067 1707 3162 generalis
1724 3074 1798 3139 tum
1817 3069 1898 3140 Dux
1910 3067 2021 3160 regiae
2043 3066 2190 3150 militiae,
2210 3080 2296 3164 post

667 3190 952 3264 Cracoviensium
969 3190 1159 3286 palatinus,
1175 3215 1247 3262 non
1268 3189 1395 3263 litteris
1412 3197 1548 3262 tantum
1567 3191 1716 3285 publicis
1737 3192 1976 3286 improborum
1994 3192 2188 3264 calumnias
2206 3216 2292 3265 con-

665 3314 835 3401 futarunt,
858 3316 920 3388 sed
937 3316 1101 3387 laudibus
1120 3316 1225 3388 etiam
1238 3315 1475 3388 innocentiam
1493 3315 1688 3400 Sociorum,
1709 3339 1773 3411 per
1790 3339 1854 3389 cra
1866 3317 2016 3410 turpiter
2032 3317 2290 3404 traductorum,

645 3450 850 3534 ornarunt.
872 3442 1076 3537 Exscriptas
1099 3465 1118 3514 e
1144 3441 1378 3514 monumentis
1403 3441 1535 3514 nostris
1552 3441 1649 3536 regis
1665 3440 1813 3524 litteras,
1834 3440 1929 3514 nulla
1946 3441 2071 3514 vocula
2097 3449 2244 3526 mutata,
2267 3465 2293 3514 a

666 3588 752 3660 rege
769 3566 814 3638 ad
830 3566 1078 3660 Moguntinum
1097 3567 1298 3662 episcopum
1317 3565 1430 3650 datas,
1453 3565 1571 3660 accipe
1595 3591 1602 3636 :

494 3703 627 3773 Regislit-
718 3721 734 3752 κ
759 3692 912 3764 Litteras
922 3691 1151 3764 Paternitatis
1161 3691 1300 3763 Vestrae
1319 3714 1389 3764 una
1407 3715 1484 3763 cum
1501 3691 1669 3784 figmento
1684 3690 1885 3783 germanico
1900 3689 1944 3760 de
1959 3689 2124 3761 Patribus
2146 3690 2294 3783 quibus·

425 3846 437 3868 ·
490 3781 638 3928 {lffilff
668 3844 685 3875 a
706 3813 787 3885 dam
802 3813 960 3898 Jesuitis,
982 3815 1041 3908 qui
1068 3837 1147 3910 quae
1173 3813 1346 3886 nescimus
1365 3813 1409 3884 ob
1426 3813 1583 3886 facinora
1606 3813 1777 3908 supplicio
1795 3837 1817 3886 a
1835 3813 1936 3885 nobis
1960 3811 2078 3884 allecti
2100 3813 2137 3885 in
2161 3837 2202 3887 eo
2223 3815 2295 3888 fin-

493 3959 564 3998 num.
667 3967 684 3998 a
706 3947 850 4033 guntur,
879 3945 974 4011 recte
1003 3939 1201 4031 accepimus
1218 3962 1226 4008 ε
1246 3937 1470 4032 fabulamque
1496 3938 1750 4033 cumprimum
1776 3961 1841 4010 nos
1870 3961 1941 4010 non
1959 3937 2034 4009 sine
2053 3937 2293 4013 admiratione

668 4091 685 4123 κ
706 4062 857 4158 legimus
875 4089 882 4134 :
904 4061 1031 4134 deinde
1049 4062 1271 4134 senatoribus
1286 4063 1392 4134 etiam
1407 4062 1549 4147 nostris
1566 4064 1711 4157 quitum
1729 4063 1822 4135 circa
1836 4086 1900 4134 nos
1915 4071 2028 4147 erant,
2045 4047 2295 4158 universaeque

669 4214 686 4247 κ
708 4187 800 4258 aulae
822 4194 954 4258 nostrae
972 4186 1121 4281 proponi
1130 4187 1327 4280 -jussimus;
1350 4187 1386 4257 in
1404 4210 1473 4280 qua
1489 4210 1594 4259 nemo
1614 4188 1767 4259 omnium
1785 4187 1912 4271 extitit,
1933 4187 1993 4282 qui
2015 4210 2084 4258 non
2107 4186 2210 4259 modo
2227 4187 2299 4260 fal-

667 4339 684 4370 «
706 4312 844 4382 sissimo
858 4334 935 4384 eam
954 4311 1151 4394 confictam,
1173 4335 1295 4383 verum
1316 4311 1361 4382 ab
1380 4311 1474 4382 omni
1493 4312 1595 4382 etiam
1614 4310 1842 4384 similitudine
1860 4312 1933 4383 veri
1951 4311 2296 4406 alienamagnosce-

668 4462 684 4494 a
705 4443 772 4520 ret,
793 4435 911 4529 sicque
929 4436 1159 4519 existimaret,
1182 4433 1279 4505 nufla
1298 4434 1508 4506 refutatione
1527 4457 1614 4528 opus
1633 4459 1711 4507 earn
1737 4435 1892 4522 habere;
1912 4458 1991 4529 quae
2023 4435 2184 4507 omnibus
2210 4459 2298 4531 par·

591 4551 595 4558 ’
668 4587 685 4618 κ
706 4559 799 4631 tibus
817 4583 855 4631 se
877 4561 955 4654 ipsa
968 4559 1209 4632 labefactaret.
1236 4560 1479 4652 Praeterquam
1498 4558 1591 4630 enim
1612 4559 1705 4652 quod
1723 4560 1879 4633 narratio
1902 4561 1978 4654 ipsa
1999 4560 2096 4634 nullo
2118 4561 2192 4633 iere
2213 4559 2300 4634 loco

668 4711 684 4742 κ
706 4683 896 4767 cohaereat,
917 4705 958 4754 eo
981 4684 1084 4755 etiarn
1104 4690 1262 4776 tempore
1280 4682 1460 4754 Cracoviae
1479 4682 1579 4754 nobis
1597 4684 1831 4776 praesentibus
1849 4707 1904 4756 res
1923 4691 2025 4779 gesta
2041 4683 2201 4779 fingitur,
2221 4707 2300 4779 quo

667 4836 683 4866 a
707 4827 771 4878 nos
801 4829 872 4878 non
903 4805 1005 4877 modo
1037 4806 1207 4878 Oracovia
1237 4806 1526 4889 discesseramus,
1547 4829 1668 4878 verum
1695 4807 1799 4878 etiarn
1818 4807 2031 4902 aliquamdiu
2055 4808 2090 4878 in
2118 4808 2301 4902 Magnum

667 4959 683 4990 u
704 4929 879 5002 Ducatum
909 4935 1069 5001 nostrum
1100 4929 1276 5002 Lituaniae
1299 4930 1375 5024 jam
1407 4953 1689 5024 perveneramus.
1714 4932 1754 5003 In
1783 4930 1864 5002 Nilo
1895 4929 2022 5003 deinde
2051 4930 2203 5027 perfecta
2233 4955 2300 5006 res

666 5083 682 5114 α
705 5054 882 5136 scribitur,
904 5075 972 5147 quo
994 5053 1134 5147 quidem
1152 5054 1293 5125 nomine
1309 5052 1573 5126 celeberrimum
1591 5054 1627 5124 in
1645 5054 1804 5148 AEgypto
1822 5051 1965 5126 fluvium
1989 5076 2079 5127 esse.
2091 5054 2234 5139 scimus
2257 5055 2301 5128 in

572 5259 577 5274 Ι
667 5205 684 5238 u
705 5184 825 5250 nostro
843 5183 961 5250 autem
979 5199 1091 5270 regno
1109 5175 1243 5247 nullum
1262 5175 1317 5272 vel
1335 5177 1619 5248 obscurissimum
1637 5177 1752 5248 locum
1770 5185 1902 5261 extare,
1923 5178 1983 5271 qui
2004 5201 2046 5250 eo
2068 5178 2208 5251 nomine
2229 5180 2297 5253 sit.
