4930 6634
640 808 749 878 uranu
774 771 952 880 surrruus
977 821 1187 912 (10101000).
1713 827 1774 895 279
1836 820 1841 829 ’

154 1008 326 1080 civitatem
343 1006 558 1103 pestilentia,
583 1027 666 1100 pars
690 1003 840 1100 Collegii
857 1006 893 1076 in
916 1005 1034 1078 villam
1053 1014 1198 1100 accepta
1214 1010 1422 1103 proximam,
1442 1034 1525 1106 pars
1539 1011 1633 1086 domi
1650 1016 1773 1089 relicta
1801 1039 1864 1094 1624

153 1139 195 1212 ad
213 1162 315 1235 opem
332 1137 570 1235 pereuntibus.
593 1137 634 1207 ln
652 1133 854 1208 Itituaniam
871 1156 941 1206 non
954 1137 1153 1229 penetravit
1164 1138 1314 1226 malum3
1335 1143 1552 1214 commodum
1564 1151 1773 1242 tempestate
1797 1123 1898 1258 {fflem
1957 1183 1965 1197 ·

153 1265 308 1336 autumni
337 1263 464 1358 frigida
500 1269 720 1357 occupatum.
1797 1222 1934 1370 psallitis
2048 1334 2050 1336 ,

195 1389 253 1460 Ad
271 1387 378 1460 limen
401 1387 484 1458 vitae
502 1385 660 1458 mortalis
676 1384 774 1457 venit
792 1385 835 1457 P.
852 1383 1027 1456 Melchior
1049 1385 1250 1480 Dowgialo,
1266 1385 1394 1460 nobilis
1415 1387 1609 1484 Samogita.
1631 1392 1771 1467 Primus
1796 1361 1901 1494 mi

152 1533 225 1584 cum
243 1511 346 1584 Socio
365 1512 407 1583 P.
424 1509 579 1581 Matthia
596 1509 736 1582 Galmin
763 1509 892 1581 missus
910 1507 946 1579 in
965 1508 1138 1580 coloniam
1159 1509 1286 1582 Orosos
1313 1513 1358 1586 ab
1384 1511 1546 1609 episcopo
1565 1515 1770 1612 Samogitiae
1796 1516 1870 1607 aput
1897 1521 1943 1578 aa

151 1633 531 1718 MelchicreGiedroic;
547 1631 1765 1729 indeVierzboloviamadfundamentaponendaSociorumdomicilio:
1794 1608 1836 1651 ω
1854 1676 1885 1730 19

150 1765 322 1854 postremo
347 1759 513 1844 Vornios,
542 1757 579 1828 in
605 1755 771 1852 oppidum
800 1757 967 1852 episcopi,
990 1765 1025 1830 et
1057 1755 1198 1852 collegii
1227 1759 1409 1832 canonici:
1436 1760 1493 1833 hic
1512 1763 1634 1858 jussus
1654 1764 1770 1838 locum
1796 1749 1939 1885 {milli

151 1880 259 1954 Sociis
274 1879 465 1953 invitandis
483 1902 699 1975 praeparare,
721 1889 816 1954 recte
833 1883 994 1954 omnibus
1018 1881 1054 1954 in
1076 1881 1149 1954 vita
1166 1882 1305 1956 structus
1323 1883 1457 1970 officiis
1478 1887 1545 1958 sibi
1561 1889 1674 1983 primo
1688 1872 1770 1986 ape·
1794 1837 1933 1970 Obqpqgsnro

150 2005 215 2076 ruit
228 2002 464 2099 sepulchrum,
481 2004 518 2076 in
536 2003 666 2076 sacello
684 2026 807 2078 recens
821 2013 1033 2080 constructo.
1052 2005 1194 2078 Primus
1207 2030 1357 2102 quoque,
1371 2009 1463 2103 quod
1477 2009 1597 2098 sciam,
1615 2013 1768 2087 Grodnae
1795 1988 1942 2126 yffi&

150 2128 191 2200 ad
214 2127 440 2224 sepulchrum
469 2127 580 2200 Sociis
599 2127 754 2199 ostendit
772 2151 834 2201 suo
853 2129 975 2202 funere
993 2127 1086 2200 viam
1104 2130 1147 2202 P.
1168 2129 1190 2201 J
1194 2151 1327 2203 oannes
1357 2131 1491 2227 Kunig.
1514 2133 1596 2206 Non
1622 2135 1768 2230 grandis
1794 2145 1875 2237 Sucia
1891 2091 1941 2207 elil

150 2251 205 2324 ille
235 2251 378 2345 quidem
406 2258 504 2337 natu,
526 2249 590 2323 sed
606 2250 666 2344 qui
692 2259 953 2342 consummatus
972 2252 1007 2324 iu
1026 2253 1125 2326 brevi
1143 2253 1317 2348 explesset
1333 2261 1492 2349 tempora
1509 2256 1632 2341 multa,
1652 2281 1766 2332 exem·
1793 2220 1871 2368 iffi
1892 2245 1941 2361 {ff}

149 2374 273 2470 plaque
301 2376 470 2448 virtutum
499 2374 643 2448 senibus
670 2375 776 2447 etiam
801 2375 1004 2472 reliquisset
1033 2376 1218 2450 imitanda.
1251 2378 1476 2452 Praedicabat
1505 2379 1568 2452 illa
1593 2382 1767 2456 Joannem
1793 2381 1930 2488 mianum.

149 2505 305 2570 amanter
322 2498 550 2593 dolenterque
567 2497 704 2581 civitae,
730 2505 874 2593 totaque
891 2500 965 2574 fere
994 2502 1169 2573 concurrit
1198 2503 1244 2575 ad
1273 2503 1390 2576 funus.
1420 2503 1558 2577 Joanne
1576 2505 1727 2592 sublate,
1749 2533 1768 2582 e
1792 2464 1902 2600 (31,ssae

150 2627 295 2714 quatuor
321 2621 562 2694 sacerdotibus
595 2629 630 2695 et
661 2620 797 2694 duobus
828 2622 928 2695 laicis
960 2625 1195 2720 adjutoribus,
1227 2633 1303 2698 tota
1332 2628 1516 2700 constabat
1551 2629 1768 2705 Grodnensis
1793 2634 1926 2752 {me

149 2749 290 2837 domus;
312 2753 341 2824 si
360 2751 499 2825 aulicos
518 2751 605 2824 duos
622 2751 807 2846 theologos
838 2751 1019 2846 excipias:
1041 2751 1190 2822 alterum
1208 2748 1310 2821 Pauli
1335 2749 1541 2836 Wolowicn,
1562 2754 1767 2828 0011110111-
1794 2703 1940 2851 lpuffiqa

149 2877 278 2948 tuaniae
291 2883 327 2947 et
344 2874 532 2969 provinciae
550 2876 749 2948 Grodnensi
764 2875 931 2971 praelecti,
949 2874 1099 2947 alterum
1116 2871 1303 2957 Vladislai,
1319 2874 1410 2969 regii
1426 2875 1605 2971 principis.
1628 2877 1768 2952 Utrius-

149 3023 213 3094 que
228 2981 396 3095 priucipis
425 2999 596 3074 beneficia
628 3008 768 3072 exstant
787 2997 1024 3070 memoranda.
1044 2995 1248 3069 vladislaus
1265 2995 1419 3091 benigne
1448 3020 1490 3070 ac
1521 3020 1616 3094 saepe
1632 3001 1770 3074 visebat

148 3123 291 3195 Socios:
313 3145 408 3216 saepe
426 3122 463 3194 in
480 3122 631 3195 triclinio
650 3123 756 3195 etiam
783 3120 931 3193 conviva
949 3121 1025 3216 ipse
1042 3120 1201 3215 regalem
1219 3121 1349 3193 nostris
1375 3123 1575 3218 apponebat
1596 3147 1766 3199 mensam.

150 3246 331 3341 Reliquias
350 3270 469 3320 sacras
488 3248 683 3328 beatorum,
705 3243 889 3319 Adalberti
911 3245 1088 3340 martyris,
1108 3244 1248 3317 Nicolai
1266 3245 1445 3342 Myrensis
1459 3248 1625 3343 episcopi,
1647 3249 1769 3324 Brictii
1795 3254 1908 3352 Donum

147 3370 228 3442 item
241 3370 408 3465 episcopi,
426 3379 462 3444 et
476 3371 617 3442 Ursulae
633 3370 792 3463 virginis,
813 3367 944 3463 ipsein
970 3366 1138 3440 sacellum
1155 3375 1314 3440 nostrum
1329 3367 1460 3454 intulit,
1480 3381 1651 3466 apparatu
1666 3375 1771 3470 plane
1796 3355 1942 3484 ῗῗζὲῗ,ζξ

147 3496 258 3590 regio,
279 3503 314 3569 ct
330 3495 374 3566 ad
389 3517 508 3567 sacros
533 3495 684 3566 honores
708 3490 982 3575 accommodato,
1004 3492 1039 3563 in
1053 3491 1250 3587 frequentia
1269 3501 1536 3568 convocatorum
1556 3519 1634 3571 ase
1650 3505 1770 3594 proce·
1796 3498 1942 3616 aprunu-

147 3641 236 3689 rum.
252 3617 444 3690 Translata
461 3618 644 3690 beatorum
663 3639 744 3690 ossa
761 3639 805 3688 ex
819 3637 900 3686 arce
920 3613 1020 3708 regia
1038 3613 1092 3684 111
1110 3635 1223 3686 nonas
1238 3614 1455 3688 decembres.
1797 3580 1883 3732 ΜΞ

196 3744 238 3815 ln
254 3743 414 3815 Masovia
427 3763 490 3837 per
507 3763 655 3835 magnas
674 3740 794 3836 populi
811 3745 951 3832 strages
973 3737 1235 3832 propagabatur
1250 3739 1462 3835 pestilentia.
1485 3741 1623 3815 Lomsae
1641 3742 1768 3816 distur-
1795 3757 1896 3850 homae

149 3866 243 3938 bavit
261 3866 476 3961 Collegium
496 3889 572 3950 sex,
593 3864 812 3938 moribundis
829 3862 984 3964 relictos,
1006 3861 1043 3934 in
1069 3863 1261 3940 ministerio
1285 3867 1484 3963 oppressit:
1506 3868 1581 3941 ΡΡ.
1603 3870 1767 3956 Paulum,
1795 3837 1940 3971 ,cssffiffff
1966 3959 1971 3970 Ι

148 3991 323 4075 Piantum,
334 3992 356 4064 J
360 4014 509 4065 oannem
519 3989 832 4075 Praexdaieckium‚
846 3991 869 4063 J
871 4012 1020 4062 oannem
1029 3979 1318 4082 Gogolevskium,
1333 3986 1549 4060 stanislaum
1559 3989 1765 4079 Kurewicr;
1795 3995 1920 4087 paulam

146 4137 226 4186 cum
246 4114 315 4201 his,
337 4114 476 4187 virtutis
498 4113 660 4198 aemuluS,
681 4114 952 4187 domesticorum
969 4113 1110 4206 adjutor
1132 4133 1289 4206 operum,
1309 4110 1479 4184 Nicotaus
1501 4112 1620 4184 Gruda
1637 4115 1671 4185 V
1688 4115 1768 4189 idus
1794 4079 1842 4130 n*

146 4237 308 4310 octobres
334 4237 550 4334 sepultorum
566 4261 589 4310 a
606 4261 644 4312 se
668 4233 812 4310 tumulis
839 4239 1069 4311 immortuus·
1093 4233 1261 4330 Sepultis‚
1278 4231 1401 4306 eodem
1432 4241 1627 4328 prostratos
1657 4236 1764 4324 malo,
1824 4318 1831 4328 ⁵

143 4385 258 4437 annus
311 4365 405 4441 1625
442 4366 623 4460 apposuit:
678 4365 854 4437 Joannem
897 4358 1155 4443 Glovinskium
1203 4355 1416 4430 stanislaum
1458 4355 1764 4450 Alexandrowicz,

145 4491 322 4564 Joannem
362 4493 606 4578 Milcnckium,
641 4494 816 4566 Joannem
847 4487 1090 4572 Kosinskium,
1112 4491 1147 4558 et
1176 4484 1381 4580 magistrum
1411 4488 1652 4579 grammaticae
1685 4490 1767 4564 Ste-

145 4615 302 4710 phanum
340 4614 594 4704 Garlinskium.
1849 4679 1883 4736 23

193 4739 389 4813 Smolensci
401 4739 497 4814 lento
515 4742 637 4814 morbo
651 4739 832 4814 contabuit
850 4738 893 4809 P.
911 4736 1039 4808 Petrus
1051 4732 1328 4818 Reszkovskius,
1343 4733 1456 4807 nobili
1468 4735 1577 4831 stirpe
1596 4739 1764 4826 Pelorus,
1794 4758 1938 4816 Smolensci

143 4867 250 4934 natus
267 4881 380 4933 annos
404 4863 465 4949 42,
486 4869 667 4959 cooptatus
685 4864 722 4934 in
740 4863 951 4936 Societatem
971 4861 1046 4955 jam
1073 4859 1250 4943 sacerdos,
1275 4858 1375 4954 isque
1400 4861 1612 4958 theologus:
1638 4865 1693 4936 vir
1716 4868 1769 4940 in·
1792 4838 1939 4973 {mffi‘

74 5024 79 5042 ·
136 4985 251 5080 ¹genio
270 4985 466 5073 mitissime,
483 4987 674 5083 praesidum
690 5009 870 5069 reverens,
887 4983 1082 5080 disciplinae
1095 4981 1270 5076 religiosae
1295 5005 1432 5068 amaus,
1468 5008 1571 5059 carus
1589 4989 1763 5078 omnibus,

141 5108 244 5181 vultu
260 5109 321 5183 ille
345 5133 497 5206 semper,
517 5111 623 5185 etiam
649 5111 686 5182 in
712 5111 880 5206 gravibus
905 5105 1087 5190 molestiis,
1106 5105 1224 5191 hilari,
1250 5105 1368 5179 animo
1393 5107 1441 5179 ad
1465 5111 1606 5204 quosvis
1626 5110 1766 5190 labores

141 5241 317 5327 prompto.
340 5233 482 5328 Septem
496 5255 607 5306 annos
625 5255 647 5306 a
664 5232 830 5326 religioso
860 5230 1033 5316 tirocinio,
1063 5252 1132 5325 qua
1161 5227 1437 5304 confessionibus
1455 5233 1682 5328 excipiendis,
1699 5261 1765 5334 qua
