4906 6642
1311 963 1624 1042 APPROBATIO

715 1213 819 1287 Anno
870 1214 1011 1287 Domini
1052 1213 1158 1302 1766,
1207 1215 1264 1289 die
1306 1215 1355 1290 30
1390 1215 1497 1311 junii,
1534 1219 1780 1289 Historiarum
1823 1223 2095 1290 LituunIccrum
2136 1224 2291 1293 Provin-

669 1342 811 1411 cictium
845 1343 1025 1410 Sedetano
1051 1345 1151 1424 Jesu,
1188 1341 1234 1412 ad
1263 1346 1366 1413 notas
1396 1341 1589 1414 censorum
1619 1341 1862 1414 Romanorum
1894 1343 2075 1438 scriptam,
2094 1343 2197 1416 nobis
2218 1367 2293 1416 una

668 1486 747 1535 cum
788 1464 885 1535 notis
931 1463 968 1535 in
1006 1464 1137 1536 scheda
1184 1463 1360 1548 exhibitis,
1391 1471 1427 1537 et
1451 1465 1654 1565 ¹connotatis
1688 1487 1711 1535 a
1748 1464 1850 1538 nobis
1889 1465 2077 1560 diligenter
2122 1467 2289 1552 revisam,

667 1594 805 1683 partem
838 1588 988 1684 primam
1021 1589 1174 1684 imprimi
1203 1613 1321 1686 posse,
1356 1611 1551 1662 censemus.
1585 1589 1709 1684 Itaque
1737 1588 1969 1683 imprimatur.
1998 1589 2126 1664 Actum
2158 1590 2290 1676 Vilnee,

670 1719 710 1784 ut
742 1735 861 1808 supra.
1796 1795 1799 1800 ,

816 1835 1018 1910 Alexander
1060 1837 1211 1920 Horain,
1248 1836 1443 1932 Episcopus
1485 1835 1706 1922 Hirenensis,
1735 1836 2011 1910 Reserandarius
2054 1837 2105 1912 M.
2142 1839 2187 1910 D.
2233 1837 2293 1909 Li·

671 1959 816 2047 tuaniae,
846 1959 1125 2034 Archidiaconus
1151 1961 1316 2035 Cathedr.
1350 1961 1544 2047 Vilnensis,
1575 1961 1746 2035 librorum
1782 1962 1929 2036 Censor.

1313 2242 1646 2254 *ιι-υ·-

722 2457 809 2532 Cum
834 2459 964 2534 librum
999 2463 1059 2536 cui
1083 2461 1209 2535 titulus
1246 2489 1254 2536 :
1289 2468 1560 2536 Lituonwarum
1584 2469 1764 2544 mactatis
1804 2472 1890 2538 Jesu
1927 2461 2189 2538 Histortcmcm'
2207 2472 2298 2539 Pro-

569 2681 574 2694 ·
673 2588 877 2656 vinciatium
905 2608 989 2680 pars
1023 2586 1138 2683 prima
1173 2589 1316 2661 auctore
1355 2587 1533 2661 Stanislao
1574 2589 1792 2676 Rostovvslri,
1814 2614 1858 2664 ex
1892 2591 2016 2663 eadem
2050 2589 2227 2664 Societate
2261 2596 2299 2662 et

674 2707 863 2780 Provincia
880 2710 1074 2797 sacerdote,
1109 2718 1182 2782 tum
1206 2710 1464 2798 illustrissimus
1497 2713 1811 2788 reverendissimus
1845 2713 2040 2810 Episcopus
2071 2712 2294 2799 Hirenensis,

672 2832 843 2906 librorum
875 2833 913 2904 in
948 2834 1092 2908 dioecesi
1124 2835 1286 2910 Vilnensi
1331 2818 1475 2922 Censor,
1510 2845 1584 2910 tum
1613 2838 1748 2933 aliquot
1781 2861 1802 2912 e
1833 2832 2009 2911 Societate
2045 2844 2168 2910 nostra
2200 2839 2300 2911 theo·

667 2957 761 3054 logi,
796 2958 923 3031 Romae
952 2958 998 3031 ad
1023 2959 1060 3030 id
1089 2959 1132 3031 ab
1162 2959 1351 3032 admodum
1374 2961 1420 3033 R.
1455 2961 1496 3033 P.
1530 2969 1651 3035 nostro
1696 2962 1891 3058 Praeposito
1931 2961 2098 3036 Generali
2139 2961 2298 3034 Lauren·

674 3081 724 3154 tio
763 3081 864 3155 Ricci
900 3081 1077 3166 destinati,
1114 3083 1396 3179 recognoverint,
1433 3092 1539 3180 atque
1571 3085 1609 3157 in
1654 3085 1768 3160 lucem
1810 3085 1867 3158 edi
1903 3108 2009 3180 posse
2055 3084 2297 3180 probaverint,

676 3230 743 3302 ego
785 3230 923 3303 quoque
961 3231 1005 3281 ex
1042 3207 1156 3280 officio
1197 3231 1274 3281 meo
1316 3209 1517 3303 comprobo.
1558 3208 1689 3296 Vilnae,
1735 3211 1843 3292 1767,
1873 3209 2036 3284 kalendis
2074 3209 2295 3306 septembris

774 3331 948 3403 Antonius
991 3331 1191 3420 Skorulslri‚
1229 3332 1445 3428 Praepositus
1474 3332 1660 3406 Societatis
1694 3321 1926 3406 provincialis
1955 3334 1993 3405 in
2019 3331 2197 3406 Lituama.

1219 3605 1487 3680 PROFESSIO
1513 3605 1758 3681 AUCTORIS

730 3831 967 3926 Quaecumque
1001 3835 1205 3934 narrantur*
1221 3832 1259 3903 in
1287 3832 1353 3904 hac
1386 3837 1632 3904 Hister-torum
1669 3838 1768 3929 parte
1796 3833 1911 3931 prima
1936 3833 1980 3907 de
2011 3831 2166 3904 virorum
2203 3829 2305 3903 illus-

676 3957 782 4030 trium
828 3957 1058 4052 quorumdam
1096 3957 1284 4030 virtutibus
1314 3963 1373 4028 aut
1410 3958 1599 4045 miraculis,
1638 3966 1674 4032 et
1708 3959 1738 4030 si
1786 3981 1856 4053 qua
1889 3957 1958 4034 alia
1991 3957 2192 4050 referuntur
2220 3979 2304 4051 quae

678 4081 747 4153 vim
768 4151 769 4154 ,
788 4088 851 4153 aut
893 4080 1128 4153 conditionem
1169 4087 1308 4153 naturae
1358 4081 1430 4155 ullo
1476 4082 1579 4154 modo
1622 4083 1792 4156 excedere
1831 4082 2034 4166 videantur,
2073 4105 2117 4155 ea
2152 4079 2304 4175 scriptor

544 4247 550 4260 ·
676 4208 726 4279 ita
770 4205 845 4276 vult
889 4203 1053 4300 intelligi,
1092 4211 1131 4277 ut
1170 4206 1326 4300 profecta
1363 4229 1386 4279 a
1424 4207 1562 4302 privata
1604 4207 1776 4280 duntaxat
1813 4207 2033 4296 auctoritate,
2078 4226 2144 4277 neo
2195 4203 2304 4275 fidem

678 4331 835 4403 humana
863 4331 1032 4425 majorem
1061 4329 1325 4424 promerentia:
1359 4331 1465 4424 quod,
1494 4331 1631 4404 Urbani
1658 4331 1744 4404 VIII
1772 4330 1923 4403 decretis
1947 4330 2129 4413 insistens,
2156 4326 2302 4424 profite-

583 4536 588 4543 ,
679 4461 750 4538 tur,
781 4461 821 4526 ut
854 4455 891 4527 S.
928 4455 1102 4527 Romanae
1130 4453 1314 4537 Ecclesiae,
1349 4455 1448 4550 cujus
1478 4462 1533 4528 est
1563 4455 1608 4529 de
1635 4455 1692 4528 his
1722 4455 1829 4528 rebus
1859 4453 2033 4550 judicium
2064 4453 2169 4538 farre,
2198 4475 2304 4525 suum

678 4585 824 4675 praestet
850 4579 1001 4653 officium
1034 4603 1073 4652 ac
1109 4581 1355 4655 reverentiam.
