4948 6654
680 789 741 853 236
1069 786 1340 850 LlTUANlGARUll
1365 783 1576 844 sociareris
1597 785 1682 844 JESU
1708 784 1959 844 ttlsroulottutr

685 991 703 1037 κ’
723 975 840 1050 adhuc
860 975 1016 1070 egissent
1030 973 1134 1058 nihil,
1151 975 1271 1067 itaque
1287 968 1357 1064 ipsi
1374 968 1575 1040 mortalium
1594 975 1711 1041 essent
1741 966 1973 1062 ignavissimi,
1989 968 2117 1041 acerbe
2137 975 2309 1066 tyrannus

687 1131 703 1161 κ
725 1101 958 1196 querebatur;
978 1097 1129 1170 maxime
1156 1095 1249 1191 quod
1272 1092 1441 1166 leviorem
1467 1092 1539 1162 suis
1559 1090 1706 1174 civibus,
1724 1113 1828 1183 quam
1854 1113 1917 1184 pro
1936 1089 2012 1184 ejus
2038 1089 2133 1174 odio,
2161 1092 2303 1164 calami-

685 1253 701 1284 κ
725 1232 833 1297 tatem
859 1223 1073 1296 intulissent.
1102 1221 1201 1294 Mala
1231 1241 1335 1316 porro
1363 1216 1392 1288 si
1419 1237 1638 1309 exaggerare
1664 1214 1859 1286 accuratius
1878 1213 2042 1310 deinceps
2068 1216 2303 1310 perrexerint,

685 1379 701 1410 κ
723 1349 954 1445 pollicebatur
972 1347 1170 1442 voluptates
1189 1342 1334 1416 infinitis
1360 1341 1518 1436 partibus
1544 1343 1695 1437 majores
1720 1341 1804 1426 illis,
1826 1365 1914 1436 quas
1938 1342 2116 1437 presule,
2146 1345 2309 1419 maximis

685 1503 702 1534 a
723 1473 841 1557 etiam,
862 1474 997 1546 meritis
1012 1478 1196 1566 sperarent
1205 1466 1403 1570 christiani.
1428 1501 1443 1532 n
1463 1465 1688 1560 Interrogati,
1707 1488 1769 1538 cur
1787 1488 1859 1536 non
1886 1467 1924 1537 in
1943 1466 2196 1539 catholicorum
2221 1475 2309 1542 tem-

682 1599 749 1694 plis
788 1621 870 1670 suos
902 1591 1059 1668 facerent
1092 1601 1297 1676 conventus,
1335 1589 1594 1684 responderunt
1623 1587 1682 1685 bl:
1719 1587 1899 1682 prohiberi
1923 1611 1961 1660 se
1988 1587 2153 1682 ingressu
2182 1589 2312 1662 virtute

682 1721 810 1796 hostiae
827 1719 969 1802 divinae,
989 1723 1151 1811 respectu
1181 1715 1314 1787 ossium
1349 1739 1428 1810 quae
1458 1738 1522 1810 pro
1553 1715 1664 1788 sacris
1699 1717 1872 1789 haberent
1896 1716 2074 1801 catholici,
2095 1725 2202 1812 atque
2228 1719 2314 1792 hinc

681 1849 829 1921 horrore
842 1845 994 1941 quodam
1012 1865 1125 1916 sacru.
1144 1842 1301 1921 Quarum
1320 1865 1438 1914 reruni
1455 1841 1545 1913 nihil
1565 1865 1643 1916 esse
1671 1844 1707 1914 in
1725 1843 1970 1929 lutheranicis‚
1992 1843 2142 1938 aliisque
2169 1844 2313 1940 religio·

682 1997 765 2046 num
778 1968 1010 2044 consimilium
1022 1967 1136 2051 fanis;
1159 1988 1267 2060 quare
1281 1989 1352 2038 non
1371 1969 1484 2040 arceri
1512 1967 1651 2054 saillis,
1672 1969 1755 2062 quin
1774 1967 1821 2040 ad
1838 1991 1881 2042 ea
1904 1969 2046 2042 invitari
2064 1969 2170 2041 etiam
2185 1971 2313 2064 quibus

681 2096 800 2170 nescio
818 2092 1002 2166 illecebris.
1035 2094 1107 2164 Ista
1124 2113 1267 2193 suorum
1287 2090 1490 2186 gregalium
1507 2089 1681 2164 confessio
1695 2091 1926 2164 lutheranicis
1945 2094 2095 2167 maxime
2112 2094 2313 2170 hominibus

509 2252 622 2310 cmm
681 2218 920 2316 praedicandae
958 2223 1065 2288 sectae
1100 2212 1217 2286 attulit
1250 2216 1511 2288 verecundiam.
1549 2215 1675 2289 Mense
1703 2217 1808 2312 hujus
1837 2217 1923 2288 anni
1949 2216 2137 2302 decembri,
2164 2218 2314 2293 Carolus

509 2331 635 2462 ³23⁸!
685 2342 815 2428 Caroli,
833 2341 1025 2414 Succorum
1039 2338 1150 2422 ducis,
1167 2337 1275 2422 filius,
1292 2361 1404 2410 annos
1419 2347 1554 2435 septem
1568 2340 1604 2411 in
1623 2340 1773 2412 Polonia
1790 2341 1949 2436 captivus
1963 2343 2093 2426 adhuc,
2113 2366 2155 2414 ac
2169 2341 2311 2417 demum

508 2422 621 2557 laptusp
643 2504 660 2543 a
685 2467 808 2551 redon,
828 2466 959 2560 Rigam
973 2464 1081 2536 venit.
1099 2461 1293 2558 Collegium
1312 2462 1372 2536 ille
1386 2465 1423 2534 in
1437 2447 1558 2558 primis
1579 2471 1738 2536 nostrum
1764 2465 1859 2548 visit,
1876 2467 1999 2560 suique
2014 2467 2172 2540 obsidem
2186 2469 2313 2564 capitis

507 2563 625 2696 m}
686 2592 727 2664 P.
762 2592 941 2664 Andream
961 2589 1230 2680 Lemannum,
1263 2596 1343 2660 aute
1366 2595 1500 2682 septem
1517 2611 1630 2661 annos
1666 2589 1898 2682 Dorpatensis
1927 2591 2116 2663 Rectorem
2146 2591 2310 2688 Collegii,

508 2722 562 2775 tur.
685 2715 858 2789 visitatori
871 2713 1061 2808 provinciae
1079 2711 1288 2794 Lituanicae,
1305 2711 1327 2782 J
1330 2711 1436 2783 oanni
1453 2711 1625 2806 Argenta,
1645 2713 1749 2786 laetus
1767 2714 1843 2810 ipse
1861 2714 2024 2788 libertate
2043 2738 2120 2799 sua,
2141 2717 2308 2790 restituit.

500 2808 635 2955 -Loorlln-
735 2839 882 2934 Excepit
900 2844 1085 2931 utrumque
1112 2836 1150 2907 in
1174 2835 1373 2907 libertatem
1391 2845 1565 2908 assertum
1592 2836 1784 2931 gratulatio
1802 2864 1811 2923 ;
1832 2840 1910 2911 haec
1937 2862 2007 2910 non
2035 2839 2181 2934 perinde
2206 2849 2312 2936 grata

507 2996 558 3036 nus
576 2981 658 3072 sotis
683 2964 749 3038 fuit
775 2963 819 3036 P.
842 2961 996 3035 Andreae
1018 2986 1025 3032 :
1046 2961 1103 3032 cui
1128 2959 1275 3044 scilicet,
1295 2958 1378 3032 vitae
1395 2960 1432 3032 in
1458 2983 1501 3033 ea
1518 2982 1626 3032 causa
1652 2961 1907 3056 profundendae
1925 2961 2065 3058 cupide,
2091 2963 2153 3035 illa
2170 2965 2313 3038 vincula

507 3059 629 3193 pppptu·
685 3087 841 3171 Suetica,
857 3086 984 3180 quibus
996 3084 1137 3167 collum,
1154 3105 1292 3169 manua
1308 3083 1485 3179 pedesque
1499 3084 1693 3159 attrivisset
1710 3111 1719 3170 ;
1740 3086 1800 3158 ille
1815 3086 1960 3181 squalor
1973 3110 2166 3174 carcerum,
2183 3112 2312 3161 aarum·

517 3217 520 3222 ’
684 3237 753 3296 nae,
772 3216 960 3294 tormenta,
984 3208 1110 3302 quibus
1128 3206 1174 3280 ad
1191 3207 1438 3280 haereticorum
1461 3215 1593 3280 sectam
1611 3209 1744 3283 frustra
1766 3219 1966 3306 cogeretur,
1986 3211 2151 3284 libertate
2163 3213 2314 3310 ipsaque

681 3361 790 3413 usura
807 3335 896 3408 lucis
911 3333 1122 3430 jucundiora
1138 3333 1250 3405 Deum
1280 3334 1412 3404 amanti
1429 3333 1574 3406 fuerint.
1599 3333 1737 3429 Raptus
1762 3337 1829 3408 fuit
1847 3337 1886 3408 P.
1914 3337 2077 3410 Andreas
2096 3338 2140 3410 de
2158 3341 2315 3415 statione

679 3461 874 3547 Vendensi,
895 3460 981 3533 etin
995 3458 1159 3532 Sueciam
1172 3457 1344 3530 abductus
1361 3479 1454 3528 anuo
1468 3457 1596 3528 abhinc
1611 3458 1770 3552 septime.
1789 3460 1990 3534 Restitutus
2003 3464 2313 3562 provinciae,Riga

677 3587 871 3660 translatus
890 3591 943 3657 est
961 3582 1153 3654 Polociam.
1177 3579 1477 3653 Consuetudinem
1498 3581 1560 3653 ille
1570 3582 1648 3676 jam
1663 3607 1900 3657 aerumnarum
1919 3595 2057 3670 nactus,
2075 3588 2215 3681 quando
2234 3591 2310 3684 qui·

679 3711 770 3795 dem,
787 3709 846 3804 qui
877 3730 916 3779 se
932 3713 1090 3790 vexaret,
1112 3711 1190 3778 erat
1206 3716 1325 3790 nemo,
1351 3727 1389 3777 se
1420 3706 1494 3800 ipsc
1521 3706 1726 3779 afflictabat.
1744 3706 1895 3793 Memor,
1924 3731 1964 3781 se
1989 3710 2123 3781 tamdiu
2149 3711 2186 3782 in
2213 3714 2313 3785 nuda

677 3836 827 3910 cubasse
842 3826 962 3914 humo,
978 3831 1098 3904 induci
1116 3852 1187 3938 non
1205 3837 1358 3925 poterat,
1376 3836 1414 3901 ut
1427 3829 1475 3901 ad
1486 3831 1640 3925 quietem
1655 3839 1772 3902 torum
1788 3831 1993 3905 admitteret
2007 3833 2217 3908 molliorem.
2240 3838 2314 3910 Par

671 3971 755 4034 ‘erat
779 3959 893 4032 victus
917 3956 1020 4029 ratio.
1042 3954 1179 4026 Praeter
1195 3953 1325 4026 herbas
1343 3961 1378 4026 et
1395 3953 1560 4048 frigidam
1576 3954 1665 4026 nihil
1696 3954 1837 4027 omnino
1853 3956 1923 4028 cibi
1941 3964 2113 4052 potusque
2129 3960 2307 4054 capiebat.

677 4083 853 4158 Pestilens
876 4081 944 4154 fuit
960 4078 1214 4152 Polocensibus
1232 4099 1347 4149 annus
1368 4077 1462 4151 1620
1479 4102 1487 4149 :
1506 4101 1575 4150 uuo
1603 4101 1723 4151 omues
1757 4079 1870 4150 morbi
1897 4103 2028 4175 genere
2058 4082 2153 4154 Socii
2179 4083 2310 4178 viginti

677 4232 821 4283 numero
839 4207 961 4284 afflicti
985 4205 1119 4301 pariter
1136 4203 1407 4276 decumbebant.
1429 4204 1510 4298 lpse
1527 4204 1755 4278 Leomannus
1773 4206 1866 4278 iuter
1883 4207 2012 4280 fractos
2038 4209 2190 4306 integer,
2210 4211 2306 4286 idem

653 4335 766 4408 'bene
797 4331 918 4403 doctus
945 4329 1089 4401 duriora
1122 4328 1229 4401 etiam
1261 4327 1348 4422 pati,
1383 4328 1544 4400 omnibus
1577 4352 1709 4423 magna
1742 4353 1822 4402 cum
1847 4317 2032 4426 diligentia
2065 4334 2304 4408 ministrabat.

677 4458 720 4529 P.
743 4455 981 4550 Augustinum
1007 4453 1196 4525 Vivaldum
1226 4452 1444 4525 visitatorem
1475 4453 1665 4547 provinciae
1697 4461 1851 4539 secutus,
1886 4454 2007 4528 morbo
2039 4479 2230 4552 oppressus
2266 4460 2307 4531 in

676 4580 801 4652 itinere
818 4600 926 4672 prope
945 4577 1072 4649 Orsam
1090 4578 1212 4669 quinto
1238 4575 1317 4648 idus
1333 4577 1563 4670 septembres,
1584 4599 1677 4648 anno
1703 4577 1807 4662 1620,
1825 4577 1942 4650 aetatis
1961 4601 2036 4650 suae
2053 4580 2174 4673 quinto
2192 4603 2306 4677 supra

677 4703 1005 4798 quinquagesimum
1035 4727 1042 4772 :
1072 4700 1194 4786 multa,
1216 4700 1401 4794 religionis
1420 4709 1454 4773 ct
1479 4702 1666 4773 charitatis
1689 4723 1809 4786 causa,
1830 4725 1909 4773 cum
1938 4703 1975 4774 in
1997 4701 2132 4775 hostico
2162 4713 2237 4777 tum
2268 4707 2309 4778 in

676 4832 791 4927 patria
808 4838 972 4925 expertus
987 4829 1103 4901 heros.
1122 4828 1287 4922 Sepultus
1302 4826 1415 4898 Orsee.
1426 4825 1510 4932 Egit
1527 4826 1563 4895 in
1583 4826 1871 4901 Societateaunis
1883 4827 1985 4900 aad
2003 4827 2151 4921 collegio
2166 4829 2307 4903 Bruns-
2421 4869 2432 4890 ·
2460 4861 2461 4870 ¹

676 4954 840 5050 bergensi
859 4951 1070 5048 demigravit
1100 4952 1184 5025 anni
1197 4953 1353 5048 ejusdem
1371 4973 1491 5022 mense
1503 4950 1608 5045 aprili
1628 4952 1668 5023 P.
1685 4952 1864 5024 Robertus
1882 4949 2160 5034 Abircrombius,
2181 4975 2241 5036 an,
2263 4965 2307 5028 ut

672 5083 767 5155 hunc
792 5081 1105 5174 Brunsbergenses
1129 5079 1167 5150 in
1197 5079 1324 5151 annuis
1358 5077 1430 5152 suis
1463 5078 1658 5162 nominant,
1688 5075 1923 5159 Aboorombii‚
1959 5082 2065 5169 gente
2097 5076 2237 5159 Suetus,
2274 5103 2301 5149 a

714 5223 753 5298 (Ι)
777 5221 921 5296 tractura
939 5220 1163 5291 templodrnmou
1184 5217 1283 5275 virtuto
1295 5217 1536 5299 sacraetboatiaeet
1552 5213 1603 5273 SS.
1621 5214 1814 5286 Reliquorum.
