4906 6642
671 843 713 909 54
933 857 936 864 ⁴
1042 849 1319 911 LITUANICARUM
1341 846 1555 910 socmvnrls
1575 845 1662 906 JESU
1684 843 1935 906 fflsronmnuu

497 1039 562 1096 1⁵74
668 1029 746 1100 ritis
759 1029 892 1115 debito,
911 1030 1140 1105 haberentur.
1157 1033 1231 1106 Sub
1245 1033 1377 1106 exitum
1393 1030 1524 1104 mensis
1541 1027 1678 1102 sextilis
1695 1028 1917 1114 Dantiscum,
1932 1029 2016 1104 inde
2029 1029 2301 1130 Brunsbergam

667 1153 714 1226 ad
726 1155 880 1228 natalem
893 1154 938 1228 B.
959 1157 1119 1251 Virginis
1136 1158 1265 1230 Mariae
1281 1158 1374 1229 diem
1391 1157 1503 1229 venit:
1522 1177 1563 1228 eo
1580 1153 1685 1249 plane
1698 1161 1867 1250 tempore,
1879 1178 1948 1250 quo
1963 1156 2066 1229 annis
2080 1158 2209 1232 abhinc
2219 1169 2299 1233 octo

664 1300 728 1372 per
740 1301 862 1352 sacras
876 1281 948 1352 divi
962 1281 1072 1376 patris
1089 1283 1402 1355 commentationes
1432 1303 1454 1352 a
1477 1281 1552 1352 Deo
1576 1279 1787 1365 illustratus,
1814 1282 2023 1376 contemptis
2046 1281 2151 1356 rebus
2169 1293 2300 1358 morta·

662 1403 769 1488 libus,
785 1405 940 1476 animum
957 1406 1003 1476 ad
1021 1405 1200 1501 religiosae
1217 1406 1300 1478 vitae
1314 1405 1531 1500 disciplinam
1548 1404 1584 1475 in
1604 1404 1782 1478 Societate
1799 1405 1968 1501 applicuit
1984 1407 2237 1493 ;indeVilnam
2250 1412 2299 1483 ad

662 1551 764 1600 suum
789 1536 905 1602 rector
935 1529 1143 1624 Collegium.
1179 1532 1250 1603 Pro
1279 1529 1530 1604 Varszevickio
1556 1529 1697 1601 interim
1714 1531 1855 1623 regenti
1872 1532 2012 1604 domum
2031 1533 2138 1606 Petro
2154 1533 2297 1630 Skarga

490 1721 521 1775 P.
535 1644 638 1792 ἂψ
663 1651 782 1723 oblata
797 1652 950 1747 insignis
968 1655 1106 1726 occasio
1125 1655 1265 1726 virtutis
1283 1677 1358 1726 sure
1372 1653 1501 1748 populo
1519 1652 1771 1749 approbandae.
1792 1655 1935 1726 Primus
1953 1662 2031 1728 erat
2048 1655 2122 1741 ille,
2138 1657 2175 1728 in
2189 1681 2295 1753 quem

488 1799 517 1853 in
544 1805 636 1858 cnm·
661 1775 909 1850 haereticorum
927 1779 1009 1850 odia
1026 1778 1192 1852 arderent
1209 1779 1360 1851 manime
1376 1805 1385 1864 ;
1402 1779 1469 1850 hoc
1482 1786 1587 1873 caput
1599 1777 1675 1871 jam
1693 1777 1793 1848 iuriis
1813 1778 1974 1850 omnibus
2005 1803 2069 1875 per
2099 1805 2160 1855 eos
2186 1784 2293 1856 devo·

487 1875 567 2010 Ψ
585 1881 636 1935 vn-
661 1907 747 1972 tum.
764 1903 819 1973 Ex
836 1903 903 1975 hoc
916 1926 1028 1998 grege
1057 1903 1224 1976 Albertus
1255 1881 1577 1998 Slepovvronskius,
1603 1901 1708 1972 homo
1727 1903 1908 1987 audacior,
1937 1905 2039 2000 isque
2061 1907 2289 1992 temulentus,

660 2023 833 2096 inciderat
849 2026 885 2096 in
904 2027 948 2098 P.
966 2029 1123 2113 Petrum,
1144 2028 1298 2113 domum,
1319 2051 1341 2098 a
1366 2033 1543 2098 transacto
1574 2025 1630 2096 sui
1655 2026 1810 2098 muneris
1842 2027 1998 2121 negotio,
2019 2037 2292 2124 vesperascente

658 2147 761 2232 coelo,
782 2149 1000 2222 redeuntem.
1019 2151 1245 2223 Commodum
1262 2151 1329 2222 sibi
1347 2151 1444 2222 visus
1475 2148 1665 2222 offendisse
1694 2149 1847 2222 invisum
1877 2150 2053 2224 hominem
2083 2153 2285 2241 haereticus

656 2272 737 2344 vino
756 2274 906 2344 maxime
924 2273 1030 2346 bilem
1048 2283 1300 2347 commovente.
1322 2275 1422 2348 Nihil
1439 2274 1499 2346 ille
1517 2281 1685 2356 moretm,
1702 2274 1842 2368 jactare
1860 2276 2080 2349 sacerdotem
2098 2279 2284 2350 convitiis:

648 2396 810 2490 jumento
828 2422 935 2493 eques
952 2399 999 2470 ad
1012 2401 1183 2494 parietem
1201 2423 1330 2494 urgere
1348 2422 1468 2471 senem
1486 2398 1725 2470 venerabilem
1742 2424 1750 2470 :
1771 2421 1952 2492 premere:
1973 2408 2112 2475 atroces
2138 2403 2161 2475 J
2164 2403 2288 2475 esuitis

654 2520 815 2592 omnibus
832 2522 946 2594 minas
959 2523 1160 2610 intendere;
1180 2523 1417 2619 appetiturum
1447 2522 1582 2594 scilicet
1612 2521 1710 2593 illum
1736 2522 1835 2594 brevi
1853 2524 1959 2612 diem,
1980 2547 2049 2619 quo
2067 2526 2090 2598 J
2093 2526 2286 2598 esuita'rum

652 2644 770 2738 capita
802 2647 880 2740 ipse
913 2648 1060 2720 velleret
1093 2672 1115 2719 a
1149 2649 1356 2721 cervicibus.
1383 2649 1604 2743 Deprecante
1625 2646 1886 2720 modestissime
1907 2671 2030 2720 cuma
2061 2671 2101 2722 se
2128 2650 2285 2723 furorem

651 2769 775 2855 Patre,
801 2771 912 2844 nihilo
935 2774 1087 2867 quietior
1109 2773 1183 2859 ille,
1210 2797 1302 2845 nunc
1320 2771 1469 2844 insultat
1490 2771 1700 2866 probrisque
1724 2779 1849 2843 onerat
1879 2772 2056 2860 omnibus,
2095 2795 2190 2846 nunc
2212 2775 2283 2846 dis-

650 2894 756 2966 tricto
778 2895 898 2989 gladio
919 2899 1044 2992 capitis
1066 2898 1218 2970 intentat
1239 2897 1446 2992 periculum,
1472 2894 1621 2967 infracto
1643 2894 1690 2965 ad
1721 2903 1915 2968 extremum
1947 2896 2110 2992 colapho,
2142 2899 2283 2993 jumen·

651 3025 757 3113 toque
780 3021 966 3107 concitato,
993 3005 1192 3118 praecipitat
1213 3021 1261 3092 ad
1282 3045 1419 3094 corvos.
1445 3020 1584 3091 Paucos
1608 3020 1750 3114 quidem
1772 3043 1815 3092 ea
1838 3020 2032 3114 indignitas
2056 3045 2100 3096 ex
2129 3025 2283 3118 compito

651 3141 776 3230 habuit
792 3153 1022 3238 spectatores
1048 3168 1179 3241 eosque
1196 3146 1372 3241 plebeios:
1397 3143 1597 3215 rumoribus
1619 3144 1854 3258 tamen'illico
1876 3151 1953 3217 tota
1975 3147 2118 3218 civitate
2140 3169 2280 3241 percre-

650 3265 738 3350 buit,
764 3269 903 3340 nemine
922 3270 1100 3342 enimvero
1123 3269 1296 3364 probante
1317 3269 1469 3342 hominis
1493 3267 1697 3350 amentiam,
1723 3291 1768 3340 ne
1790 3268 1876 3363 ipsis
1899 3267 2040 3363 quidem
2069 3271 2246 3342 haereticis
2269 3297 2277 3356 ;

650 3388 726 3463 solo
759 3393 869 3465 Patre
902 3401 1093 3466 excusante
1131 3393 1275 3476 sactum,
1313 3401 1348 3465 et
1386 3392 1630 3487 impunitatem
1669 3391 1804 3464 homini
1838 3401 2019 3488 precante,
2058 3401 2097 3465 ut
2131 3395 2191 3489 qui
2214 3418 2279 3489 pro

649 3513 821 3589 beneficio
843 3517 1004 3603 haberet,
1028 3518 1161 3613 aliquid
1183 3519 1250 3589 sibi
1273 3517 1413 3590 nomine
1436 3515 1602 3588 catholici
1625 3517 1771 3611 ejusque
1787 3517 1932 3612 jesuitae
1955 3517 2127 3611 obtigisse
2148 3545 2157 3604 ;
2183 3519 2280 3613 quod

647 3639 780 3736 alioqui
802 3642 877 3714 viro
899 3652 971 3715 tam
989 3643 1151 3728 honesto,
1177 3644 1280 3737 eique
1301 3641 1510 3725 immerenti,
1531 3641 1651 3734 gravis
1675 3639 1851 3712 diceretur
1877 3641 2103 3716 contumelia.
2140 3643 2280 3717 Rumor

586 3745 601 3770 ⁶
645 3763 676 3834 is
698 3771 828 3858 praeter
849 3765 940 3838 alios
961 3765 1193 3838 Valerianum
1216 3767 1417 3860 episcopum
1436 3765 1623 3835 commovit
1645 3763 1884 3836 vehementer.
1911 3765 2063 3860 Indigne
2085 3766 2167 3838 tulit
2184 3767 2277 3840 idem

645 3887 824 3982 palatinus
855 3891 962 3962 etiam
995 3890 1191 3974 VilnensiS,
1217 3890 1253 3960 in
1289 3891 1388 3982 cujus
1419 3895 1496 3959 erat
1529 3886 1701 3960 famulatu
1732 3911 1931 3983 percussor.
1964 3888 2215 3964 Vindicaturos
2237 3915 2277 3964 se

646 4012 788 4084 omnino
810 4014 1020 4086 maleficium
1040 4021 1187 4108 uterque
1209 4013 1370 4108 polliciti.
1396 4011 1632 4084 Conturbatos
1651 4011 1774 4085 eadem
1800 4012 1954 4084 hominis
1976 4015 2132 4086 amentia
2162 4017 2276 4087 tenuit

568 4229 570 4232 Ι
644 4137 856 4224 haereticos;
894 4140 1025 4212 veritos
1059 4141 1223 4223 maxime,
1251 4161 1294 4209 ne
1318 4137 1386 4233 ipsi
1408 4143 1588 4208 auctorem
1617 4136 1783 4208 facinoris
1813 4137 2028 4210 subornasse
2054 4139 2271 4213 viderentur.

643 4258 884 4335 Anteveniunt
916 4270 1105 4359 propterea
1127 4262 1311 4359 judicium,
1350 4261 1559 4356 culpamque
1593 4283 1732 4332 omnem
1767 4281 1789 4330 a
1824 4282 1861 4332 se
1892 4267 2070 4334 avertunt.
2096 4259 2274 4336 Postridie

644 4384 716 4458 adit
745 4389 889 4460 Patrem
911 4412 1000 4461 reus
1030 4412 1109 4460 cum
1130 4387 1223 4460 lecto
1245 4399 1290 4459 ex
1314 4387 1398 4461 aula
1427 4385 1578 4480 palatini
1596 4382 1774 4469 sodalitio,
1809 4393 1843 4457 et
1873 4384 2008 4479 aliquot
2029 4385 2186 4458 indidem
2216 4387 2274 4459 vel

642 4508 785 4582 aliunde
807 4511 964 4584 invitatis
998 4512 1299 4607 deprecatoribus,
1324 4509 1526 4582 hominibus
1544 4508 1740 4589 catholicis,
1761 4507 1968 4580 ebrietatem
1986 4519 2141 4594 excusat,
2153 4510 2274 4582 delicti

642 4635 781 4707 veniam
817 4643 895 4708 orat
927 4638 1144 4732 suppliciter.
1170 4639 1312 4731 Sharga
1333 4636 1513 4708 hominem
1535 4634 1694 4729 perinde,
1716 4655 1758 4704 ac
1780 4634 1811 4705 si
1834 4657 1904 4706 non
1931 4635 2025 4708 malo
2061 4635 2125 4708 sed
2158 4637 2273 4708 hono·

641 4757 740 4831 ribus
770 4765 943 4831 mactatus
968 4768 1075 4844 esset,
1099 4760 1254 4855 benigne
1285 4760 1425 4854 accipit,
1450 4765 1667 4853 monetque:
1691 4785 1708 4817 a
1736 4780 1774 4828 se
1805 4757 1945 4852 quidem
1968 4760 2118 4852 gratiam
2141 4760 2269 4855 culpae,

645 4911 661 4941 κ
684 4904 788 4977 quam
807 4883 858 4954 ita
879 4883 957 4977 ipse
973 4907 1052 4956 cum
1069 4884 1250 4957 sodalibus
1274 4885 1347 4956 suis
1367 4891 1509 4954 vocaret
1532 4881 1715 4966 albertus,
1741 4880 1893 4953 libenter
1922 4879 2061 4954 facere:
2096 4884 2127 4954 si
2151 4893 2269 4956 tamen

644 5035 660 5066 v
681 5005 786 5101 culpa
809 5014 844 5079 et
864 5028 990 5079 revera
1009 5008 1130 5102 gravis
1153 5007 1213 5079 illa
1242 5007 1384 5104 populo,
1410 5006 1562 5078 maxime
1585 5005 1772 5090 catholico,
1807 5011 1901 5076 esset
1931 5004 2080 5078 offensio
2099 5032 2107 5091 ;
2133 5007 2271 5080 videret

644 5161 659 5191 u
681 5131 836 5226 prudens
854 5133 1074 5228 deprecator,
1094 5131 1154 5227 qui
1168 5131 1317 5227 exempli
1335 5134 1466 5204 iactum
1483 5155 1554 5204 non
1572 5131 1693 5226 optimi
1724 5129 1930 5225 corrigeret,
1957 5129 2153 5226 quibusque
2175 5131 2270 5204 idem

646 5287 663 5318 κ
683 5256 763 5328 aliis
781 5258 863 5330 inde
885 5257 1042 5331 melioris
1059 5256 1165 5329 famae
1182 5257 1402 5329 documentis
1424 5256 1595 5330 aboleret.
1624 5291 1640 5322 n
1667 5256 1720 5326 Ea
1733 5255 1798 5326 viri
1827 5254 1875 5326 ad
1899 5255 2153 5349 ignoscendum
2181 5256 2267 5330 faci·
