4930 6634
696 784 805 846 00000
828 783 993 848 0000000
1014 783 1223 861 (raso-asro).
1335 863 1338 870 ¹
1719 779 1781 845 ara

158 964 420 1065 Sayszkorshii,
441 963 611 1050 collectae,
641 964 824 1061 Sociisque
849 967 1022 1041 restitutae
1050 962 1174 1059 templi
1204 964 1398 1057 domusque
1426 959 1602 1056 reliquiae.
1633 962 1784 1036 Reditus
1809 975 1873 1031 roso

160 1093 343 1168 Sociorum
372 1115 545 1166 concursu
575 1092 704 1165 civium
721 1116 853 1188 magno
882 1094 1078 1190 plausuque
1105 1090 1338 1165 exultantium
1375 1089 1584 1163 celebratus.
1619 1091 1784 1164 Gratula-

160 1218 291 1291 bantur
307 1239 445 1314 quoque
457 1218 550 1290 inter
568 1239 607 1290 00
628 1216 857 1292 Varmienses
870 1217 1047 1303 catholici,
1064 1215 1157 1311 quod
1169 1214 1275 1287 fidem
1289 1215 1364 1287 Deo
1378 1213 1414 1284 in
1432 1213 1589 1288 Ecclesia
1611 1215 1785 1289 catholica

160 1348 378 1426 0000000001,
399 1341 607 1415 0000100110
633 1343 803 1416 adversus
820 1342 1067 1416 haereticorum
1079 1339 1222 1412 fraudes
1235 1345 1271 1411 et
1284 1337 1478 1433 Opesteini,
1500 1338 1633 1411 Suetici
1646 1339 1783 1412 cancel»
1810 1355 1914 1412 civim
1926 1354 1956 1410 fi·

162 1465 246 1538 10011
262 1466 392 1552 minas,
410 1467 627 1540 communiti.
645 1467 759 1540 Nemo
782 1490 826 1540 ea
842 1472 1049 1562 tempestate
1066 1486 1156 1536 unus
1169 1461 1515 1556 Brunsbergensium
1529 1461 1782 1558 deprehensus,
1810 1434 1957 1568 Smin

161 1591 234 1686 qui,
254 1591 371 1688 spatio
385 1612 559 1664 annorum
572 1591 719 1685 amplius
745 1614 884 1676 novem,
905 1591 949 1662 10
967 1589 1030 1663 illa
1047 1588 1137 1661 dura
1155 1586 1372 1682 captivitate,
1390 1609 1412 1660 0
1430 1593 1522 1658 coetu
1540 1583 1697 1659 fidelium
1720 1603 1785 1660 suo

161 1713 207 1785 ad
222 1723 342 1788 castra
369 1715 618 1789 haereticorum
634 1715 895 1812 transfugisset.
917 1715 1142 1808 Receperunt
1168 1691 1318 1804 Collegii
1348 1709 1485 1784 001000
1511 1710 1586 1784 ΡΡ.
1619 1709 1783 1784 Andreas

166 1837 367 1934 Klingerus
385 1847 422 1913 et
438 1840 558 1912 Simon
572 1838 742 1914 Berendt.
1877 1885 1909 1941 ,Δ

211 1962 452 2036 Varsaviense
470 1962 679 2058 Collegium,
707 1962 859 2035 nobilem
877 1960 1009 2055 enegio
1036 1979 1206 2054 gyneoaeo
1233 1955 1421 2052 virginem,
1447 1957 1590 2052 Ordinis
1606 1959 1719 2033 nostri
1746 1959 1782 2032 in
1814 1968 1914 2058 110010

162 2087 288 2181 primis'
310 2085 568 2172 observantem,
589 2088 748 2181 beneque
778 2087 821 2158 de
852 2085 1027 2158 Societate
1044 2081 1219 2166 meritam,
1253 2081 1420 2155 Ursulam
1437 2082 1599 2178 MeJerin,
1632 2107 1652 2157 e
1681 2085 1786 2180 peril·
1812 2047 1937 2180 ffiffl,

164 2208 269 2283 lustri
299 2209 433 2283 familia
470 2210 656 2312 Bavarica,
684 2210 862 2281 alumnam
895 2208 1031 2302 reginae
1064 2189 1287 2279 000000011εο
1321 2207 1562 2293 carissimam,
1593 2210 1661 2281 hoc
1695 2231 1789 2281 anno
1815 2203 1959 2304 staticus..

165 2334 370 2438 extinctam,
390 2334 560 2406 meminit.
581 2334 668 2429 Ejus
682 2331 832 2428 Collegii
849 2331 972 2404 Socios
986 2330 1060 2415 illa,
1077 2330 1242 2424 quamdiu
1259 2330 1432 2405 habitavit
1444 2332 1642 2418 Varsaviae,
1658 2334 1790 2430 insigni

163 2456 296 2551 pietate
318 2455 540 2530 sustentabat
556 2482 564 2541 ;
586 2457 730 2529 nuncin
748 2457 927 2541 amictum,
947 2454 1051 2528 modo
1069 2455 1106 2525 in
1123 2455 1266 2542 victum,
1283 2464 1367 2551 quot
1378 2457 1477 2530 feriis
1496 2459 1605 2532 sextis
1623 2460 1786 2544 maxime,

165 2581 476 2678 offerendocujus
489 2581 747 2655 benevolentiae
761 2585 923 2657 00000100
939 2606 1003 2656 rex
1019 2578 1239 2678 Vladislaus,
1260 2604 1304 2655 cx
1320 2583 1426 2654 rebus
1444 2581 1599 2670 Ursulae,
1622 2604 1686 2678 per
1699 2606 1790 2655 mor-

163 2713 238 2780 tem
250 2705 396 2790 relictis,
412 2727 537 2779 novem
559 2705 669 2778 millia
689 2729 869 2780 nummum
891 2706 1100 2780 nostratium
1118 2711 1154 2776 et
1174 2717 1289 2776 rosam
1310 2729 1467 2793 auream,
1479 2707 1525 2778 ab
1547 2705 1692 2779 Urbano
1702 2707 1790 2780 Vlll

166 2831 325 2915 missam,
346 2830 509 2904 Vilnensi
541 2831 753 2904 novitiorum
779 2831 897 2905 domui
925 2829 1134 2911 transmisit,
1178 2827 1352 2902 Ursulani
1380 2837 1548 2904 executor
1585 2831 1665 2926 pius
1686 2838 1794 2905 testa·
1820 2823 1908 2882 ⁰⁸¹⁰¹i
1925 2825 1955 2879 et

1819 2904 1910 2970 Anna,
2043 2917 2047 2924 ·

165 2954 291 3025 menti.
312 2954 400 3034 Quae
434 2952 526 3025 dona
549 2953 759 3028 educatriois
790 2977 865 3027 0000
892 2979 934 3028 ac
959 2956 1141 3052 magistrae
1159 2948 1321 3040 Carolus,
1356 2959 1519 3053 00100000
1549 2955 1681 3052 regius,
1714 2979 1796 3030 cum·
1819 2981 1918 3052 pancr-

166 3078 275 3151 Anna
299 3101 421 3151 sorore
451 3101 517 3152 000
537 3081 617 3153 01110
634 3081 672 3152 10
689 3080 765 3153 dios
790 3079 938 3174 ahisque
954 3080 1027 3152 suis
1052 3081 1232 3157 beneficiis
1250 3079 1465 3170 cumrdabat,
1486 3080 1524 3152 in
1551 3081 1672 3155 Socios
1702 3081 1793 3154 Var·
1818 3075 1950 3210 {m

168 3201 355 3275 savienses
372 3201 553 3299 prolixior.
1818 3221 1965 3280 0000000·

221 3321 410 3418 Antiquam
428 3325 450 3397 J
453 3325 656 3420 agellorum
674 3325 806 3410 sedem,
836 3325 1030 3421 principem
1062 3326 1251 3415 Lituaniae,
1273 3324 1491 3400 carissimam
1508 3325 1701 3422 majoribus
1720 3327 1794 3402 0010
1818 3303 1868 3358 ⁶⁸·
1885 3389 1918 3442 22

165 3447 308 3534 urbem,
329 3447 472 3521 Vilnam
489 3471 553 3524 rex
569 3447 786 3536 Vladislaus,
802 3471 884 3523 vere
902 3457 1065 3536 exeunte,
1079 3449 1209 3525 invisit.
1232 3451 1314 3524 Jam
1331 3450 1370 3522 in
1387 3451 1485 3534 urbe,
1503 3449 1722 3546 Sigismundi
1740 3452 1793 3525 Ill
1824 3466 1907 3526 0000
1963 3482 1966 3494 .

164 3572 329 3666 parentis
347 3573 401 3644 001
418 3572 560 3668 suisque
576 3573 745 3668 impensis
763 3572 873 3668 regiis
889 3573 1144 3646 exaedificatum
1159 3583 1236 3650 0001
1253 3573 1300 3648 ad
1316 3573 1484 3668 templum
1498 3573 1701 3648 cathedrale
1715 3575 1794 3648 divo
1823 3545 1970 3685 ffljm

166 3694 346 3769 Casimiro
363 3696 554 3783 sacellum;
579 3719 620 3770 eo
644 3697 817 3770 translata
834 3705 916 3769 sunt
933 3721 953 3771 e
970 3697 1167 3770 conditorio
1188 3697 1299 3772 veteri
1317 3717 1419 3770 sacra
1430 3695 1582 3791 virginei
1599 3719 1682 3770 ossa
1702 3698 1796 3792 prin·
1824 3705 1858 3797 Β.Ι
1875 3701 1953 3797 0001·

163 3819 275 3915 cipis,
312 3826 387 3892 tota
415 3845 524 3918 prope
554 3821 720 3894 Litnania
749 3820 916 3917 indigetis
941 3822 1157 3918 triumphum
1182 3820 1239 3893 sui
1268 3818 1481 3892 celebrante.
1516 3819 1637 3894 Idibus
1667 3821 1798 3894 mensis
1823 3797 1954 3920 fflss}

163 3943 323 4030 sextilis,
343 3951 428 4016 ante
443 3946 647 4040 vespertina
672 3945 813 4039 pietatis
843 3945 969 4028 officia,
987 3945 1091 4018 elatae
1113 3942 1796 4040 101100000110010001100000010000-
1822 3939 1970 3997 ¹¹⁰⁰0¹ifl⁰0·

163 4075 280 4153 mate,
300 4078 417 4142 erecto
437 4070 473 4141 in
489 4070 604 4142 medio
619 4069 787 4154 basilicae,
811 4091 897 4142 auro
914 4069 1133 4164 gemmisque
1150 4076 1185 4142 et
1201 4067 1403 4140 artificiosis
1421 4066 1565 4162 ignibus
1588 4067 1794 4155 collucente,
1930 4041 1933 4052 ¹

162 4216 191 4264 a
206 4192 427 4288 principibus
449 4217 493 4267 ex
510 4194 634 4267 ordine
649 4194 827 4266 senatorio
841 4193 925 4266 viris
939 4193 1134 4266 collocatae.
1154 4194 1292 4289 Vesper
1312 4199 1454 4286 totaque
1484 4213 1555 4263 nox
1581 4214 1798 4286 consequens
1824 4163 1938 4303 ξῐξῃξῗξ

161 4317 325 4391 illustris
354 4319 420 4390 suit
440 4302 711 4415 triumphalibus
726 4317 868 4413 ignibus
886 4318 973 4391 urbe
992 4326 1068 4391 tota
1084 4343 1093 4404 ;
1114 4319 1152 4390 10
1172 4316 1284 4391 officia
1305 4317 1448 4411 pietatis
1467 4317 1650 4411 assignata
1678 4316 1801 4391 ordine
1826 4329 1898 4420 0000
1913 4324 1973 4380 vide

166 4443 451 4518 succedentibus
464 4445 613 4528 clericis,
629 4443 807 4538 religiosis
820 4441 977 4525 familiis,
994 4441 1203 4515 academicis
1222 4448 1257 4514 01
1282 4440 1402 4513 0101010
1418 4439 1604 4513 sodalitiis.
1623 4441 1715 4515 XIX
1725 4441 1797 4516 hal.
1829 4410 1975 4546 ffiffiffl

168 4569 414 4662 septembres,
436 4570 481 4642 ab
499 4577 578 4641 ortu
596 4569 642 4640 ad
659 4566 855 4652 meridiem,
871 4567 1090 4640 continenter
1107 4566 1156 4638 ad
1182 4589 1261 4638 aras
1280 4587 1401 4638 omnes
1430 4566 1505 4638 Deo
1523 4588 1546 4637 a
1562 4565 1804 4639 sacerdotibus
1831 4565 1960 4662 sisiani

163 4691 322 4764 litatum
339 4717 348 4778 ;
368 4701 544 4789 postremo
563 4692 786 4765 Vilnensium
802 4690 998 4786 episcopus,
1019 4688 1244 4762 Abrahamus
1273 4688 1431 4785 Woyna,
1448 4688 1659 4762 sacrificium
1677 4687 1803 4763 decan·
1829 4660 1978 4796 fflffi

164 4815 292 4901 tavit;
321 4817 414 4889 inter
431 4818 498 4888 hoc
511 4815 712 4890 concionem
739 4814 860 4888 habuit
885 4838 904 4888 e
928 4814 1076 4908 collegio
1094 4813 1303 4886 antistitum.
1324 4812 1357 4883 Α
1379 4813 1539 4902 meridie,
1560 4813 1806 4910 inpraesentia
1830 4807 1901 4865 uba.

163 4939 357 5015 Vladislai
370 4939 479 5033 regis,
501 4946 535 5012 et
553 4941 686 5012 sororis
704 4963 780 5012 suae
790 4939 905 5012 Annae
920 4938 1135 5023 Catharinae,
1152 4959 1194 5010 ac
1207 4959 1391 5031 procerum
1409 4935 1606 5034 frequentia
1623 4947 1659 5012 et
1671 4937 1804 5035 populi,

165 5065 284 5140 dicta
300 5063 344 5139 de
359 5062 524 5136 laudibus
536 5062 642 5135 Beati
668 5063 829 5136 Casimiri
846 5085 868 5134 a
885 5062 927 5135 P.
948 5062 1088 5136 Mathia
1102 5060 1286 5135 Sarbiecio
1304 5061 1403 5155 regio
1430 5063 1677 5149 concionatore
1694 5060 1808 5137 latina

165 5188 313 5266 oratio.
336 5186 497 5261 Eundem
513 5187 741 5282 triumphum,
762 5185 913 5258 oratorio
940 5209 962 5258 a
988 5209 1026 5259 se
1052 5192 1227 5281 comptum
1245 5183 1351 5279 stylo,
1372 5208 1464 5259 anno
1482 5186 1696 5282 insequenti,
1712 5186 1808 5282 prin·

1679 5309 1712 5368 ro
