4936 6658
698 797 760 868 406
1401 815 1633 880 trenuotcus.

698 999 855 1096 corporis
871 1003 1046 1099 respicere
1067 1029 1075 1078 ε
1096 1027 1210 1094 orare,
1230 1030 1316 1103 quos
1332 1016 1466 1104 posset,
1480 1010 1582 1106 copia
1600 1009 1669 1084 sibi
1682 1009 1875 1086 sacerdotis
1891 1007 1944 1080 uti
1959 1006 2073 1080 fieret.
2092 1003 2217 1078 Multis
2234 1004 2322 1078 hinc

697 1111 910 1205 quaerendus
935 1122 1012 1188 erat
1040 1115 1224 1191 itineribus
1253 1118 1415 1192 catholici
1443 1120 1532 1194 ritus
1560 1121 1754 1220 presbyter.
1781 1120 1879 1215 Ergo
1905 1117 2045 1214 aliquis,
2079 1115 2140 1212 qui
2169 1116 2319 1212 propius

698 1218 832 1307 aderat,
853 1223 1078 1300 eschismate
1111 1227 1285 1302 Photieno
1316 1231 1532 1305 sacrificulus
1549 1233 1751 1308 accersitur.
1781 1230 1815 1303 A
1839 1229 1932 1302 malo
1949 1229 1993 1314 is,
2010 1228 2129 1310 oredo,
2154 1227 2319 1301 daemone

699 1329 932 1422 subornatus;
962 1337 1020 1432 qui
1033 1361 1102 1424 me,
1130 1339 1254 1436 inquit,
1270 1342 1315 1416 ab
1336 1343 1419 1417 ovili
1445 1343 1574 1418 Christi
1591 1342 1776 1418 abductum
1794 1341 1839 1415 ed
1857 1347 2016 1414 errantes
2030 1338 2150 1413 Photii
2167 1359 2313 1434 greges,

700 1440 736 1514 in
754 1445 1003 1540 sempiternum
1020 1458 1160 1547 raperet
1180 1451 1372 1528 interitum.
1394 1455 1437 1527 ld
1453 1477 1532 1529 eum
1556 1478 1620 1551 per
1648 1477 1749 1529 suum
1761 1451 1952 1537 flaminem,
1972 1449 2091 1536 credo,
2107 1457 2312 1524 attentasse.

700 1555 826 1629 Oranti
843 1579 945 1632 sacra
969 1562 1124 1636 remedia
1140 1565 1285 1660 negavit
1300 1565 1449 1661 praecise
1464 1551 1605 1661 impius,
1625 1587 1664 1640 se
1693 1565 1779 1639 mihi
1791 1563 1889 1662 prius
1902 1562 2069 1637 salutaris
2087 1560 2192 1635 officii
2212 1559 2314 1657 qnid·

698 1689 803 1766 quam
819 1676 1079 1766 praestaturum,
1100 1697 1205 1770 quam
1222 1699 1322 1751 suam
1339 1679 1464 1752 fuerim
1481 1678 1601 1752 Photii
1617 1678 1781 1753 baeresim
1798 1677 1987 1774 professus.
2010 1674 2225 1770 Impetrasse
2239 1695 2314 1746 non

695 1777 909 1878 potuitquae
928 1782 1003 1857 Deo
1020 1786 1137 1880 gratia
1149 1787 1207 1874 sit,
1225 1787 1318 1883 quod
1331 1812 1353 1861 a
1364 1812 1420 1863 me
1438 1788 1622 1886 flagitabat
1639 1789 1753 1864 malus
1766 1787 1904 1885 genius.
1920 1786 2011 1859 Mihi
2028 1785 2146 1881 itaque
2161 1808 2219 1858 me
2234 1785 2313 1858 ino·

694 1912 774 1986 pem
791 1890 962 1968 destituit.
993 1896 1039 1969 Et
1058 1897 1134 1993 jam
1152 1919 1340 1995 oppressus
1364 1900 1487 1972 morbo
1513 1900 1666 1973 animam
1692 1901 1855 1998 agebam.
1878 1895 2031 1970 Grandis
2045 1894 2186 1969 interim
2202 1917 2309 1970 scena

694 2001 805 2076 oculis
823 2005 986 2100 objicitur
1010 2014 1046 2080 et
1062 2008 1238 2083 theatrum
1253 2009 1425 2085 terribile.
1445 2009 1575 2085 Videre
1589 2010 1675 2084 mihi
1695 2010 1842 2086 videbar
1858 2015 1941 2082 ante
1958 2006 2114 2081 tribunal
2130 2007 2310 2102 augustis·

694 2114 819 2189 simum
844 2115 1102 2191 sordidatorum
1118 2120 1269 2208 turbam,
1299 2129 1400 2218 atque
1412 2122 1470 2196 hic
1487 2122 1702 2202 exclamasse
1718 2123 1888 2198 arbitrum
1908 2144 1917 2193 ε
1938 2119 1995 2192 hic
2013 2118 2120 2192 etiam
2137 2117 2194 2192 cui
2215 2141 2310 2192 com·

694 2247 798 2300 mune
816 2234 894 2301 erat
910 2250 989 2301 cum
1018 2229 1164 2304 Jesuitis
1182 2230 1378 2320 consilium,
1411 2233 1536 2307 adestl
1563 2233 1744 2310 Percussit
1766 2233 1922 2308 animum
1947 2253 1990 2304 ea
2006 2252 2087 2302 vox.
2107 2229 2196 2302 Diea
2224 2230 2310 2302 mihi

693 2334 841 2432 impingi
859 2337 949 2411 visa.
978 2339 1100 2436 ltaque
1124 2363 1187 2436 per
1202 2343 1280 2438 ejus
1292 2367 1423 2418 cuneos
1440 2342 1673 2417 multitudinis
1689 2346 1734 2418 ad
1747 2349 1972 2440 conspectum
1992 2341 2014 2415 J
2019 2339 2129 2413 udicis
2155 2345 2309 2413 tremens

696 2447 830 2535 enitor,·
843 2447 1083 2546 eluctatusque
1106 2453 1199 2527 inter
1215 2477 1295 2528 reos
1308 2458 1475 2529 consisto.
1493 2456 1665 2528 Immensa
1682 2455 1740 2534 hic
1758 2457 1896 2552 objecta
1911 2453 2060 2527 duorum
2078 2450 2310 2525 assidentium

696 2560 881 2656 majestas;
897 2569 1004 2659 atque
1015 2564 1141 2639 horum
1153 2565 1241 2640 altor
1262 2591 1269 2639 :
1288 2566 1395 2654 hunc,
1410 2566 1537 2663 inquit,
1557 2567 1702 2640 missum
1718 2567 1810 2642 facio
1828 2591 1836 2640 :
1853 2565 1985 2640 redeat.
2005 2563 2062 2637 Ad
2078 2563 2169 2650 haec,
2185 2585 2307 2659 exper-

695 2679 791 2746 recto
803 2673 939 2762 similis,
959 2685 1104 2774 repente
1117 2677 1336 2752 convalesco.
1352 2677 1462 2761 Vivit,
1482 2678 1620 2774 opinor,
1640 2678 1744 2754 homo
1757 2679 1830 2764 ille,
1855 2677 1967 2773 inquit
1984 2675 2137 2770 Skarga,
2153 2675 2310 2772 mihique

694 2783 794 2857 testis
810 2784 936 2859 adesse
949 2793 1064 2882 polest
1076 2811 1209 2872 eorum,
1229 2810 1309 2883 quae
1321 2788 1378 2863 hic
1394 2789 1487 2862 bona
1503 2789 1573 2863 fide
1590 2791 1745 2890 narravi.
1777 2826 1793 2864 s

742 2897 881 2972 Annuae
907 2899 1056 2996 Collegit
1072 2900 1302 2998 Derpatensis
1332 2901 1489 3000 insignes
1513 2904 1646 2978 habent
1662 2903 1848 2990 huotus,a
1872 2899 1985 2974 Sociis
2001 2897 2112 2972 lectos
2125 2896 2312 2972 exanimis

694 3008 834 3082 civium.
863 3010 1052 3099 Narratur,
1082 3013 1280 3109 dispersum
1297 3037 1376 3089 esse
1400 3015 1446 3087 ab
1467 3015 1640 3100 hostibus,
1668 3037 1688 3089 e
1714 3014 1828 3090 uicino
1852 3011 2079 3096 irruentibus,
2096 3008 2308 3105 Collegium.

743 3118 877 3193 Ibidem
911 3130 1088 3209 narratur,
1120 3125 1295 3200 Mittaviee
1320 3126 1525 3200 haereticum
1566 3127 1765 3224 quemdam,
1796 3125 1928 3201 caedem
1958 3121 2153 3198 sacerdotis
2190 3122 2308 3198 nostri

692 3232 927 3323 anhelantem,
948 3244 1092 3334 repente
1104 3245 1288 3314 mutatum.

1118 3411 1220 3548 *so
1264 3409 1511 3509 niseum
1556 3420 1610 3509 ιν
1641 3415 1737 3514 oar·
1773 3411 1866 3511 190)-

734 3649 804 3724 An.
830 3641 936 3726 1599.
952 3649 1152 3746 Disputatio
1165 3653 1427 3738 nostrorum,in¹
1435 3653 1557 3749 primis
1570 3655 1614 3728 P.
1630 3652 1776 3728 Martini
1790 3649 1982 3748 Smiglecki
1994 3674 2073 3726 cum
2086 3647 2310 3738 calvinianis,

687 3759 725 3833 in
737 3761 859 3859 primis
877 3785 954 3836 cum
971 3761 1131 3838 ministro
1145 3765 1221 3860 ejus
1244 3787 1435 3862 synagogae
1457 3766 1605 3841 Daniele
1622 3764 1907 3850 Mikolaiewski;
1927 3763 1986 3860 qui
2007 3761 2147 3848 deinde,
2161 3758 2313 3834 vulnera

608 3911 610 3914 ·
687 3895 751 3947 ena
764 3872 917 3968 lingens,
938 3873 1047 3946 edidit
1071 3875 1264 3950 mendaciis
1276 3877 1442 3951 refertam
1454 3878 1654 3974 apologiam
1672 3879 1726 3951 eui
1744 3875 1959 3960 certaminis,
1976 3897 2081 3971 qnam
2097 3871 2306 3968 inscripsit:

685 3983 893 4068 Disputace'a
915 3981 1101 4062 Wdensba,
1113 3983 1311 4052 hieremiel
1320 3987 1511 4054 X.Morcin
1523 3984 1797 4073 SmiplcckizX.
1811 3983 1990 4050 Danielem
2010 3979 2310 4048 Mikoloiewskim

684 4089 784 4173 stupa
807 4089 913 4154 slowa
934 4087 1094 4174 Bozepo:
1130 4087 1173 4156 dc
1201 4089 1369 4156 Primatu
1396 4090 1507 4168 Petri,
1529 4110 1552 4157 a
1584 4109 1605 4157 o
1628 4089 1760 4176 jednep
1785 4085 1956 4168 widomey
1986 4083 2110 4170 plowie
2142 4081 2312 4150 Kosciola

685 4199 820 4284 Bozepo
832 4193 878 4290 (r).
899 4193 990 4266 Dnia
1003 4194 1040 4267 2.
1060 4194 1224 4268 Czerwca
1236 4218 1273 4266 w
1288 4195 1395 4270 Roku
1410 4197 1515 4273 1599.
1541 4195 1582 4268 ld
1599 4203 1676 4268 est:
1698 4194 1894 4289 Disputatio
1906 4190 2087 4264 Vilnensis
2104 4210 2208 4284 quam
2227 4213 2311 4262 cum

685 4303 832 4378 Daniele
851 4302 1112 4379 Mikolaiewslri
1129 4307 1227 4379 verbi
1241 4307 1349 4379 divini
1362 4307 1520 4379 ministro
1532 4306 1657 4380 habuit
1670 4305 1844 4378 Martinus
1858 4301 2062 4398 Smiglechi,
2080 4301 2123 4375 de
2150 4298 2311 4395 primatu
2456 4299 2457 4315 ¹

685 4412 783 4490 Petri
802 4415 897 4491 etde
914 4415 1016 4490 unico
1028 4416 1143 4514 capite
1162 4416 1292 4495 visibili
1309 4417 1479 4492 Eoolesiae
1492 4417 1571 4492 Dei.
1587 4416 1653 4492 Die
1667 4417 1691 4490 2
1703 4413 1785 4513 julii
1799 4439 1842 4489 an
1855 4415 1962 4492 1599.

1069 4689 1071 4694 .
1142 4625 1221 4715 nn
1261 4627 1507 4718 nissum
1550 4629 1585 4718 u
1621 4625 1715 4724 oae-
1746 4599 1862 4720 eoa

728 4831 785 4907 Ad
813 4833 918 4907 1604.
947 4833 988 4906 ln
1014 4833 1247 4908 translatione
1263 4835 1344 4909 Divi
1371 4837 1533 4912 Casimiri
1560 4836 1755 4933 triumphus
1776 4836 1884 4911 totins
1901 4836 2017 4933 gentis
2035 4834 2306 4924 celeberrimus,

677 4945 806 5020 diserte
830 4945 1025 5040 descriptus
1044 4953 1133 5020 esta
1151 4949 1295 5029 Quirino
1313 4948 1500 5047 Onoglero.
1527 4950 1619 5024 Vide
1656 4950 1784 5023 librum
1800 4949 2004 5046 inscriptum
2028 4973 2036 5022 :
2057 4959 2246 5026 Theatrum
2262 4957 2306 5027 S.

681 5055 891 5126 Oosimiri...
921 5061 955 5122 et
984 5056 1136 5124 illustris
1167 5075 1305 5144 pompa·
1339 5059 1377 5124 in
1407 5057 1555 5125 solenes
1582 5059 1738 5142 ejusdem
1766 5057 1998 5143 Apotheoseos
2030 5052 2305 5128 instauratione,

680 5153 798 5229 vilra
811 5153 985 5228 tituanie
998 5155 1196 5252 metropoli,
1210 5155 1257 5230 V.
1270 5157 1354 5230 Idus
1366 5157 1462 5243 maii,
1472 5178 1567 5230 anno
1583 5155 1866 5242 1604instituta;
1891 5153 2063 5227 otlibrum
2078 5157 2308 5243 msamptue

610 5319 611 5322 ’
715 5303 757 5389 (1)
774 5304 853 5392 [llee
867 5309 905 5372 ita
920 5307 1010 5372 minua
1025 5313 1103 5370 recto
1122 5309 1246 5386 quidem,
1262 5309 1458 5372 deficientibus
1473 5309 1546 5385 typis
1562 5307 1669 5369 Polono
1683 5307 1807 5369 sermoni
1822 5299 1969 5386 propriis}
2004 5297 2007 5301 ’
