4930 6634
653 707 714 776 320
923 771 924 774 ,
1043 711 1325 777 ΠΤΙΙΛΝΙΟΑἮΙΙΜ
1345 713 1561 778 8001ΕΤΑΤ18
1580 714 1667 778 JESU
1689 713 1942 776 lllS'lOllldllUltl

480 906 543 963 reru
657 916 735 965 mm
761 893 912 992 hospitio
929 903 1165 992 peramanter,
1201 921 1279 970 cum
1305 921 1368 972 suo
1398 897 1525 972 comite
1547 897 1770 992 Szembergo,
1790 897 1890 993 regio
1921 896 2096 972 Vladislai
2125 907 2279 974 secreta·

658 1015 725 1099 rio,
746 1017 781 1088 in
795 1017 977 1114 religionis
995 1021 1137 1115 negotio
1151 1023 1195 1094 ad
1208 1044 1330 1116 regem
1346 1023 1569 1095 Persaruma
1588 1021 1733 1094 Polonis
1747 1028 1901 1093 oratore.

482 1187 513 1244 1².
533 1161 651 1244 aslon-⁶
708 1139 739 1212 Ε
758 1139 915 1236 Collegio
934 1142 1185 1216 Smolenscano
1210 1145 1257 1216 ad
1271 1168 1418 1239 regnum
1441 1152 1658 1217 mortuorum
1684 1143 1771 1216 abiit
1797 1144 1838 1216 P.
1868 1144 2027 1218 Joannes
2056 1143 2276 1231 Jalovskius,

483 1266 535 1322 suu
553 1263 605 1320 0¹⁰·
664 1285 723 1337 an.
743 1265 832 1340 1611
853 1293 861 1352 ;
886 1289 954 1360 quo
971 1267 1008 1338 in
1026 1267 1161 1352 urbem,
1182 1269 1289 1340 armis
1301 1269 1513 1342 Polonorum
1526 1277 1717 1363 receptam,
1733 1269 1891 1342 ecastris
1904 1267 2185 1364 Sigismundilll
2198 1294 2279 1343 cum

659 1386 784 1473 Sociis,
800 1388 922 1483 primis
952 1389 1027 1484 ejus
1056 1390 1203 1464 coloniae
1233 1392 1422 1478 satoribus,
1455 1392 1722 1486 commigrarat;
1750 1414 1863 1465 annos
1881 1393 2102 1466 continenter
2124 1395 2278 1467 tricenos

484 1345 569 1416 glum

658 1510 808 1606 amplius
826 1511 1068 1586 Smolenscani
1086 1513 1202 1588 incola
1217 1514 1397 1602 domicilii,
1418 1525 1582 1590 strenuus
1599 1513 1692 1587 idem
1717 1516 1753 1587 in
1784 1514 1888 1588 vinea
1913 1515 2054 1589 Domini
2079 1517 2273 1612 operarius.

657 1634 776 1708 Multa
787 1635 849 1710 ille
866 1637 1025 1711 hocloco
1044 1639 1117 1733 egit
1134 1646 1170 1712 et
1187 1639 1354 1712 sustinuit
1370 1640 1486 1712 studio
1505 1639 1687 1734 religionis
1701 1639 1899 1712 catholicae.
1920 1639 1970 1712 Ut
1986 1639 2064 1713 haec
2084 1640 2212 1714 civitas
2242 1649 2278 1716 et

657 1765 733 1832 tota
749 1760 930 1854 provincia
947 1762 1268 1856 oppugnationibus
1302 1785 1325 1833 a
1358 1761 1537 1835 Moscovia
1574 1769 1610 1834 et
1638 1761 1836 1834 latrociniis
1867 1769 1969 1835 erant
1998 1761 2139 1850 infesta,
2168 1765 2278 1859 ipsius

485 1886 573 1986 Hujus
584 1904 630 1960 a*
659 1907 797 1978 quoque
814 1885 970 1958 charitas
988 1891 1024 1957 et
1040 1885 1229 1958 tolerantia
1246 1885 1414 1981 gravibus
1433 1886 1662 1959 exercebatur
1692 1886 1870 1960 aerumnis.
1901 1887 2059 1960 Cinctum
2086 1886 2277 1982 aliquando

412 2019 417 2031 ’
485 1973 631 2106 {iffffll
659 2007 841 2081 obsidione
858 2009 1033 2082 civitatem
1050 2018 1149 2082 tanta
1166 2009 1285 2105 inopia
1302 2017 1338 2083 et
1354 2009 1464 2082 fames
1482 2010 1688 2093 incesserat,
1707 2016 1748 2082 ut
1760 2009 1886 2082 incolae
1899 2011 2073 2105 pecudum
2090 2018 2126 2085 et
2143 1997 2275 2084 obscae·

659 2155 784 2203 norum
811 2132 1042 2204 animantium
1072 2133 1302 2232 cadaveribus
1334 2134 1443 2206 vitam
1468 2133 1588 2206 miseri
1619 2107 1825 2206 toleraren't.
1862 2133 1962 2206 Tunc
1991 2134 2151 2208 Joannes
2167 2135 2274 2222 cives,

659 2255 785 2352 quibus
818 2256 916 2329 cibus
951 2263 1163 2353 suppeteret,
1201 2257 1334 2341 obibat,
1374 2256 1610 2341 mendicabat,
1656 2257 1701 2328 ad
1743 2256 2018 2329 misericordiam
2053 2258 2275 2332 hortabatur.

660 2380 838 2476 Quidquid
860 2379 1072 2474 collegisset,
1089 2365 1138 2452 ad
1152 2389 1341 2475 pereuntes
1366 2381 1459 2454 fame
1485 2380 1709 2467 conferebat;
1740 2380 1876 2452 animos
1901 2380 2041 2453 interim
2071 2380 2279 2454 miserorum

659 2509 784 2578 curans
798 2505 989 2601 impensius
1008 2506 1196 2591 exofficio;
1222 2507 1335 2579 siccus
1353 2507 1441 2601 ipse,
1473 2505 1607 2590 aridus,
1639 2512 1674 2577 et
1702 2527 1766 2599 per
1790 2504 1930 2577 labores
1956 2503 2165 2578 tabescens:
2186 2507 2279 2580 inter

660 2651 746 2725 quos
763 2629 952 2725 aliquando
969 2629 1086 2702 animo
1101 2631 1207 2702 etiam
1219 2629 1444 2724 linquebatur
1464 2655 1473 2714 ;
1489 2628 1780 2724 quemadmodum
1811 2627 1951 2710 accidit,
1979 2651 2058 2700 cum
2087 2629 2123 2700 in
2146 2630 2278 2726 templo

660 2752 825 2849 populum
843 2752 1150 2826 concionabundus
1170 2754 1215 2826 ad
1228 2731 1434 2849 patientiam
1451 2761 1487 2828 et
1503 2777 1602 2848 spem
1618 2755 1653 2825 in
1673 2753 1778 2825 rebus
1796 2752 1954 2825 adversis
1971 2753 2187 2837 hortaretur,
2203 2761 2278 2825 tum

661 2886 806 2972 repente
831 2885 1013 2973 correptus
1036 2878 1194 2974 paralysi
1220 2900 1263 2950 ex
1288 2884 1457 2972 suggesto
1483 2876 1642 2963 defluxit,
1667 2899 1709 2949 ac
1735 2899 1800 2972 pro
1822 2875 2030 2948 moribundo
2047 2875 2279 2949 intermanus

663 3000 799 3074 ablatus
816 3028 825 3087 ;
845 3003 1005 3097 perculso
1023 3003 1211 3087 auditorio,
1232 3024 1420 3095 casumque
1445 3001 1520 3074 cari
1549 3001 1709 3094 magistri
1734 3000 1789 3074 sui
1812 2999 2013 3072 miserante.
2048 3001 2211 3086 (iuratus,
2230 3000 2279 3074 ad

662 3127 855 3200 curandam
873 3127 1001 3202 civium
1020 3127 1168 3200 salutem
1186 3125 1291 3199 rediit
1307 3125 1437 3199 alacer.

712 3251 754 3322 ln
771 3251 917 3324 obsessa
933 3251 975 3323 ab
992 3251 1150 3324 hostibus
1163 3251 1250 3323 urbe
1267 3249 1318 3322 sic
1335 3250 1457 3322 aderat
1474 3245 1642 3320 militibus
1661 3245 1793 3332 civicis,
1814 3253 1854 3317 ut
1872 3247 2062 3320 excubaret
2078 3271 2157 3320 cum
2174 3270 2279 3322 excu-

663 3373 841 3459 bantibus,
876 3397 977 3470 opem
1003 3374 1156 3446 divinam
1190 3373 1396 3468 imploraret
1430 3395 1508 3445 cum
1533 3369 1810 3453 defensantibus,
1847 3393 1925 3443 cum
1959 3372 2179 3445 cessantibus
2203 3373 2279 3447 Deo

567 3529 573 3544 ·
665 3497 815 3571 salutem
850 3498 1001 3570 civitatis
1028 3499 1191 3594 precibus
1221 3497 1494 3570 commendaret.
1530 3497 1679 3568 Erectus
1713 3493 1759 3566 ad
1784 3495 2108 3589 circumspectanda
2137 3518 2282 3569 suorum

665 3621 835 3717 pericula,
868 3645 956 3715 quos
974 3622 1215 3716 conspexisset
1232 3622 1382 3705 saucios,
1399 3618 1629 3702 subducebat,
1646 3618 1841 3713 quibusque
1870 3618 1962 3691 foret
1983 3620 2097 3715 copia,
2126 3643 2186 3694 eos
2206 3629 2281 3692 tum

664 3745 774 3818 animi
789 3757 861 3817 tum
874 3746 1029 3840 corporis
1046 3744 1227 3817 medicinis
1245 3744 1439 3818 recreabat.
1463 3744 1551 3824 Quae
1569 3742 1647 3836 ipsa
1662 3743 1683 3814 J
1687 3742 1811 3814 oannis
1828 3741 1985 3814 charitas
1999 3743 2116 3815 acrius
2133 3743 2282 3817 militum

663 3868 809 3952 animos,
830 3890 935 3962 quam
949 3868 1097 3940 classica
1113 3889 1190 3952 sua,
1206 3868 1253 3940 ad
1266 3865 1519 3940 defendendam
1536 3865 1664 3938 civium
1691 3887 1766 3937 rem
1792 3864 1979 3938 excitabat.
2015 3867 2281 3941 Imminentibus

663 3993 797 4066 civitati
813 3991 987 4077 hostibus,
1004 3991 1263 4078 imbecilliores,
1290 4015 1360 4085 qua
1384 3992 1468 4064 data
1489 3997 1604 4085 porta,
1636 3987 1893 4085 profugerant:
1927 3991 2078 4086 repulsis
2103 3991 2277 4078 hostibus,

662 4139 741 4191 cum
757 4115 914 4212 procella
932 4115 1148 4189 detenuisset
1166 4116 1291 4200 omnis,
1307 4116 1353 4187 ad
1371 4138 1437 4188 sua
1452 4115 1598 4211 quisque
1616 4120 1827 4187 remearunt.
1849 4115 1891 4186 ln
1903 4114 1964 4187 illo
1983 4114 2160 4210 diffugioe
2174 4115 2280 4190 rebus

661 4242 698 4313 in
715 4241 803 4316 urbe
819 4239 914 4315 hosti
927 4239 1102 4314 derelictis
1128 4263 1179 4313 ees
1214 4263 1418 4335 campanum
1451 4237 1574 4333 templi
1599 4238 1783 4332 grandius,
1817 4261 1892 4310 rem
1921 4261 2033 4334 nuper
2059 4239 2278 4335 dilapsorum

663 4365 884 4461 quorundam
901 4366 1167 4451 coenobitarum,
1188 4359 1352 4460 depulsor
1368 4363 1522 4435 hostium
1549 4385 1610 4435 rex
1623 4360 1870 4456 Sigismundus
1890 4361 2047 4458 collegio
2065 4365 2259 4438 donaverat
2276 4391 2285 4451 ;

662 4490 900 4585 repetentibus
916 4488 1154 4562 abalienatum
1172 4487 1353 4560 monachis
1370 4487 1517 4581 negavit
1533 4485 1776 4581 praesidiarius
1802 4486 1983 4580 magister.
2020 4487 2106 4560 Cum
2132 4489 2287 4584 pertina-

664 4614 739 4687 cius
755 4621 992 4710 reposcerent,
1015 4643 1032 4674 κ
1053 4613 1150 4706 atqui
1163 4635 1239 4696 vos,
1254 4612 1379 4706 inquit,
1396 4610 1483 4682 boni
1500 4609 1641 4696 Patres,
1664 4607 1742 4704 ipsa
1767 4607 1852 4704 fuga
1875 4619 2007 4696 vestra,
2038 4610 2106 4684 isto
2136 4613 2289 4686 maxime

665 4743 872 4833 &tempora
892 4759 960 4831 quo
977 4735 1080 4809 nobis
1106 4734 1384 4830 periclitantibus
1402 4731 1528 4808 adesse
1557 4754 1620 4804 vos
1652 4733 1822 4827 imprimis
1847 4731 2055 4818 addecebat,
2088 4757 2146 4807 res
2177 4736 2287 4808 etiam

628 4868 629 4879 ’
666 4889 683 4922 κ
703 4869 840 4934 vestras
858 4859 952 4932 hosti
963 4859 1179 4954 prodidistis.
1213 4857 1289 4932 Nos
1316 4856 1459 4940 milites,
1488 4879 1532 4931 ea
1557 4855 1651 4928 civili
1676 4856 1837 4930 adstricti
1865 4857 1947 4951 lege
1976 4857 2037 4954 (1):
2067 4857 2127 4952 qui
2151 4859 2189 4930 in
2210 4859 2289 4934 acie

669 5017 685 5050 κ
705 4986 838 5082 primus
851 4985 972 5080 lugam
988 4982 1123 5069 fecerit,
1142 4983 1380 5078 spectantibus
1395 4981 1577 5067 militibus,
1598 4988 1742 5076 propter
1761 4981 1970 5076 exemplum,
1987 4982 2099 5076 capite
2118 4981 2261 5077 punitor
2277 5009 2286 5067 ;

708 5122 753 5206 (1)
764 5123 798 5183 V.
815 5125 854 5186 id.
865 5123 938 5197 apud
953 5122 1141 5182 Modestinum
1153 5120 1181 5182 J.
1196 5121 1227 5180 C.
