4936 6658
694 788 756 856 362
1084 793 1361 860 LITUANICARUM
1382 797 1594 862 soutarius
1615 799 1701 863 JESU
1723 799 1978 864 fflsvoulluuu

702 1006 718 1039 a
740 984 777 1053 et
793 977 888 1066 vitae,
909 957 946 1052 in
964 978 1143 1054 Christum
1161 989 1423 1057 convertantur.
1442 982 1617 1078 Splendor
1633 982 1694 1057 ille
1712 986 1829 1060 Patris
1850 1011 1921 1060 non
1944 987 2158 1084 dedignatur
2179 989 2322 1062 humili·

703 1135 720 1168 a
740 1114 850 1182 tatem
864 1106 1070 1194 sacerdotis,
1089 1109 1209 1183 ecoelo
1229 1133 1267 1184 se
1290 1110 1507 1200 devorantis,
1540 1134 1653 1208 neque
1682 1112 1771 1185 viles
1788 1112 1869 1184 illas
1899 1113 2062 1209 quaesibi
2086 1113 2323 1187 obtendantur

703 1261 721 1293 ιι
741 1229 910 1329 praesenti
943 1235 1111 1322 cortinae,
1129 1237 1264 1333 species
1277 1237 1376 1334 panis
1396 1245 1432 1310 ct
1448 1237 1542 1310 vini:
1559 1237 1704 1311 tractari
1717 1258 1768 1320 se,
1788 1237 1933 1320 moveri,
1966 1224 2183 1310 circumferri
2208 1237 2323 1309 mani-

703 1387 720 1420 α
741 1357 954 1432 busbomuli
983 1361 1079 1447 sinit,
1109 1371 1211 1458 atque
1235 1363 1305 1437 illis
1329 1365 1538 1460 quandoque
1570 1365 1676 1437 etiam
1705 1361 1866 1457 impuris,
1897 1362 2010 1458 excipi
2036 1386 2097 1437 ore
2122 1362 2259 1458 impuro
2287 1367 2324 1434 et

701 1511 718 1544 a
739 1483 883 1564 mandi:
905 1507 1033 1580 cupere
1052 1508 1090 1558 se
1107 1486 1229 1581 igitur,
1262 1487 1366 1582 idque
1393 1511 1430 1561 se
1456 1495 1671 1574 curaturum,
1703 1495 1755 1572 ut,
1782 1509 1901 1562 amore
1926 1493 2036 1563 tantae
2066 1488 2244 1575 bonitatis,
2273 1487 2321 1560 ab

700 1636 717 1669 a
739 1608 900 1681 omnibus
916 1609 1125 1683 mortalibus
1143 1612 1256 1684 modis
1274 1617 1445 1684 tractetur
1462 1610 1732 1706 indignissimis.
1763 1647 1780 1678 n

517 1737 644 1840 Memoria
743 1734 820 1813 Quo
839 1732 1039 1829 religiosius
1057 1736 1094 1807 in
1113 1737 1274 1810 omnibus
1299 1736 1379 1809 aliis
1405 1744 1619 1821 versaretur,
1640 1721 1707 1809 Dei
1736 1734 1929 1833 praesentis
1950 1736 2155 1808 memoriam
2182 1760 2319 1811 summa

516 1842 646 1961 {252¹oe
694 1880 773 1931 cum
791 1858 990 1931 reverentia
1007 1859 1164 1931 tenebat.
1188 1860 1281 1932 Huic
1294 1882 1377 1931 vero
1396 1867 1547 1933 mentem
1566 1859 1617 1930 sic
1631 1859 1839 1931 assuefecit:
1859 1859 2010 1954 primurn
2032 1858 2172 1952 quidem
2191 1859 2317 1932 inillis

691 1984 797 2058 rebus
814 1985 1014 2057 accuratius
1032 1985 1196 2080 agendis
1216 2009 1295 2082 quae
1317 1986 1469 2058 maxime
1487 1984 1534 2056 ad
1555 1983 1697 2058 laudem
1716 1990 1918 2080 spectarent
1937 1984 2113 2056 divinam:
2135 1984 2262 2058 deinde
2280 1986 2317 2056 in

691 2112 828 2199 mediis,
850 2136 929 2209 quae
960 2113 998 2185 in
1029 2121 1212 2209 utramque
1234 2113 1394 2189 valerent
1423 2123 1583 2211 partem:
1613 2113 1763 2207 denique
1782 2110 1817 2181 in
1845 2111 1971 2206 quibus
1989 2112 2078 2183 nihil
2108 2117 2237 2184 natura
2253 2135 2318 2184 sua

689 2236 823 2310 inesset
838 2236 974 2323 laudis;
994 2236 1104 2311 veluti
1122 2261 1201 2311 cum
1223 2239 1317 2312 vires
1332 2241 1410 2312 cibo
1424 2239 1598 2323 reticeret,
1619 2243 1681 2310 aut
1707 2234 1954 2308 inambularet.
1978 2236 2092 2308 Deum
2114 2235 2165 2309 ita
2182 2243 2317 2331 specta·

688 2368 802 2434 torem
822 2361 906 2433 vitae
927 2385 1002 2434 suae
1019 2361 1086 2434 sibi
1116 2364 1346 2457 proponebat.
1376 2365 1430 2436 Eo
1462 2361 1590 2436 deinde
1617 2360 1868 2436 exercitatione
1895 2359 2059 2454 diligenti
2085 2361 2256 2454 pervenit,
2277 2367 2320 2433 ut

688 2485 783 2558 omni
801 2493 959 2581 tempore
977 2484 1095 2557 omnia
1109 2508 1187 2572 sua,
1208 2487 1369 2559 minimos
1384 2487 1491 2560 etiam
1504 2493 1622 2558 motus
1639 2485 1761 2572 animi,
1782 2508 1862 2559 cum
1888 2486 1926 2558 in
1943 2483 2015 2556 alia
2043 2484 2149 2556 etiarn
2163 2492 2319 2556 mentem

686 2609 836 2685 haberet
863 2609 1047 2694 intentam,
1081 2632 1145 2704 per
1179 2617 1400 2708 conceptum,
1437 2611 1637 2693 durantem,
1671 2618 1707 2684 et
1742 2611 1963 2683 continenter
1999 2615 2212 2681 crescentem
2248 2609 2318 2681 Dei

674 2755 855 2821 amorem,
876 2733 1031 2818 offerret,
1063 2732 1152 2806 illud
1181 2757 1281 2808 suum
1308 2742 1473 2830 repetens
1504 2732 1721 2806 identidem:
1757 2762 1774 2794 κ
1808 2739 1952 2831 propter
1982 2739 2031 2816 te,
2060 2729 2317 2803 amabilissime

689 2891 705 2924 κ
726 2863 836 2948 Deus,
852 2883 973 2933 amore
989 2860 1055 2947 tui,
1074 2883 1094 2934 o
1113 2883 1288 2934 summum
1305 2862 1450 2946 bonum,
1479 2861 1525 2933 ad
1543 2860 1713 2954 majorem
1730 2864 1827 2931 tuam
1856 2857 2019 2952 gloriam.
2045 2891 2060 2924 n
2080 2856 2205 2929 Artem
2221 2856 2317 2928 hanc

683 2988 774 3060 lucri
790 2988 958 3061 salutaris
977 2986 1167 3084 discipulos
1185 2989 1292 3061 etiam
1312 3011 1395 3061 suos
1412 2987 1543 3072 docuit,
1564 3009 1607 3059 ac
1634 2985 1751 3059 Vilnee
1769 2983 1910 3080 quidem
1925 2983 2146 3056 academicos
2163 2984 2213 3056 ita
2230 3006 2314 3056 con-

683 3111 865 3198 docefecit,
887 3116 926 3184 ut
942 3111 1054 3207 pueri,
1083 3111 1270 3185 ludibundi
1290 3113 1408 3198 etiam,
1440 3120 1475 3184 et
1492 3111 1565 3208 pila
1583 3134 1620 3184 se
1647 3116 1862 3196 exercentes,
1896 3131 2069 3182 memores
2086 3108 2227 3182 interim
2245 3107 2315 3180 Dei

508 3215 633 3340 colligit,
683 3237 884 3332 praesentis,
919 3237 1170 3310 Lancicianum
1203 3237 1317 3309 illud:
1339 3244 1482 3332 propter
1512 3243 1548 3310 te
1579 3235 1701 3308 Deus!
1722 3234 1956 3306 clamitarent.
1994 3233 2082 3304 Post
2110 3229 2315 3326 theologica

506 3365 648 3490 2833·
684 3361 800 3434 studia
818 3359 939 3433 datum
961 3361 1112 3435 Nicolao
1127 3363 1307 3458 negotium
1326 3361 1526 3434 excutiendi
1539 3359 1695 3434 Romani
1713 3359 1750 3429 in
1764 3355 1940 3430 domicilio
1954 3355 2192 3450 professorum
2208 3355 2316 3428 tabu-

505 3515 655 3570 riasoeie-
682 3489 776 3574 larii,
805 3495 841 3561 et
867 3487 1147 3584 colligendorum
1178 3496 1466 3584 argumentorum
1500 3487 1660 3560 historiae
1692 3484 1878 3559 Societatis
1908 3484 2010 3569 Jesu,
2031 3505 2094 3578 per
2122 3481 2316 3556 Nicolaum

506 3594 580 3651 utic.
683 3613 919 3687 Orlandinum
937 3614 1203 3687 concinnandae.
1224 3613 1440 3687 sexennium
1457 3612 1496 3683 in
1508 3634 1549 3684 eo
1567 3612 1654 3697 fnit,
1665 3611 1819 3682 maxima
1834 3629 1919 3681 vero
1938 3606 2124 3702 diligentia
2149 3605 2312 3691 notabat,

680 3763 760 3836 quae
778 3741 822 3812 de
840 3739 952 3812 Beato
985 3739 1171 3814 Societatis
1193 3747 1354 3836 parente,
1382 3737 1441 3811 vel
1458 3738 1651 3833 reperisset
1677 3737 1765 3832 ipse,
1794 3733 1851 3808 vel
1868 3733 2008 3806 aliunde
2026 3731 2232 3827 accepisset.
2254 3731 2317 3802 Ex

677 3866 757 3940 istis
787 3864 1013 3939 collectaneis
1044 3867 1242 3939 consectum
1270 3867 1313 3939 de
1331 3866 1403 3938 vita
1427 3865 1548 3939 Sancti
1574 3862 1693 3938 Patris
1724 3861 1931 3959 opusculum
1949 3883 2057 3957 opera
2075 3859 2175 3933 Petri
2200 3858 2318 3932 Riba-

679 3991 824 4066 deneira
838 3990 1015 4064 Toletani.
1038 3992 1135 4065 Inter
1156 3991 1247 4075 haec,
1266 3991 1350 4086 qnid
1364 3991 1519 4064 hominis
1538 3995 1632 4064 esset
1644 3987 1843 4073 Lancicius,
1867 3985 1994 4081 etipse
2012 3985 2189 4058 interdum
2213 3984 2319 4056 Deus

466 4133 468 4136 ’
504 4156 632 4217 ostendit
678 4117 772 4190 caris
807 4117 875 4190 sibi
909 4115 1110 4190 hominibus
1136 4115 1289 4190 iaciebat
1320 4113 1556 4189 manifestum.
1587 4114 1625 4187 Si
1655 4113 1764 4186 missa
1789 4111 1913 4184 saciam
1944 4110 2028 4197 alia,
2049 4109 2182 4206 inclyta
2208 4109 2320 4181 donis

503 4245 585 4312 ΠΜ»
679 4240 881 4315 coelestibus
906 4240 1021 4336 virgo,
1042 4240 1079 4314 in
1096 4239 1227 4315 celebri
1256 4242 1477 4336 parthenone
1495 4240 1671 4325 Romano,
1693 4236 1817 4310 Turris
1835 4233 2057 4331 speculorum
2068 4232 2173 4316 dicto,
2194 4231 2320 4306 Theo·

503 4341 653 4460 ffifflff
681 4366 768 4440 dora
786 4365 903 4451 Celsa,
929 4364 1129 4449 Nicolaum,
1149 4365 1187 4436 in
1217 4363 1348 4462 templo
1379 4363 1539 4458 religiosi
1557 4364 1612 4436 sui
1639 4361 1797 4458 gynecaei
1816 4359 1926 4432 sacris
1945 4364 2161 4454 operantem,
2182 4355 2321 4450 quibus

502 4484 561 4618 iiii
577 4483 656 4540 Nico·
680 4489 808 4586 gratiae
822 4487 1020 4582 insignibus
1034 4495 1198 4560 ornatum
1211 4488 1306 4561 Deus
1325 4490 1361 4562 in
1381 4496 1478 4564 certa
1504 4491 1579 4586 ejus
1598 4489 1649 4562 rei
1664 4487 1821 4584 imagine
1852 4487 1918 4560 sibi
1934 4485 2113 4569 indicarit,
2139 4491 2214 4558 tum
2240 4484 2323 4580 ipsi

564 4603 570 4618 '
679 4612 829 4687 Nicolao
848 4613 980 4708 aliquid
998 4635 1020 4684 a
1038 4635 1101 4684 suo
1128 4613 1243 4684 statim
1271 4614 1454 4700 sacrificio,
1484 4614 1619 4687 laetitiae
1637 4636 1745 4712 prope
1763 4613 1950 4709 impotens,
1972 4610 2072 4695 dixit,
2094 4617 2168 4683 tum
2194 4607 2322 4683 diser-

675 4741 746 4812 tius
780 4737 890 4810 multo
920 4736 1123 4834 postelis,
1161 4737 1287 4833 quibus
1314 4741 1581 4814 sanctimoniam
1610 4739 1678 4811 viri
1709 4736 2024 4814 commendandam
2054 4735 2320 4825 existimasset,

675 4864 856 4949 narravit;
890 4885 932 4936 ao
953 4860 1106 4934 Nicolao
1134 4861 1295 4956 quidem:
1329 4895 1346 4927 κ
1367 4866 1514 4961 gratias,
1535 4864 1661 4957 inquit,
1689 4886 1759 4958 ago
1782 4863 1860 4949 tibi,
1882 4863 1992 4936 Pater
2019 4862 2094 4935 Deo
2122 4859 2323 4934 admodum

678 5017 695 5048 a
717 5010 818 5074 care;
852 4987 911 5082 qui
928 5008 985 5058 me
1001 4985 1107 5058 hodie
1125 4987 1256 5082 gaudio
1275 4987 1506 5084 compleveris
1524 4987 1715 5084 praecipuo,
1738 4985 1901 5060 decorum
1929 4994 2069 5059 tuorum
2087 4983 2320 5070 intimorum,

677 5144 693 5176 a
716 5113 782 5187 Dei
814 5113 926 5186 nostri
951 5110 1185 5207 indulgentia,
1206 5116 1465 5210 spectatricem.
1498 5115 1573 5194 Quo
1591 5112 1678 5186 mihi
1708 5111 1836 5186 clarius
1861 5119 2050 5210 appareret
2075 5111 2193 5185 vilitas
2210 5133 2321 5199 mea,

675 5268 693 5302 κ
718 5238 851 5314 collata
868 5263 947 5315 cum
960 5240 1027 5314 ista
1041 5239 1215 5335 dignitate
1232 5246 1309 5332 tua,
1329 5241 1557 5338 quamobrem
1579 5239 1615 5311 in
1634 5245 1823 5336 conspectu
1849 5237 1968 5316 divino
1986 5238 2055 5313 mei
2080 5237 2232 5336 puderet
2250 5261 2324 5314 me
