4948 6654
708 781 816 842 LIBER
840 781 998 876 polulus
1022 781 1233 856 (totototo).
1764 777 1827 843 203

194 974 415 1069 theologiam
435 970 696 1055 scholasticam,
712 993 842 1066 magno
863 970 1033 1066 juvandae
1059 969 1199 1065 patriae,
1220 965 1407 1062 religionis
1424 967 1558 1040 scilicet
1574 967 1612 1039 in
1629 991 1673 1041 ea
1695 969 1825 1064 ampli·
1853 973 1918 1028 1602

196 1096 346 1172 ficandae
372 1096 611 1169 inflammatus
633 1093 823 1179 desiderio,
845 1095 927 1166 dum
944 1116 1153 1189 responsum
1179 1086 1371 1186 apraeside
1388 1091 1576 1164 Societatis
1594 1092 1755 1186 generali
1785 1116 1829 1166 ea

197 1247 303 1318 super
321 1246 360 1295 re
379 1227 542 1316 expectat
559 1245 566 1292 :
583 1227 687 1294 acuta
705 1227 887 1314 correptus
903 1220 1006 1304 febri,
1028 1218 1076 1290 ad
1099 1217 1247 1313 praemia
1265 1217 1341 1311 ejus
1359 1213 1552 1289 voluntatis
1572 1239 1647 1289 suae
1669 1223 1705 1289 et
1726 1218 1828 1290 meri-

196 1355 313 1420 torum
328 1351 494 1418 evocatus
507 1352 574 1417 est.
595 1343 718 1416 Funus
741 1343 914 1415 Richardi
927 1364 1058 1438 magno
1077 1364 1156 1413 cum
1174 1339 1306 1412 doloris
1321 1363 1465 1412 sensua
1488 1339 1631 1446 civibus,
1648 1340 1682 1411 in
1702 1341 1826 1436 primis

196 1471 240 1544 ab
258 1444 489 1556 academicis,
514 1469 640 1563 quibus
658 1491 763 1541 carus
780 1467 943 1540 omnibus
959 1474 1196 1561 acceptusque
1213 1471 1300 1546 erat,
1329 1463 1554 1537 celebratum.
1577 1465 1683 1537 Hunc
1703 1467 1826 1540 subse·
1852 1447 1999 1581 fpsx'im*

200 1603 301 1668 cutus
320 1603 376 1668 est
400 1596 442 1667 Ρ.
464 1595 593 1666 Petrus
623 1593 823 1676 Krimerus,
853 1591 1063 1664 Germanus.
1099 1591 1321 1684 Linguarum
1351 1587 1428 1671 ille,
1460 1598 1592 1684 praeter
1616 1590 1767 1685 patriam
1791 1598 1827 1664 et
1901 1567 1945 1700 ιιι..

86 1705 92 1718 ’
197 1724 359 1806 latinam,
378 1722 565 1818 polonicae,
582 1720 746 1794 lotavicae
772 1726 808 1792 ct
833 1716 1014 1791 lituanicae
1038 1716 1186 1812 peritus,
1207 1712 1355 1808 pulchre
1372 1712 1457 1798 illis,
1481 1711 1528 1784 ad
1555 1712 1704 1785 salutem
1727 1713 1824 1785 mul·
1850 1686 1981 1842 3330

196 1856 326 1932 torum,
346 1847 498 1918 maxime
513 1846 551 1917 in
576 1845 740 1928 Livonia,
770 1864 856 1915 usus
878 1866 886 1912 :
907 1839 1091 1912 catholicae
1107 1835 1291 1930 religionis
1310 1835 1480 1930 magister
1504 1833 1597 1906 inter
1621 1834 1821 1917 haereticos,
1850 1852 1974 1943 sonegio

194 1973 413 2061 senatorque
434 1965 632 2039 animarum
651 1964 916 2060 sagacissimus.
934 1962 1079 2056 Septem
1099 1960 1223 2033 eadem
1239 1966 1448 2053 tempestate
1467 1958 1562 2031 Socii
1580 1958 1701 2032 amissi
1720 1953 1828 2030 Polo·'
1850 1932 1951 1989 ΨΜ

197 2090 270 2162 ciae.
294 2089 374 2161 Duo
392 2089 428 2160 in
446 2089 514 2160 hac
528 2089 615 2162 urbe
629 2087 700 2160 illis
714 2096 817 2162 erant
834 2089 976 2162 diversa
993 2085 1171 2161 domicilia
1192 2111 1199 2157 :
1223 2085 1375 2158 alterum
1392 2107 1523 2157 novum
1543 2085 1621 2180 ipso
1639 2084 1678 2155 in
1695 2083 1824 2179 oppido

195 2213 385 2298 veteranis,
411 2213 450 2284 in
466 2234 549 2284 arce
575 2212 741 2299 alterum,
763 2220 863 2286 vetus
889 2210 1034 2283 illudet
1059 2209 1152 2283 male
1178 2210 1413 2295 materiatum,
1441 2209 1648 2282 exercendis
1666 2207 1822 2294 novitiis,

196 2338 291 2432 Riga
319 2359 432 2432 nuper
461 2336 659 2422 translatis
689 2335 910 2430 assignatum
940 2360 948 2405 :
980 2335 1018 2407 in
1052 2336 1121 2407 hoc
1144 2335 1277 2408 tirones
1304 2343 1465 2430 quatuor,
1492 2334 1676 2430 praestanti
1705 2332 1826 2406 indole

192 2463 354 2556 juvenes,
375 2460 507 2532 amissi.
524 2460 667 2532 Primus
685 2459 841 2531 omnium
865 2457 1033 2531 Urbanus
1059 2457 1248 2531 Flosculus
1262 2459 1311 2554 (id
1340 2458 1493 2531 nominis
1517 2458 1601 2552 lego
1630 2457 1667 2530 iu
1698 2459 1826 2530 annuis
1850 2460 1966 2551 ulman-⁹

196 2585 321 2660 litteris
348 2584 490 2680 collegii
516 2583 736 2678 Polocensis)
762 2583 1047 2656 adolescentulus
1074 2582 1231 2655 moribus
1249 2606 1313 2654 suo
1337 2584 1470 2655 nomini
1485 2581 1685 2666 simillimis,
1706 2581 1825 2656 decer·
1850 2539 1978 2671 pppsnon-

198 2713 289 2804 ptus.
317 2707 512 2778 Parentum
529 2702 721 2778 blanditias
736 2712 772 2778 et
789 2727 874 2800 opes
892 2714 940 2793 et,
957 2706 1051 2799 quod
1066 2704 1219 2779 maxime
1231 2706 1469 2781 execrandum
1481 2707 1643 2804 putabat,
1659 2707 1827 2780 haeresim

201 2829 410 2914 detestatus,
430 2852 499 2923 quo
517 2829 629 2901 tutius
658 2836 795 2901 castum
814 2851 853 2900 se
879 2837 1039 2902 servaret
1066 2836 1175 2923 atque
1199 2829 1391 2925 integrum,
1415 2831 1491 2904 Deo
1522 2853 1561 2904 se
1576 2829 1619 2901 in
1647 2829 1827 2904 Societate

197 2951 279 3026 Jesu
301 2951 463 3036 devovit3
484 2951 523 3023 in
536 2974 579 3024 ea
596 2951 721 3024 hilaris
739 2975 892 3049 semper,
909 2962 1026 3028 erecto
1044 2975 1184 3048 sempor
1197 2955 1315 3028 animo
1331 2960 1608 3052 experrecthue
1620 2951 1668 3024 ad
1686 2977 1826 3027 omnem

196 3078 273 3151 boni
298 3077 418 3149 meriti
448 3077 681 3162 occasionem,
712 3078 868 3150 omnium
896 3101 1078 3162 reverens,
1098 3077 1263 3152 amabilis
1289 3079 1466 3166 omnibus,
1488 3076 1689 3163 Flosculus,
1717 3077 1826 3176 longe

191 3198 470 3298 jucundissimus
488 3198 533 3272 de
551 3223 589 3272 se
603 3200 739 3272 tructus
754 3201 924 3274 Societati
940 3199 1183 3297 promittebat.

242 3324 291 3396 Ut
316 3345 402 3396 rosa
429 3346 524 3396 rosae
549 3323 601 3396 sic
631 3323 798 3397 Flosculo
823 3324 918 3411 huic,
947 3325 1097 3420 collegae
1122 3348 1201 3412 suo,
1221 3326 1408 3399 Baltassar
1433 3327 1539 3399 Blum
1562 3327 1666 3424 (quod
1697 3351 1825 3402 nomen
1849 3353 1995 3412 Blumasl-

197 3449 316 3522 florem
337 3450 423 3521 item
441 3449 629 3522 Germanis
649 3449 740 3543 olet)
765 3450 973 3545 integritate
999 3451 1082 3523 vitae
1100 3451 1236 3536 similis,
1259 3451 1383 3525 eodem
1402 3473 1495 3525 auno
1521 3451 1652 3540 ibidem
1669 3454 1825 3527 animam
1848 3433 1944 3488 ΝΜ·

196 3574 333 3648 efflavit.
356 3574 470 3646 Laetae
483 3572 691 3648 adolescens
709 3573 850 3658 indolis,
868 3581 903 3647 et
920 3575 958 3647 in
971 3597 1110 3648 omnem
1127 3575 1268 3647 virtutis
1286 3573 1433 3648 formam
1446 3575 1600 3662 ductilis,
1621 3579 1666 3650 ad
1678 3578 1824 3674 pulchra

194 3699 272 3772 ritae
288 3698 471 3792 religiosae
493 3697 666 3794 exempla,
687 3697 840 3794 posteris
858 3698 1053 3793 prodenda,
1079 3721 1118 3771 sc
1137 3699 1379 3794 comparabat,
1399 3701 1658 3776 ministrantem
1676 3706 1823 3800 aegrotis

195 3823 381 3918 diligenter
399 3849 407 3908 ;
427 3823 479 3894 uti
514 3845 580 3894 sua
611 3822 736 3917 exequi
766 3822 904 3896 solebat
938 3803 1077 3909 omnia;
1104 3825 1248 3899 morbus
1277 3825 1411 3898 afflavit
1439 3827 1621 3922 pestilens,
1653 3829 1823 3924 brevique

196 3948 332 4044 optimae
349 3946 494 4042 plenum
524 3946 599 4041 spei
624 3946 793 4041 juvenem
823 3946 986 4020 confecit.
1008 3947 1144 4020 Eodem
1173 3948 1267 4021 malo
1298 3950 1508 4025 interierunt
1525 3953 1650 4027 iisdem
1680 3953 1820 4026 omnino

195 4070 312 4145 diebus
325 4080 433 4166 atque
446 4072 557 4155 horis,
574 4071 701 4166 quibus
711 4094 750 4143 se
763 4071 966 4156 morituros,
979 4094 1058 4143 cum
1073 4081 1192 4146 essent
1205 4073 1413 4159 incolumes,
1429 4077 1680 4171 praedixerant,
1694 4079 1820 4150 florum

195 4195 334 4268 istorum
355 4216 501 4290 germen
520 4195 634 4268 simile
652 4225 658 4265 :
679 4194 861 4267 Fabianus
880 4193 1018 4279 Grems,
1039 4196 1118 4268 luce
1143 4196 1224 4270 divo
1250 4221 1313 4270 suo
1340 4198 1501 4272 Fabiano
1527 4223 1643 4286 sacra,
1664 4209 1700 4275 ot
1718 4202 1819 4274 Octa·
1845 4229 1993 4288 arenoso

194 4319 313 4391 rianus
330 4319 525 4392 Meinerus.
548 4318 649 4391 Forti
666 4325 814 4412 uterque
845 4318 964 4391 animo
982 4319 1196 4392 imminentis
1214 4322 1351 4416 accepit
1368 4323 1493 4396 mortis
1512 4324 1693 4409 nuntium;
1714 4346 1819 4419 quam
1845 4309 1979 4445 {⁸3¹}ss

193 4442 320 4516 scilicet
337 4444 523 4528 maturius,
549 4467 571 4516 a
597 4444 685 4528 Deo,
706 4443 844 4540 opinor,
864 4443 1002 4534 moniti,
1023 4445 1307 4539 praesensissent.
1326 4446 1450 4541 ltaque
1468 4470 1539 4519 non
1555 4448 1747 4542 imparatos
1772 4450 1819 4523 ab
1850 4405 1977 4523 offitia-

194 4569 297 4640 armis
316 4569 391 4641 suis
410 4570 447 4641 in
475 4592 638 4665 supremo
656 4568 718 4641 illo
745 4569 937 4642 certamine
967 4568 1110 4676 humani
1128 4571 1272 4665 generis
1295 4571 1408 4643 hostis
1426 4570 1596 4656 offendit,
1618 4573 1818 4647 difficilibus
1843 4567 1903 4609 ¹¹⁰¹·

194 4701 377 4788 utrumque
395 4693 602 4790 infestisque
619 4693 847 4768 tentamentis
865 4717 1071 4790 aggressus.
1093 4694 1173 4768 Hoc
1190 4695 1281 4768 victo
1296 4703 1444 4791 uterque
1462 4695 1536 4769 laeti
1553 4704 1769 4792 ovantesque
1782 4701 1817 4772 in

193 4816 352 4890 laudibus
376 4817 507 4890 divinas
527 4819 780 4892 misericordiae
801 4826 836 4893 et
849 4819 1058 4914 angelorum
1071 4842 1215 4892 suorum
1228 4818 1433 4895 tutelarium
1447 4819 1583 4892 animos
1598 4821 1814 4916 expirarunt.

197 4940 270 5012 Duo
287 4941 410 5017 cadem
424 4951 633 5037 tempestato
651 4943 744 5016 diem
760 4951 878 5018 morte
892 4944 1118 5017 confecerunt
1134 4951 1328 5017 extremum
1342 4943 1518 5017 Pultoviae
1536 4970 1544 5016 :
1566 4945 1640 5017 ΡΡ.
1662 4944 1818 5018 Michael

199 5063 350 5150 Brunak,
377 5066 700 5154 Ciechanovieusis,
721 5091 833 5140 annos
860 5091 969 5163 propo
994 5069 1182 5162 sexaginta
1198 5075 1313 5153 natus,
1335 5061 1471 5140 duobu's
1488 5075 1524 5142 et
1540 5068 1667 5162 viginti
1684 5069 1722 5142 in
1740 5070 1817 5142 Col·

203 5185 294 5282 legio
310 5191 530 5266 Pultoviensi
558 5190 780 5266 continenter
806 5193 959 5277 exactis;
980 5192 1034 5263 vir
1051 5191 1225 5265 modestia
1243 5201 1278 5267 et
1294 5192 1467 5288 patientia
1493 5197 1528 5266 et
1544 5191 1661 5266 studio
1689 5193 1818 5268 divinae

1848 2011 1931 2082 pasta.
