4896 6650
476 1041 540 1096 1587

472 1133 621 1202 sigismun-

472 1211 489 1264 d
547 1209 580 1266 od

648 837 708 906 152
1039 814 1313 902 irruunrclnuu
1337 841 1547 940 soqlsusrls
1567 843 1654 905 JESU
1676 842 1927 903 ursroertsuu

654 1022 845 1096 cultatibus
857 1022 915 1096 rel
927 1021 1093 1119 periculis
1106 1023 1264 1098 imminui
1281 1050 1434 1122 unquam
1450 1035 1505 1101 est
1517 1049 1655 1123 passus.
1673 1027 1845 1099 Invitatus
1863 1027 1908 1098 ad
1932 1048 2078 1120 regnum
2093 1047 2115 1096 a
2128 1022 2273 1095 Polonis

491 1211 546 1266 im
580 1225 605 1266 θ’
656 1175 717 1250 per
744 1151 907 1248 legatos,
940 1151 1131 1224 Martinum
1154 1154 1445 1228 Lesnorolslrium
1467 1153 1672 1226 Podlachiae
1686 1152 1895 1248 palatinum,
1919 1159 1954 1224 et
1977 1150 2150 1223 loannem
2169 1148 2275 1244 Boja-

474 1290 536 1345 stin

473 2560 591 2616 Omnbus

472 2645 555 2716 regiis
568 2645 608 2698 in·

474 2717 608 2798 signibus.

472 3045 621 3100 Maximili·

475 3138 543 3178 snus
553 3137 622 3177 oom-

477 3201 622 3269 petitores·

409 3327 413 3336 .
476 3278 557 3348 pitur.

651 1276 853 1360 novslrium,
874 1281 974 1348 tanta
990 1274 1099 1346 animi
1114 1275 1357 1350 moderatione
1374 1277 1509 1372 accepit
1533 1277 1708 1364 nuntium,
1730 1286 1860 1373 quanta
1886 1276 2005 1349 decuit
2028 1273 2276 1348 exercitatissi-

651 1423 745 1471 mum
763 1401 798 1470 in
814 1398 952 1470 virtutis
970 1397 1090 1470 schola
1120 1399 1366 1496 philosophum
1382 1427 1390 1486 ;
1417 1401 1493 1496 ejus
1511 1401 1562 1473 rei
1579 1401 1680 1475 testis
1699 1424 1836 1496 quoquo
1852 1401 1917 1474 fuit
1932 1400 2138 1473 Beruardus
2157 1397 2277 1470 Golin-

651 1521 751 1596 skius
768 1546 788 1595 e
806 1521 982 1594 Societate
996 1521 1197 1617 theologus
1217 1525 1317 1620 cujus
1331 1524 1487 1597 consiliis
1500 1525 1662 1621 princeps
1676 1526 1713 1596 in
1731 1525 1945 1597 salutaribus
1963 1523 2114 1618 negotiis
2127 1521 2277 1593 maxime

653 1645 828 1719 utebatur.
866 1644 972 1716 Prius
1017 1644 1092 1729 ille,
1121 1649 1297 1741 quemad
1324 1647 1520 1721 honorifica
1552 1647 1751 1744 legatorum
1780 1648 2009 1721 invitamenta
2041 1644 2275 1740 responderit,

653 1771 789 1842 consilii
819 1771 940 1866 optimi
958 1772 1119 1868 capiendi
1137 1795 1245 1845 causa
1276 1773 1318 1844 ad
1349 1775 1463 1846 Deum
1481 1797 1543 1869 per
1569 1773 1846 1849 obsecrationem
1876 1782 1912 1846 et
1944 1796 2047 1844 usum
2078 1793 2278 1843 sacramen-

654 1905 769 1968 torum
785 1920 826 1969 se
844 1899 1034 1986 convertit;
1057 1908 1132 1970 tum
1150 1898 1303 1982 demum,
1324 1900 1345 1971 J
1349 1921 1463 1972 oanne
1493 1923 1591 1994 rege,
1623 1907 1769 1994 parente
1795 1921 1871 1983 suc,
1890 1899 1980 1970 bene
2011 1897 2078 1970 sibi
2098 1903 2278 1992 precante,

653 2019 732 2092 sinu
758 2020 897 2093 Baltico
927 2020 1006 2094 vela
1031 2021 1140 2094 dedit.
1166 2023 1257 2094 Toto
1275 2021 1391 2094 navali
1420 2033 1455 2096 et
1485 2031 1558 2096 toto
1591 2023 1751 2097 terrestri
1769 2023 1894 2094 itinere
1919 2043 2088 2116 prospere
2105 2017 2275 2102 confect0,

654 2145 859 2217 Cracoviam
890 2145 923 2241 (a
945 2146 1044 2240 cujus
1069 2145 1244 2217 moenibus
1269 2147 1420 2241 rejectus
1446 2156 1500 2220 cst
1528 2149 1668 2220 interim
1690 2171 1768 2220 cum
1790 2170 1853 2220 suo
1883 2148 1927 2220 16
1945 2145 2090 2216 millium
2122 2143 2279 2216 exercitu

652 2270 858 2364 competitor
870 2269 1144 2364 Maximilianus)
1170 2269 1469 2364 triumphantibus
1486 2273 1616 2365 gaudio
1634 2271 1763 2343 civium
1777 2270 1972 2354 ordinibus,
1989 2269 2100 2342 electo
2119 2266 2277 2362 Principi

653 2390 782 2464 ibidem
812 2391 1105 2486 praestolantium,
1127 2392 1178 2464 lV
1195 2392 1274 2464 idus
1292 2391 1496 2466 decembres
1529 2395 1725 2489 ingressus,
1747 2395 1891 2489 riteque
1925 2394 2033 2488 regiis
2064 2392 2274 2486 insignibus

652 2516 744 2589 diem
773 2517 929 2589 Martino
956 2493 1155 2588 Turonerisi
1178 2538 1317 2588 sacrum
1334 2526 1569 2613 consequente
1586 2519 1744 2614 proxime
1762 2516 1949 2600 dominica,
1976 2523 2122 2588 ornatus
2140 2522 2205 2588 est.
2223 2514 2277 2585 Eo

651 2639 877 2712 contendenti
890 2640 1117 2734 sigismundo
1131 2639 1250 2733 copias
1265 2663 1348 2713 suas
1361 2642 1628 2716 Maximiliauus
1643 2642 1733 2738 apud
1749 2639 1984 2714 Petriooviam
1998 2640 2173 2734 obJectum
2185 2638 2273 2721 ibat;

651 2786 772 2837 verum
784 2786 848 2859 per
866 2765 1108 2860 exploratores
1142 2765 1297 2858 cognito,
1325 2765 1526 2838 comitatum
1546 2765 1763 2862 Sigismundi
1781 2765 1889 2859 duplo
1902 2765 1976 2836 fero
1995 2765 2162 2858 majorem
2180 2785 2271 2845 esse,

651 2909 755 2982 quam
781 2911 866 2960 suus
890 2888 980 2961 foret
1009 2887 1182 2960 exercitus
1211 2887 1348 2983 (quippe
1379 2889 1528 2984 triginta
1553 2889 1708 2962 millibus
1736 2889 1885 2984 stipatus
1913 2888 1985 2960 ibat
2015 2886 2276 2982 sigismundus)

651 3027 747 3092 retro
771 3019 839 3092 iter
868 3019 984 3103 vertit,
1005 3018 1086 3089 inde
1112 3019 1291 3091 cracoviae
1315 3016 1412 3088 aditu
1430 3015 1641 3112 prohibitus,
1661 3016 1814 3087 instante
1828 3013 1957 3085 acriter
1974 3013 2110 3085 Joaune
2129 3010 2276 3106 Zamoy-

652 3142 731 3216 skio
749 3166 827 3216 oum
845 3165 951 3214 manu
981 3141 1107 3236 viginti
1132 3141 1291 3213 millium*
1310 3131 1484 3236 expedita,
1518 3138 1706 3234 copiasque
1739 3137 1969 3210 Germanicas
1994 3136 2088 3208 ultra
2117 3134 2277 3206 Polouiee

650 3268 739 3341 fines
765 3275 1008 3363 persequente,
1029 3267 1075 3338 ad
1101 3275 1294 3340 extremum
1313 3264 1435 3360 praelio
1456 3265 1546 3359 apud
1576 3263 1752 3346 Bicinum,
1774 3260 1910 3334 Silesiae
1940 3260 2118 3355 oppidum,
2146 3260 2274 3342 victus,

620 3487 624 3495 .
653 3393 777 3466 eodem
791 3415 868 3464 oum
888 3390 1025 3484 reliqua
1042 3413 1150 3462 manu
1163 3390 1299 3483 trepide
1318 3411 1356 3462 se
1379 3389 1551 3484 conjecit:
1573 3395 1774 3482 expugnato
1811 3387 1961 3480 denique
1978 3385 2103 3457 Bicino
2120 3383 2157 3455 in
2175 3391 2274 3479 pote-

535 4063 575 4120 53.

477 4143 625 4214 sigismun-

344 4267 346 4276 .
477 4219 511 4276 do
523 4219 600 4277 Osm-

477 4316 626 4370 pnnnsgrn·

483 4379 592 4435 tulatus.

654 3524 781 3592 statem
803 3518 948 3590 victoris
970 3517 1154 3590 concessit.
1188 3516 1399 3600 Clementer,
1429 3511 1721 3609 quemadmodum
1740 3509 1869 3592 decuit,
1901 3508 2085 3582 victoriam
2119 3507 2277 3580 exercuit

653 3643 909 3741 Zamoyskius;
941 3665 1051 3737 eaque
1080 3649 1225 3737 propter
1246 3642 1292 3713 ab
1318 3641 1513 3736 aequalibus
1543 3639 1619 3733 ejus
1650 3635 1817 3730 temporis
1852 3632 2079 3725 scriptoribus
2112 3631 2276 3704 laudibus

652 3769 860 3841 celebratur.
883 3765 925 3837 ld
942 3765 975 3838 ei
993 3773 1123 3860 praeter
1138 3765 1227 3837 alios
1245 3765 1366 3838 tribuit
1383 3763 1597 3856 alienigena,
1612 3759 1711 3854 isque
1730 3760 1765 3828 in
1784 3757 1863 3830 aliis
1882 3755 2059 3849 malignus
2075 3755 2278 3829 mortalium

654 3892 881 3975 obtrectator,
903 3889 1058 3963 Jacobus
1076 3888 1310 3984 Thuanus(1).

703 4015 967 4111 sigismundus,
977 4012 1169 4086 secundum
1185 4012 1287 4097 ritus,
1304 4011 1447 4106 regibus
1461 4031 1583 4082 recens
1596 4009 1724 4080 creatis
1738 4005 1923 4090 solemnes,
1939 4027 1961 4076 a
1979 4027 2079 4076 sacra
2092 4004 2228 4101 synaxi,
2241 4005 2280 4078 in

653 4164 789 4217 summa
807 4139 1059 4236 gratulantium
1084 4139 1288 4213 celebritate
1313 4159 1511 4233 procerum,
1541 4132 1722 4206 accedenti
1750 4133 1927 4227 Campano
1956 4129 2167 4225 provinciali
2185 4129 2278 4201 salu·

653 4268 753 4344 tandi
776 4267 831 4339 sui
845 4266 982 4360 copiam
995 4265 1078 4337 fecit
1099 4289 1106 4335 :
1124 4271 1211 4348 tum,
1229 4263 1342 4335 officio
1361 4261 1688 4355 benigneaccepto,
1707 4257 1853 4328 multam
1867 4255 1958 4350 patri
1979 4255 2129 4350 gratiam
2146 4253 2278 4325 habere

656 4416 694 4466 se
711 4393 891 4488 professus
913 4396 969 4463 est
996 4413 1060 4484 pro
1086 4374 1217 4483 insigni
1243 4411 1306 4483 per
1335 4385 1456 4458 Socios
1482 4406 1564 4456 suos
1582 4380 1769 4474 religionis
1786 4403 1873 4452 cura
1898 4401 2075 4475 operaque
2099 4378 2136 4451 in
2159 4377 2279 4474 patrio

654 4515 791 4588 Sueoiae
805 4537 917 4610 regno
935 4513 1001 4584 sibi
1028 4513 1170 4607 suisque
1192 4511 1327 4583 civibus
1349 4507 1493 4605 egregie
1524 4507 1683 4602 impensa
1697 4534 1706 4593 ;
1721 4505 1833 4590 addit,
1854 4504 2014 4578 relictum
2032 4527 2111 4577 esse
2129 4503 2175 4576 ad
2199 4527 2281 4577 eam

655 4637 865 4718 coloniama
883 4659 921 4708 se
946 4636 989 4707 P.
1013 4635 1247 4707 Humbertum
1273 4657 1316 4706 ex
1334 4632 1458 4706 eadem
1485 4631 1662 4705 Societate
1692 4628 1806 4701 virum
1834 4650 1979 4713 navum;
2010 4627 2117 4722 hujus
2135 4626 2282 4699 Socium

655 4760 877 4836 Bernardum
907 4757 1129 4831 Golinslrium
1159 4759 1195 4829 in
1222 4757 1407 4831 Poloniam
1438 4779 1556 4830 secum
1587 4753 1819 4827 reduxisse«
1842 4750 2196 4846 Obsecratdeuique,
2233 4775 2282 4825 ne

656 4921 673 4953 a
693 4889 729 4960 in
749 4910 791 4960 co
808 4894 880 4958 tam
907 4884 1055 4958 salutari
1073 4885 1264 4979 gentilibus
1283 4884 1356 4956 suis
1374 4881 1531 4977 negotio,
1552 4879 1692 4974 maguis
1722 4902 1745 4950 a
1761 4903 1799 4952 se
1826 4900 1938 4972 nuper
1955 4878 2081 4950 animis
2099 4885 2280 4972 suscepto,

656 5041 673 5074 κ
694 5017 832 5086 cessent
861 5035 869 5082 :
896 5008 1007 5080 multa
1037 5006 1177 5102 quidem
1202 5009 1238 5080 in
1271 5029 1312 5080 eo
1330 5006 1419 5080 dura
1438 5028 1515 5079 esse
1538 5005 1574 5074 in
1601 5003 1792 5099 praesentia
1818 5011 1924 5097 atque
1941 5023 2086 5098 aspera3
2107 5009 2281 5073 caeterum

656 5165 673 5198 κ
695 5156 837 5232 sperare
867 5155 905 5206 se
931 5131 1019 5216 fore,
1055 5137 1094 5202 ut
1124 5129 1349 5202 emolliantur
1389 5128 1603 5225 procedente
1633 5134 1803 5219 tempore,
1831 5146 1874 5196 ac
1904 5119 2143 5203 delaeventur;
2176 5119 2282 5192 indu·

704 5270 1005 5356 (quiesceremus
1023 5269 1169 5346 temporis,
1185 5269 1233 5331 lib.
1252 5269 1303 5340 88,
1315 5270 1350 5328 ad
1363 5283 1428 5329 ann.
1447 5269 1536 5328 1587.
