4936 6658
522 1249 615 1307 Caeso

688 778 749 843 350
1077 784 1350 846 LlTUleCARUll
1374 785 1585 847 SOClETATlS
1606 753 1692 848 lusu
1717 785 1968 847 ulsreurauuu

691 961 812 1032 vexari
834 963 983 1057 gentiles
1010 988 1093 1038 sues
1118 989 1141 1037 a
1166 968 1346 1050 militibus,
1374 967 1538 1041 afflictari
1562 991 1585 1039 a
1610 969 1761 1040 dominis
1784 967 1971 1041 :exscindi
1998 988 2064 1037 sua
2094 964 2315 1060 municipia:

691 1084 860 1158 ebnoxios
881 1109 919 1158 se
937 1088 1034 1182 genti
1047 1110 1126 1161 esse
1143 1090 1165 1162 J
1170 1090 1305 1164 udaicae
1325 1118 1333 1166 ε
1354 1117 1427 1167 non
1444 1119 1507 1190 pre
1521 1095 1595 1167 suis
1613 1095 1759 1168 tractari
1777 1095 1912 1168 meritis
1932 1091 2237 1178 Chmielnickium‚
2264 1102 2317 1179 et,

694 1207 788 1303 qued
817 1209 1049 1283 schismaticis
1076 1220 1182 1306 caput
1200 1222 1267 1298 est,
1288 1217 1465 1288 contemni
1481 1217 1694 1311 religionum
1712 1240 1856 1289 suarum
1870 1215 2064 1288 antistites.
2085 1243 2101 1275 κ
2118 1215 2204 1286 Cum
2218 1215 2322 1310 plebe

520 1328 669 1384 belliverio.
695 1361 710 1391 κ
732 1333 872 1428 quidem
883 1333 1231 1432 Ukrainensi,inquit
1249 1339 1592 1436 Kochovius(1),nen
1610 1340 1687 1413 sine
1700 1339 1821 1434 aliqua
1838 1340 1969 1434 injuria
1980 1338 2323 1433 ·agitatum,diffiteri

695 1487 710 1517 κ
732 1479 890 1551 nequee;
917 1482 981 1553 pre
1004 1461 1250 1560 praelecterum
1275 1463 1491 1558 heroumque
1509 1465 1585 1559 ejus
1604 1485 1678 1535 orae
1694 1473 1842 1536 austere
1864 1470 1927 1534 aut
1957 1462 2136 1535 tractabili
2158 1464 2318 1558 ingenie,

693 1613 709 1644 a
732 1584 910 1679 ipsiusque
927 1585 1040 1680 plebis
1057 1593 1197 1674 natura,
1227 1588 1416 1661 adversum
1439 1591 1655 1686 imperantes
1679 1588 1857 1682 morigera
1882 1596 1944 1660 aut
1967 1587 2175 1660 calcitrante
2200 1611 2207 1658 :
2238 1611 2320 1660 nam

694 1709 916 1780 adecumare
950 1711 1124 1804 equireas,
1157 1719 1342 1785 recensere
1371 1719 1545 1798 armenta,
1584 1714 1776 1785 decuncem
1802 1711 1970 1784 mellifioii
2004 1733 2144 1807 capere,
2178 1711 2321 1805 aliaque

693 1865 708 1895 ιι
731 1835 958 1929 subjectionis
980 1860 1101 1922 onera,
1122 1840 1233 1912 veteri
1259 1862 1356 1911 mere
1377 1837 1483 1934 pendi
1507 1836 1626 1922 solita,
1650 1842 1825 1930 utcunque
1843 1836 2056 1908 tolerabant.
2078 1835 2212 1907 Verum
2226 1843 2321 1930 pest-

693 1988 709 2018 «
731 1983 836 2054 quam
854 1961 918 2032 sub
945 1963 1085 2035 nomine
1104 1964 1348 2059 augendorum
1365 1985 1532 2036 censuum
1554 1967 1694 2055 reperta
1719 1981 1813 2031 nova
1831 1961 2057 2032 exactionum
2077 1959 2263 2044 voeabula,
2284 1969 2322 2032 ut

692 2115 707 2144 u
729 2107 752 2155 a
776 2085 965 2157 venatione
989 2085 1145 2158 ferarum
1169 2087 1294 2182 pellae,
1314 2084 1547 2180 apisoatiene
1573 2083 1750 2158 insuetum
1772 2085 1938 2179 vectigal,
1968 2108 2033 2179 pro
2055 2085 2182 2156 diurne
2201 2085 2321 2159 labere

646 2243 647 2246 ¹
694 2241 709 2271 v
731 2208 942 2282 triobolares
961 2211 1105 2293 nummi,
1126 2210 1278 2296 mulctae,
1299 2209 1468 2306 poenalia,
1484 2207 1624 2303 aliaque
1641 2209 1827 2302 ejusmodi,
1850 2209 1902 2280 uti
1929 2208 2068 2303 gravia,
2094 2210 2318 2292 incusabant,

694 2363 710 2396 a
737 2335 1053 2429 querebanturque.
1080 2371 1096 2402 n
1132 2337 1222 2410 Haec
1238 2337 1432 2410 Behdanus
1449 2335 1486 2406 in
1506 2334 1754 2407 seditiosorum
1780 2332 2008 2405 concionibus
2036 2332 2233 2420 clamabat3
2254 2357 2322 2405 nen

689 2458 781 2554 qued
801 2458 1078 2532 Ukrainensium
1095 2468 1157 2532 aut
1172 2461 1285 2534 civilis
1302 2461 1444 2534 fortuna
1461 2465 1524 2530 aut
1546 2456 1674 2552 religio
1693 2455 1761 2528 sibi
1784 2462 1878 2528 esset
1899 2479 2007 2538 curae,
2029 2463 2091 2528 aut
2108 2455 2323 2528 Polonorum

690 2590 764 2655 tam
788 2583 960 2678 impetens
986 2584 1198 2669 dominatus,
1226 2593 1288 2658 aut
1310 2586 1385 2680 ipse
1410 2585 1600 2654 immerens
1626 2581 1746 2676 aliqua
1773 2581 1944 2654 subactus
1969 2569 2103 2675 injuria
2119 2581 2237 2654 ieret:
2264 2580 2323 2652 sed

690 2707 1008 2803 quod,abjudicatis
1020 2709 1103 2802 jure
1122 2705 1330 2802 quibusdam
1348 2728 1422 2778 ase
1435 2704 1550 2790 benis,
1564 2728 1643 2800 quae
1657 2704 1694 2775 in
1709 2703 1894 2776 latifundie
1926 2704 2142 2778 Polonorum
2165 2705 2323 2778 Caechri-

688 2832 790 2906 nensi
807 2832 873 2903 sibi
890 2832 1089 2905 adsciverat
1106 2832 1239 2926 inique,
1267 2829 1462 2902 inimicitiae
1480 2829 1548 2902 sibi
1573 2829 1860 2902 intercessissent
1887 2852 1967 2901 cum
1979 2829 2087 2924 justis
2110 2829 2322 2925 possessori-

689 2958 754 3030 bus
780 2981 788 3028 :
816 2957 883 3028 hoc
904 2955 966 3029 ille
992 2977 1117 3029 revera
1145 2980 1253 3028 unum
1274 2955 1386 3028 ultum
1402 2953 1490 3026 ibat.
1512 2954 1590 3033 Quo
1617 2961 1736 3025 autem
1762 2953 1877 3048 magis
1907 2953 2103 3028 concitaret
2126 2953 2273 3027 stultam
2289 2963 2324 3029 et

688 3079 904 3176 praecipitem
920 3079 956 3151 in
972 3103 1074 3153 omne
1086 3079 1222 3154 facinus
1240 3076 1391 3174 plebem,
1411 3076 1538 3148 violari
1564 3098 1648 3147 suas
1669 3077 1920 3170 photianerum
1936 3076 2144 3172 religiones,
2167 3102 2324 3175 exaugu-

691 3204 764 3275 rari
781 3205 969 3292 antistites,
990 3205 1171 3300 profanari
1184 3226 1250 3276 sua
1266 3224 1381 3286 sacra,
1402 3201 1523 3274 seduci
1541 3223 1564 3272 a
1580 3201 1764 3275 catholicis
1782 3201 1972 3296 populares
1991 3225 2089 3287 sues,
2108 3203 2131 3275 J
2133 3205 2326 3277 esuitarum
2440 3279 2441 3307 1

693 3328 844 3402 maxime
869 3328 1062 3412 fraudibus,
1090 3327 1318 3422 irrepentium
1336 3325 1437 3421 quasi
1456 3326 1494 3397 in
1520 3324 1651 3420 oppida
1678 3325 1863 3408 Ukrainae,
1889 3323 2088 3419 callideque
2112 3327 2326 3400 sedentium

693 3451 844 3524 incautis
859 3454 1006 3536 civibus,
1027 3453 1063 3524 id
1076 3450 1335 3524 vociferabatur
1347 3449 1539 3544 impostor;
1556 3449 1639 3521 hinc
1651 3447 1714 3519 illa
1730 3471 1869 3544 queque
1882 3472 1950 3522 vex
1963 3471 2027 3544 pre
2046 3449 2174 3522 bellice
2188 3457 2326 3523 vetera·

694 3577 763 3648 teri
779 3575 845 3648 fuit
866 3601 873 3648 :
893 3583 942 3647 Ze
955 3581 1073 3646 wira!
1093 3574 1209 3656 idest,
1234 3596 1298 3668 pre
1315 3573 1489 3667 religione
1511 3599 1518 3644 :
1539 3574 1607 3645 hec
1624 3571 1685 3643 ille
1699 3580 1855 3667 gentem,
1877 3573 1951 3646 suis
1970 3581 2183 3647 eocaecatam
2199 3574 2330 3647 fraudi·

696 3701 773 3786 bus,
807 3701 986 3773 incitabat.
1020 3702 1075 3771 lta
1105 3705 1279 3771 commeta
1304 3697 1500 3792 perduellio
1532 3697 1782 3790 eZaporeviae
1814 3697 1936 3769 lustris
1965 3698 2330 3800 erupit,‚senes0ente

695 3825 779 3896 anni
813 3825 905 3897 1648
934 3832 1116 3906 autumno,
1145 3822 1312 3916 brevique
1333 3821 1369 3891 in
1395 3843 1504 3916 agros
1532 3819 1705 3904 Pedoliae,
1738 3819 1932 3904 Velhiniae,
1964 3821 2120 3908 Russiae,
2153 3822 2329 3908 Peleniae,
2439 3825 2440 3831 ’

696 3949 871 4021 Lituaniae
890 3947 1004 4043 effusa
1020 3955 1074 4020 est
1094 3968 1158 4042 per
1179 3953 1336 4038 stragem
1353 3921 1618 4039 quoqueversus
1636 3943 1886 4017 miserabilem.
1908 3945 2000 4018 Itum
2025 3945 2168 4039 quidem
2192 3945 2333 4018 obviam

695 4074 790 4146 haud
823 4074 1004 4168 segniter;
1042 4071 1105 4144 sed
1140 4069 1293 4144 eluvioni
1326 4075 1436 4139 tantae
1470 4077 1542 4139 tam
1577 4065 1742 4138 violentae
1773 4090 1882 4164 agger
1916 4067 2084 4140 continue
2118 4069 2224 4164 objici
2258 4094 2329 4141 nen

699 4198 827 4294 potuit.
849 4196 1027 4292 Quidquid
1058 4193 1186 4288 raptim
1211 4190 1424 4286 oppositum,
1445 4188 1498 4260 vis
1523 4188 1585 4261 illa
1603 4188 1787 4262 confestim
1806 4189 2002 4286 dissipavit.
2025 4189 2193 4284 Acceptae
2209 4189 2331 4264 clades

692 4321 973 4419 passimAmissi
990 4343 1034 4420 ap
1077 4321 1081 4334 '
1100 4318 1218 4413 Aquas
1230 4315 1346 4387 fulvas
1364 4313 1415 4409 (a),
1434 4336 1516 4386 mox
1528 4313 1623 4408 apud
1638 4313 1850 4422 Corsunium
1867 4314 1986 4387 duces.
2006 4316 2231 4391 Increscente
2245 4316 2333 4389 inde

693 4448 856 4532 audacia,
877 4446 1019 4518 barbari
1122 4447 1195 4512 eet
1222 4436 1348 4509 saevire
1366 4436 1402 4506 in
1422 4435 1516 4508 cives
1538 4459 1545 4506 :
1568 4434 1725 4508 involare
1750 4436 1786 4506 in
1805 4436 1922 4522 villas,
1951 4438 2116 4523 castella,
2137 4438 2301 4512 civitates
2324 4463 2331 4508 :

693 4575 830 4647 caedere
848 4571 979 4667 passim
998 4569 1023 4641 s³
1141 4562 1298 4636 castatis
1316 4572 1351 4634 et
1364 4584 1469 4634 sexus
1487 4561 1687 4634 discrimine
1709 4583 1716 4629 :
1738 4560 1924 4654 propudia,
1945 4560 2148 4658 sacrilegia,
2169 4571 2204 4636 et
2231 4563 2335 4658 quid-

695 4699 777 4793 quid
795 4696 903 4769 libide
922 4719 1026 4790 suggt
1148 4700 1160 4761 t
1180 4698 1215 4763 et
1228 4689 1338 4773 furer,
1359 4695 1577 4782 perpetrare.
1600 4687 1696 4758 Inter
1714 4687 1847 4759 caedem
1865 4694 1901 4760 et
1922 4687 2095 4760 scelerae
2114 4689 2275 4784 Pripetie
2300 4695 2336 4762 et

695 4825 814 4898 Sluoia
831 4822 1022 4895 fiuminibm
1172 4838 1255 4886 num
1274 4810 1484 4884 Roxolaniae
1502 4833 1641 4882 amnem
1659 4835 1729 4885 une
1756 4814 1885 4887 multas
1909 4814 2108 4909 provincias
2133 4815 2334 4888 continenti
2437 4819 2438 4877 i

698 4955 858 5022 sternunt
887 4945 1033 5018 incendi.
1185 4962 1219 5012 re
1246 4945 1320 5010 turn
1346 4934 1466 5006 mundi
1486 4934 1701 5009 universitas
1728 4937 1866 5012 miseris
1895 4937 2082 5012 videbatur
2103 4937 2334 5024 mortalibus,

523 5065 670 5124 chiffl*
694 5072 917 5146 latitantibus
934 5071 970 5141 in
984 5068 1117 5164 tesquis
1131 5074 1167 5142 et
1182 5063 1270 5137 locis
1284 5061 1514 5157 palustribus,
1526 5070 1621 5135 metu
1634 5071 1670 5136 et
1685 5063 1810 5138 delere
1824 5064 1871 5135 ad
1885 5085 1927 5136 ea
1941 5061 2143 5159 spectacula
2156 5063 2337 5140 emorien-

522 5146 653 5204 ctissime.

735 5215 777 5289 (l)
790 5213 862 5273 lbid.
876 5226 943 5291 pag.
963 5211 1012 5268 tt.
1027 5241 1066 5254 -
1081 5207 1124 5286 (2)
1145 5205 1210 5266 Vid.
1227 5203 1373 5283 supralib,
1389 5201 1439 5276 lx,
1463 5218 1491 5263 n.
1509 5201 1558 5263 at.
