4948 6654
702 787 761 853 172
1078 795 1351 858 LITUANICARUM
1375 795 1584 857 SOClETthS
1605 795 1691 858 JESU
1715 794 1967 857 ursroulnuun

701 1000 790 1062 rum,
837 978 1097 1064 emblematum,
1134 981 1340 1060 carminum,
1386 979 1642 1074 propositorum
1677 1001 1697 1050 e
1730 977 1903 1051 vestibulo
1954 977 2144 1074 gymnasii,
2181 979 2318 1074 quibus·

701 1127 779 1176 cum
814 1103 1014 1176 domesticae
1043 1128 1153 1176 musae
1180 1105 1325 1208 advenis
1354 1103 1537 1198 prodirent
1567 1101 1667 1195 quasi
1692 1103 1842 1185 obviam,
1880 1125 2008 1196 easque
2046 1103 2317 1176 consalutarent.

748 1229 865 1301 Vilnae
890 1229 926 1299 in
952 1229 1083 1324 templo
1109 1231 1309 1304 academico
1337 1231 1393 1325 pie
1419 1227 1672 1323 magnificeque
1698 1234 1921 1320 parentatum
1939 1227 2088 1322 principi
2107 1228 2143 1300 S.
2168 1227 2320 1300 Romani

699 1357 853 1452 Imperii,
874 1354 1106 1428 mareschallo
1128 1355 1314 1438 Limane,
1335 1355 1439 1428 tertio
1465 1353 1604 1426 Nicolai
1631 1353 1736 1446 Nigri
1759 1352 1939 1425 Vilnensis
1969 1352 2117 1446 palatini
2143 1352 2228 1439 filie,
2257 1355 2318 1425 Al-

697 1483 797 1553 berto
816 1479 1009 1552 Radivillo.
1031 1480 1153 1551 Funus
1171 1479 1353 1564 Graccum,
1374 1479 1433 1550 uhi
1461 1478 1552 1549 diem
1579 1478 1637 1549 hic
1663 1499 1764 1548 suum
1784 1475 1883 1556 obiit,
1905 1475 2110 1562 deductum;
2130 1499 2319 1571 procuran-

692 1589 791 1678 ¹tibus
809 1604 854 1675 vid
880 1603 988 1676 fratre
1006 1626 1069 1675 suo
1088 1603 1266 1676 cardinale
1295 1603 1461 1696 Georgia
1482 1609 1518 1674 et
1542 1601 1659 1684 Anna,
1682 1599 1832 1694 conjuge
1858 1599 1978 1682 vidua,
2008 1599 2155 1672 Gotardi
2183 1601 2320 1674 Ketleri

698 1727 899 1802 Curiandiae
918 1716 1017 1799 ducis
1037 1726 1122 1799 filia.
1144 1725 1176 1798 Α
1195 1726 1330 1799 Caluini
1349 1731 1444 1798 secta
1462 1725 1627 1797 reductus
1649 1748 1712 1820 per
1726 1725 1847 1798 Socios
1863 1727 1907 1798 ad
1926 1725 2122 1800 Ecclesiam
2139 1729 2319 1804 Albertus.

697 1852 828 1947 templa
845 1851 1039 1934 catholicis,
1060 1851 1105 1921 ab
1119 1849 1293 1922 haereticis
1308 1855 1438 1942 erepta,
1454 1847 1609 1919 restituit
1630 1870 1669 1920 ec
1687 1847 1829 1931 reiecit,
1848 1849 2022 1943 quaedam,
2043 1873 2065 1922 a
2086 1851 2323 1926 fundamentis

523 1992 593 2046 Laus
602 1993 670 2063 njis·
698 1975 862 2056 excitata,
881 1973 1077 2045 redditibus
1104 1973 1247 2044 donavit
1265 1971 1403 2066 amplis.
1431 1971 1680 2045 Academicum
1707 1972 1824 2044 Vilnae
1842 1973 1914 2045 divi
1931 1974 2082 2047 Joannis
2109 1975 2229 2050 fanum
2255 2001 2322 2049 ara

525 2069 595 2124 ‘¹⁰¹⁰‘
697 2102 842 2196 majore,
862 2097 1018 2192 organis,
1040 2095 1183 2190 aliisque
1205 2095 1303 2167 auxit
1325 2097 1552 2170 ornamentis.
1573 2097 1711 2170 Divinae
1732 2098 1848 2170 laudis
1866 2098 1933 2171 fuit
1945 2121 2113 2194 perquam
2128 2101 2317 2174 studiosus.

695 2229 778 2301 Non
795 2225 937 2323 pigebat
954 2221 1130 2294 interdum
1146 2222 1337 2316 principem
1355 2223 1402 2294 ad
1421 2221 1539 2295 divina
1556 2223 1679 2296 altaris
1706 2225 1873 2320 mysteria
1897 2227 1989 2299 inter
2015 2227 2166 2300 musicos
2193 2251 2322 2302 canere

694 2351 841 2436 fidibus;
863 2349 962 2444 cujus
979 2347 1065 2418 artis
1086 2344 1243 2440 apprime
1259 2345 1327 2416 fuit
1348 2347 1474 2418 sciens.
1499 2347 1621 2419 Inedia
1645 2371 1771 2444 corpus
1790 2351 1970 2446 modisque
1992 2353 2174 2448 exquisitis
2197 2352 2324 2425 salutis

695 2481 838 2546 aeternae
863 2472 980 2566 gratia
1004 2468 1207 2541 afflictabat.
1231 2469 1420 2542 Sacrificiis
1451 2471 1606 2566 quotidie
1631 2473 1813 2548 intererat.
1840 2475 1991 2549 Munera
2017 2476 2187 2571 praeclare
2213 2477 2324 2548 obivit

693 2598 814 2670 multa.
844 2596 1031 2690 Praecipua
1056 2591 1228 2664 industria
1255 2593 1350 2664 cives
1374 2593 1466 2666 inter
1486 2603 1522 2669 et
1539 2597 1805 2672 Moscoviticam
1824 2609 1965 2695 gentem
1981 2601 2180 2675 conciliavit
2197 2625 2321 2697 pacem

692 2717 846 2818 legatus.
862 2719 1041 2792 Adversus
1072 2715 1226 2798 eosdem,
1246 2738 1358 2810 nuper
1378 2717 1510 2806 hostes,
1528 2728 1668 2793 secutus
1695 2744 1815 2817 regem
1834 2724 2064 2819 Stephanum,
2085 2725 2209 2820 praelia
2222 2725 2320 2820 apud

693 2848 873 2921 Polociam
894 2853 929 2918 et
943 2841 1181 2916 Vielicolnkos
1197 2838 1329 2934 insigni
1354 2842 1483 2916 virtute
1501 2845 1678 2918 sustinuit.
1699 2847 1843 2920 Arbiter
1857 2848 1989 2922 funeris
2004 2849 2179 2945 Georgius
2208 2851 2326 2922 cardi-

695 2971 799 3056 nalis,
815 2970 923 3065 justis
941 2966 1042 3039 fratri
1071 2963 1279 3061 persolutis,
1308 2989 1386 3037 cum
1414 2989 1477 3040 sua
1503 2969 1634 3041 familia
1662 2970 1806 3065 lugubri
1830 2971 1924 3065 apud
1955 2971 2076 3045 Socios
2101 2974 2138 3045 in
2166 2973 2328 3070 Collegio

694 3094 857 3168 coenavit.
885 3095 925 3164 ln
943 3113 986 3163 co
1010 3090 1106 3161 luctu
1133 3087 1382 3162 consolabatur
1408 3113 1446 3162 se
1477 3093 1691 3189 fratremque
1721 3096 1935 3170 cardinalem
1958 3097 2125 3171 Nicolaus
2143 3099 2324 3187 Sierotlra‚

692 3228 777 3291 tunc
798 3215 1011 3290 castellanus
1033 3213 1234 3294 Trocensis,
1256 3218 1585 3291 commemoratione
1603 3219 1658 3291 sui
1678 3220 1828 3316 Collegii
1852 3222 2103 3309 Nesvisiensis,
2123 3225 2218 3297 aucti
2235 3226 2325 3299 insi-

694 3348 809 3444 gniter
823 3348 859 3440 (ι)
878 3369 885 3416 :
906 3343 1051 3438 pulchro
1069 3341 1106 3412 iu
1124 3339 1244 3436 primis
1259 3348 1478 3435 augustoque
1491 3338 1635 3438 templo,
1656 3315 1767 3438 nuper
1784 3344 1922 3439 ingenti
1936 3345 2063 3418 civium
2081 3346 2326 3440 gratulatione

520 3445 671 3594 congiega-
694 3480 816 3569 aperto
833 3471 879 3542 ad
897 3476 1033 3550 cantus,
1053 3467 1156 3559 ignes
1173 3465 1394 3550 artificiosos,
1415 3474 1451 3538 et
1471 3467 1561 3538 festa
1578 3491 1598 3540 e
1616 3468 1751 3541 bellicis
1770 3470 1939 3542 machinis
1951 3472 2119 3542 tonitrua.
2142 3471 2322 3545 Pultoviae

518 3604 669 3674 tioprovin-
694 3595 817 3666 habite
830 3591 1055 3690 provincialis
1073 3591 1252 3684 etriginta
1267 3590 1433 3662 Patribus
1449 3591 1700 3686 congregatio,
1713 3598 1865 3690 praeside
1883 3605 1918 3670 et
1931 3598 2114 3670 visitatore
2128 3600 2326 3693 provinciae

517 3691 596 3828 {3¹1¹ss
600 3693 666 3826 '9¹¹¹'
694 3719 873 3791 Ludovico
886 3716 1051 3790 Masello.
1071 3715 1151 3786 Duo
1169 3715 1321 3788 Romam
1339 3737 1381 3786 ex
1399 3737 1439 3786 ea
1456 3714 1564 3808 legati
1582 3742 1590 3787 ε
1610 3718 1632 3788 J
1635 3719 1762 3792 acobus
1780 3720 1940 3815 Vujehus
1958 3721 2256 3817 Vangroviclrins,
2286 3733 2324 3798 et

693 3844 889 3917 Stanislaus
907 3839 1148 3915 Grodnichius.
1170 3839 1414 3934 Congregatos
1427 3840 1560 3935 insigni
1574 3840 1787 3917 liberalitate
1800 3846 1985 3919 Plocensis
1999 3848 2182 3943 episcopus
2210 3847 2325 3921 Adel·

582 3996 599 4050 a
690 3970 813 4042 bertus
829 3964 1095 4039 Baranovskius
1112 3965 1332 4035 sustentavit.
1355 3963 1411 4034 Ad
1433 3964 1655 4037 revisendam
1681 3966 1842 4040 exulibus
1869 3969 2031 4042 Sueciam
2060 3970 2178 4043 aditus
2200 3971 2321 4045 Sociis

516 4068 665 4204 ἓζῗᾞξξ
691 4094 885 4190 patefactus
906 4113 984 4165 esse
1002 4088 1211 4161 videbatur:
1231 4087 1388 4182 legitime
1407 4089 1443 4158 in
1461 4087 1602 4174 solium,
1622 4113 1644 4160 a
1664 4091 1802 4164 Joanne
1822 4092 1873 4164 lll
1892 4114 1956 4186 per
1972 4099 2120 4166 mortens
2139 4093 2319 4182 relictum,

516 4223 662 4292 cienena,
691 4223 896 4296 succedente
912 4185 1012 4311 regio
1026 4215 1183 4310 ejusdem
1196 4212 1282 4298 filio,
1303 4235 1387 4306 rege
1408 4213 1623 4284 Polonornm
1638 4213 1863 4308 Sigismundo
1878 4215 1944 4286 ΙΙΙ.
1966 4215 2140 4287 invitatus
2158 4214 2324 4292 aSuecis

517 4302 663 4357 canatur.
690 4351 764 4422 suis
781 4348 827 4420 ad
841 4343 1131 4442 gubernaculum,
1148 4340 1299 4413 comitiis
1317 4362 1360 4412 ea
1379 4357 1485 4434 super
1503 4362 1541 4411 re
1559 4340 1744 4411 llarsaviae
1762 4361 1880 4411 mense
1899 4339 1991 4434 majo
2012 4339 2155 4422 habitis,
2177 4365 2278 4436 aegre
2297 4365 2322 4413 a

671 4473 848 4556 ‚Polonis
876 4491 991 4564 neque
1009 4468 1126 4550 aliter,
1152 4487 1257 4559 quam
1288 4464 1497 4557 interposita
1523 4463 1711 4556 sponsione
1730 4464 1773 4536 de
1791 4463 1905 4536 reditu
1937 4487 2014 4548 suo,
2042 4465 2136 4537 intra
2163 4466 2322 4561 spatium

689 4597 772 4670 anni
792 4595 966 4666 dimissus.
990 4592 1136 4664 Gedano
1158 4587 1239 4662 vela
1255 4587 1337 4658 iecit
1358 4585 1444 4656 mari
1470 4584 1604 4657 Baltico
1629 4609 1749 4660 mense
1775 4587 1974 4683 septembri.
2005 4587 2147 4660 Octobri
2174 4589 2326 4664 ineunte

688 4719 853 4819 appulsus
871 4715 1139 4790 Stohholmiam.
1162 4713 1356 4806 Pergratus
1371 4709 1436 4781 fuit
1453 4709 1589 4783 Sueciee
1606 4712 1671 4782 toti
1692 4711 1860 4806 principis
1879 4713 1933 4783 sui
1956 4711 2143 4798 adventus,
2165 4713 2194 4785 si
2212 4715 2321 4807 regni

688 4842 949 4939 competitorem
969 4837 1138 4910 carolum·
1148 4843 1313 4930 patruum
1331 4857 1431 4905 suum
1450 4834 1614 4929 excipias.
1633 4837 1668 4910 ls
1688 4836 1845 4909 relictam
1864 4859 1886 4907 a
1908 4836 1930 4908 J
1934 4857 2048 4907 oanne
2071 4857 2232 4907 coronam
2252 4837 2324 4908 sibi

687 4969 908 5052 vindicabat,
929 4964 1071 5038 haerede
1105 4961 1258 5058 polonici
1286 4959 1386 5054 regni
1416 4961 1569 5055 negotiis
1600 4967 1781 5056 occupato.
1803 4961 2000 5032 Prensahat
2026 4958 2172 5031 Carolus
2198 4960 2314 5046 cirea,

688 5120 793 5194 seque
811 5093 1078 5169 commendabat
1090 5090 1164 5163 hoc
1174 5089 1316 5161 nomine
1331 5087 1495 5168 maxime,
1510 5086 1604 5178 quod
1620 5085 1818 5156 lutheranae
1832 5091 1952 5170 sectae,
1965 5105 2070 5177 quam
2083 5080 2317 5178 profiteretur

728 5243 766 5319 (l)
785 5240 903 5300 Nesvisii
920 5239 1052 5310 templum
1065 5231 1185 5311 Collegii
1200 5235 1369 5306 perlectum.
