4936 6658
696 835 758 910 894
1083 830 1357 899 eruablchuttttt
1380 832 1591 897 soulnrauls
1611 835 1698 900 JESU
1719 835 1974 900 ursroemuuu

697 1021 885 1100 domiciliis
902 1045 925 1099 a
942 1021 1153 1097 Provinciali
1168 1019 1350 1098 convocati
1371 1044 1379 1107 ;
1400 1018 1438 1093 in
1455 1018 1511 1094 his
1540 1019 1799 1106 Varsaviensis,
1820 1019 2070 1107 Pultoviensis,
2098 1021 2321 1108 Lomzensis,

696 1159 732 1228 et
749 1151 944 1238 Plocensis,
962 1147 1199 1244 Collegiorum
1220 1152 1375 1221 rectores
1393 1147 1466 1220 suis
1484 1147 1640 1220 humeris
1657 1147 1870 1222 extulerunt.
1890 1146 1988 1220 Alibi
2006 1146 2129 1222 Socios
2147 1147 2320 1220 subduxit

694 1299 803 1363 mors,
832 1282 969 1372 septem
983 1273 1078 1369 ipsos
1110 1269 1329 1348 eLomzensi
1343 1269 1513 1366 Collegio,
1533 1270 1569 1342 in
1588 1270 1711 1343 officiis
1729 1270 1913 1343 charitatis
1936 1271 2083 1345 afflictos
2101 1269 2319 1368 pestilentia.

694 1401 810 1500 Major
828 1401 970 1474 dimidio
987 1400 1053 1474 fuit
1066 1405 1205 1496 strages
1217 1398 1307 1486 haec,
1328 1420 1430 1492 quam
1449 1396 1650 1492 superstitis
1668 1397 1765 1470 salus
1785 1396 1949 1494 collegii.

583 1519 601 1576 ⁵
743 1525 899 1602 Infelicis
931 1524 1154 1623 reipublicae,
1189 1531 1241 1596 tot
1271 1521 1429 1594 cladibus
1465 1520 1624 1607 afflictae,
1656 1521 1824 1617 reliquias
1862 1521 1983 1619 inopia
2012 1545 2148 1610 rerum,
2180 1521 2318 1610 fames,

467 1689 471 1698 ·
518 1598 665 1739 ,leffium
691 1651 906 1748 pestilentia,
926 1651 1140 1726 lacerabant.
1158 1647 1265 1722 Malis
1291 1647 1451 1720 omnibus
1468 1645 1723 1720 intolerabilius
1748 1645 1815 1719 fuit
1839 1646 1942 1720 civile
1960 1647 2055 1722 inter
2070 1671 2109 1722 se
2125 1671 2320 1744 regemque

691 1773 896 1860 dissidium,
916 1795 985 1870 quo
1002 1771 1192 1845 infortunio
1210 1769 1330 1842 felices
1344 1769 1449 1842 etiam
1469 1775 1504 1841 et
1519 1769 1681 1842 maximae
1699 1791 1756 1844 res
1775 1767 1878 1843 facile
1899 1769 2115 1845 dilabuntur.
2137 1773 2321 1867 Conjurati

689 1919 801 1993 nuper
814 1899 984 1972 adversus
1001 1919 1123 1991 regem
1141 1915 1312 1967 novarum
1338 1891 1518 1966 molitores
1544 1915 1663 1967 rerum
1680 1899 1784 1989 pacto
1813 1891 1912 1966 nullo
1942 1893 2070 1968 adduci
2086 1902 2261 1991 poterant,
2277 1905 2321 1971 ut

688 2021 959 2096 conciliarentur
985 2019 1148 2118 principi,
1165 2025 1200 2092 et
1227 2041 1305 2091 cum
1332 2015 1478 2112 reliquis
1504 2017 1651 2104 civibus,
1671 2017 1762 2091 bene
1789 2018 2055 2094 consulentibus
2072 2021 2211 2115 patriae,
2231 2045 2318 2095 con-

687 2147 870 2221 sentirent.
900 2149 1031 2242 Ingens
1057 2142 1229 2224 tumultus
1252 2141 1348 2226 inde,
1366 2149 1400 2214 et
1420 2141 1515 2214 foeda
1540 2165 1658 2215 rerum
1684 2163 1764 2215 cum
1785 2143 2014 2240 profanarum
2042 2152 2116 2218 tum
2133 2169 2317 2220 sacrarum

685 2271 790 2345 etiam
807 2271 939 2367 passim
966 2278 1118 2366 strages.
1140 2267 1346 2362 Prodigitur
1362 2265 1400 2338 in
1419 2266 1665 2339 concitandam
1684 2267 1892 2342 seditionem
1921 2257 2116 2342 aerarium:
2137 2249 2317 2345 adultera·

683 2399 741 2465 tur
757 2392 861 2468 facile
886 2393 947 2489 jus
965 2393 1049 2467 alibi
1066 2394 1242 2490 pecunia:
1263 2391 1299 2463 vi
1319 2390 1404 2464 alibi
1424 2391 1633 2487 opprimitur
1645 2390 1786 2488 justitia
1806 2416 1814 2463 ε
1836 2391 2073 2467 sollicitantur
2099 2395 2243 2469 Lituani
2270 2396 2318 2469 ad

683 2515 877 2625 discidium·
890 2540 931 2590 ac
957 2517 1166 2614 diremptum
1184 2513 1338 2611 partium
1356 2536 1498 2588 suarum
1516 2537 1559 2588 ac
1579 2519 1840 2611 provinciarum
1858 2543 1880 2594 a
1897 2543 2008 2617 reguo
2034 2523 2195 2599 Poloniae
2213 2551 2222 2599 :
2241 2526 2316 2599 itur

682 2665 844 2718 aversum
879 2644 1090 2730 sacerdotia,
1127 2651 1163 2717 et
1193 2643 1399 2716 mulctatum
1426 2641 1610 2738 stipendiis
1639 2644 1826 2740 religiosas
1853 2647 1961 2720 etiam
1990 2647 2144 2722 familias
2166 2675 2174 2722 :
2199 2649 2314 2723 libelli

681 2768 808 2843 famosi
820 2769 857 2841 in
872 2790 993 2865 regem
1006 2775 1041 2842 et
1057 2768 1182 2842 fideles
1199 2768 1277 2864 regi
1295 2767 1472 2842 ministros
1490 2769 1755 2865 disperguntur.
1772 2771 1943 2846 Miscetur
1969 2773 2169 2870 respublica
2185 2783 2221 2849 et
2238 2777 2313 2851 fere

678 2893 768 2968 coelo
786 2901 896 2968 terra.
913 2893 1020 2967 Miles
1033 2893 1070 2966 in
1084 2891 1208 2967 fraude
1227 2885 1393 2989 stipendii
1412 2893 1515 2966 modo
1534 2916 1584 2967 aes
1601 2893 1788 2969 militarea
1809 2895 1957 2970 ducibus
1984 2899 2137 2994 superbe
2153 2902 2313 2997 postulat

679 3019 791 3094 victor
823 3019 990 3105 hostium,
1022 3017 1126 3092 modo
1159 3015 1373 3114 petulanter,
1403 3040 1521 3091 rerum
1540 3018 1615 3114 jam
1647 3018 1787 3094 aliunde
1812 3029 1923 3109 satur,
1954 3046 1974 3097 e
2005 3023 2151 3120 reliquis
2181 3025 2311 3101 civium

680 3144 831 3218 fortunis
861 3143 1025 3218 hostilem
1054 3143 1092 3216 in
1117 3142 1259 3216 modum
1289 3141 1373 3214 facit
1403 3141 1601 3218 manubias.
1622 3144 1710 3218 Haec
1734 3146 1827 3220 inter
1852 3146 2039 3221 latrocinia
2071 3171 2113 3223 eo
2138 3153 2314 3246 processit

546 3271 556 3290 ⁸
681 3269 828 3347 audacia
871 3267 1098 3342 factiosorum
1124 3276 1160 3342 et
1189 3267 1299 3354 furor,
1330 3273 1368 3340 ut
1391 3288 1471 3362 quae
1507 3269 1686 3343 acuissent
1716 3271 1753 3344 in
1783 3271 1921 3347 hostem
1950 3276 2245 3371 persequendum,
2275 3279 2313 3350 in

680 3391 796 3468 caedes
821 3413 904 3466 suas
923 3390 996 3464 tela
1024 3393 1206 3466 verterint.

510 3500 676 3639 mne?
733 3519 851 3592 Vilnae
872 3517 920 3591 ad
943 3518 1032 3592 XIV
1051 3516 1223 3591 kalendas
1245 3519 1388 3595 sextiles
1418 3520 1455 3594 in
1480 3527 1654 3596 conventu
1672 3521 1800 3594 ducum
1824 3519 1962 3596 militiae
1991 3523 2209 3622 aliorumque
2226 3551 2312 3626 pro·

508 3660 555 3716 ees
587 3659 660 3732 opud
684 3665 803 3718 cerum
817 3641 993 3715 Lituaniae
1018 3641 1192 3736 agebatur
1219 3642 1403 3717 consilium
1428 3644 1474 3718 de
1499 3644 1739 3741 persolvendis
1765 3644 1868 3719 militi
1894 3647 2091 3744 stipendiis.
2113 3650 2153 3722 In
2172 3673 2314 3728 summa

507 3739 661 3888 ‘mim
684 3766 888 3842 difficultate
912 3767 965 3841 rei
981 3767 1201 3850 nummariae‚
1222 3789 1300 3839 cum
1326 3767 1402 3863 ipsa
1427 3767 1598 3842 darentur
1622 3770 1809 3865 promissa,
1830 3772 2044 3846 commoveri
2068 3773 2250 3862 militares,
2275 3787 2314 3853 et

681 3896 769 3969 duas
783 3895 820 3969 in
833 3901 953 3990 partes
971 3893 1176 3968 discedere:
1197 3899 1304 3990 atque
1319 3894 1356 3967 hi
1373 3895 1525 3991 quidem,
1547 3895 1607 3991 qui
1630 3895 1824 3992 prudenter
1840 3917 1887 3968 ex
1908 3894 2112 3972 difficultate
2137 3901 2313 3995 temporis

677 4042 754 4093 rem
771 4017 1006 4106 aestimabant,
1039 4041 1179 4114 aequum
1208 4017 1337 4105 facere,
1367 4025 1403 4092 et
1428 4017 1560 4114 placati
1582 4017 1737 4115 pendere
1762 4018 1963 4114 promissis;
1998 4019 2051 4093 illi
2075 4028 2211 4107 contra,
2232 4048 2310 4098 non

677 4141 902 4239 expostulare
914 4149 1052 4216 tantum
1069 4149 1105 4216 et
1129 4143 1282 4237 exigere,
1298 4141 1361 4216 sed
1379 4143 1493 4216 minas
1512 4142 1618 4217 etiam
1638 4143 1791 4240 jactare,
1812 4141 1990 4229 secedere,
2006 4150 2113 4241 atque
2131 4145 2169 4219 in
2182 4169 2311 4222 necem

675 4275 750 4341 tum
776 4266 1014 4353 mareschalli,
1036 4265 1215 4364 coryphaei
1244 4289 1356 4362 nuper
1382 4267 1451 4353 sui,
1468 4273 1603 4341 mutato
1629 4265 1756 4342 deiude
1780 4265 1940 4354 consilio,
1960 4267 2007 4340 ad
2031 4269 2152 4364 regias
2179 4279 2308 4365 partes

675 4393 777 4490 quasi
790 4393 998 4488 transfugae,
1019 4392 1178 4466 casimiri
1196 4390 1391 4486 Chvalibog
1407 4391 1621 4489 Zyromshii,
1650 4401 1724 4466 tum
1741 4391 1920 4469 Vincentii
1934 4391 2075 4467 Corvini
2088 4395 2310 4470 Gosiewshii

674 4517 773 4591 ducis
798 4517 1030 4590 Lituanorum
1055 4515 1261 4612 campestris
1283 4522 1319 4589 et
1343 4515 1570 4604 thesaurarii,
1600 4516 1823 4611 conspirare;
1852 4517 2044 4612 instigante
2070 4519 2220 4596 maxime
2238 4543 2307 4620 op·

670 4641 768 4716 tione
792 4641 947 4717 cohortis
964 4639 1075 4736 regiae
1094 4627 1306 4713 Kotovshio.
1327 4639 1506 4715 Evocatus
1531 4663 1595 4737 per
1613 4639 1732 4714 dolum
1745 4641 1854 4716 Vilna
1878 4643 2122 4740 Zyromshius,
2141 4653 2307 4743 raptatus

670 4766 753 4839 inde
767 4765 892 4839 misere
904 4765 1120 4838 totoitiuere
1136 4763 1395 4860 laceratusque,
1407 4764 1511 4838 tertio
1525 4766 1571 4839 ab
1584 4766 1672 4840 urbe
1690 4764 1854 4839 milliario
1872 4767 1967 4862 apud
1988 4791 2122 4865 pagum
2131 4769 2305 4844 Dubnam

672 4890 803 4987 gladiis
832 4888 1022 4962 furentium
1041 4888 1235 4963 conficitur.
1265 4889 1354 4961 Mox
1383 4889 1554 4962 Corvinus
1580 4891 1698 4978 etiam,
1727 4912 1750 4963 a
1780 4891 1865 4965 suis*
1882 4891 2045 4987 proditus
2075 4893 2299 4984 custodibus,

672 5013 780 5087 Vilna
804 5012 956 5110 Volpam
973 5012 1017 5084 ad
1042 5011 1276 5109 perduellium
1301 5013 1505 5088 concionem
1529 5014 1687 5089 aufertur
1705 5015 1853 5111 septimo
1879 5014 2054 5091 kalendas
2079 5017 2300 5096 decembres.

673 5137 775 5214 Nihil
791 5136 828 5210 iu
845 5159 889 5211 ea
910 5133 1193 5209 tumultuantium
1217 5136 1401 5212 ferocitate
1427 5161 1470 5213 ac
1495 5139 1636 5215 turbine
1660 5142 1735 5238 agi,
1756 5142 1856 5216 nulla
1884 5143 2022 5218 ratione
2043 5145 2209 5243 principis
2227 5147 2304 5222 viri

670 5262 874 5343 innocentia
891 5261 1034 5337 defendi
1055 5262 1180 5359 potuit.
1201 5263 1271 5336 Vix
1289 5263 1325 5337 id
1338 5261 1575 5360 impetratum,
1596 5273 1636 5339 ut
1652 5266 1794 5362 quando
1812 5267 1886 5342 vita
1904 5267 2050 5364 quidem
2061 5277 2138 5346 erat
2153 5271 2303 5348 omnino
