4936 6658
691 763 800 828 LIBER
823 761 982 828 DECIMUS
1000 759 1214 845 (1656-1661).
1739 759 1800 834 397

178 952 340 1051 magistri
369 953 525 1040 tironum
541 950 644 1037 alias,
660 947 749 1024 alias
765 948 915 1064 ministri
927 948 1068 1022 functus
1085 945 1228 1034 officiis;
1251 947 1351 1044 cujus
1367 947 1435 1022 viri
1461 953 1668 1044 conspectus
1693 945 1801 1024 etiam
1827 963 1891 1026 1662

178 1079 255 1176 ipse
270 1077 315 1152 ad
331 1099 488 1151 amorem
500 1077 568 1150 Dei
590 1075 813 1170 studiumque
829 1073 970 1147 virtutis
999 1071 1135 1145 hortari
1153 1072 1351 1146 videbatur.
1373 1072 1518 1146 Summa
1542 1071 1748 1168 integritate
1765 1079 1801 1150 ct

61 1278 67 1299 ,
177 1206 379 1282 1666666116
391 1205 445 1277 616
465 1229 473 1278 :
495 1202 632 1288 stolam,
649 1224 756 1298 quam
772 1224 817 1275 ex
833 1199 931 1273 16616
949 1197 1113 1293 baptismi
1129 1194 1316 1283 extulerat,
1337 1196 1382 1268 ad
1396 1217 1597 1291 supremum
1611 1195 1696 1271 vitae
1709 1195 1801 1276 diem

178 1328 449 1404 nullovitiatam
479 1341 580 1400 nae'vo
606 1326 849 1412 conservavit;
870 1324 1058 1422 praesentis
1076 1324 1207 1418 661666
1232 1321 1387 1395 numinis
1404 1344 1538 1398 memor
1556 1320 1617 1398 ille
1649 1344 1801 1417 semper,

177 1475 358 1537 reverens,
374 1459 411 1527 et
427 1474 552 1526 amans
573 1477 581 1524 :
601 1450 844 1546 cupiditatum,
872 1449 1098 1543 omniumque
1120 1469 1309 1545 pravarum
1334 1444 1560 1520 affectionum
1585 1445 1697 1518 animi
1722 1467 1803 1542 per·

175 1584 305 1674 petuus
322 1583 481 1662 vexator,
497 1575 610 1648 victor
635 1562 784 1670 6661666
802 1596 845 1647 66
857 1573 1033 1647 dominus.
1051 1571 1164 1646 Nemo
1181 1572 1277 1646 6666
1289 1572 1379 1646 61611
1404 1572 1614 1658 subiratum,
1642 1580 1706 1646 aut
1722 1572 1802 1648 sub·

177 1700 329 1786 tristem,
349 1705 411 1773 aut
436 1700 626 1795 quidquam
644 1698 762 1772 oneris
786 1696 1062 1782 detrectantem
1083 1697 1223 1770 tametsi
1248 1697 1496 1792 ingererentur
1522 1697 1590 1770 sibi
1616 1698 1740 1783 multa,
1761 1719 1803 1771 ac

176 1849 274 1922 saepe
292 1823 455 1910 molesta,
477 1831 513 1898 et
529 1822 699 1907 difficilia,
719 1829 755 1897 61
771 1822 911 1896 acerba.
930 1821 1134 1917 Complures
1152 1821 1333 1908 observes
1355 1822 1489 1896 subacti
1501 1822 1609 1898 etiam
1634 1823 1730 1896 viros
1750 1821 1802 1897 in·

175 1951 286 2047 genii,
308 1950 467 2045 beneque
495 1954 664 2032 moratos,
694 1970 765 2021 non
795 1945 938 2022 eosdem
962 1946 1061 2019 horis
1089 1967 1168 2020 esse
1197 1945 1380 2035 omnibus·;
1399 1947 1482 2022 6616
1508 1953 1610 2022 16666
1634 1946 1718 2024 vitae
1740 1947 1806 2026 1611

175 2073 351 2171 perpetim
366 2071 565 2168 aequabilis,
587 2079 622 2146 et
639 2094 718 2145 cum
734 2072 905 2167 temporis
934 2077 1010 2145 tum
1039 2093 1158 2144 rerum
1176 2070 1396 2166 agendarum
1420 2079 1517 2146 certa
1535 2095 1579 2148 ex
1595 2073 1804 2169 praescripto

175 2223 219 2274 ac
232 2198 369 2272 stabilis
385 2198 489 2271 ratio.
512 2197 650 2279 Quietis
677 2205 861 2272 nocturnae
877 2204 1049 2294 tempore,
1066 2219 1146 2270 cum
1162 2196 1197 2268 id
1215 2197 1368 2292 negotiis
1390 2198 1541 2272 maxime
1567 2199 1613 2272 sit
1637 2221 1801 2283 vacuum,

176 2333 251 2398 tres
265 2323 326 2398 ille
343 2323 635 2396 horas‘somnum
664 2346 762 2426 more
788 2344 866 2405 suo,
893 2345 976 2395 raro
994 2328 1158 2418 quatuor,
1179 2328 1287 2419 atque
1312 2328 1386 2395 tum
1403 2321 1484 2406 nisi,
1504 2346 1584 2398 cum
1615 2345 1660 2398 ex
1678 2323 1804 2400 diurno
1881 2316 1884 2323 ’

173 2448 298 2524 166666
311 2448 427 2522 166666
445 2455 553 2536 66661,
569 2470 717 2544 eumque
731 2447 842 2534 humi,
858 2453 920 2521 aut
932 2445 1037 2520 66616
1055 2447 1093 2520 16
1107 2445 1299 2533 asseribus,
1319 2446 1507 2542 carpebat;
1523 2446 1699 2521 interdum
1712 2454 1804 2523 totas

172 2572 414 2670 pervigilabat
431 2581 566 2660 noctes,
586 2596 706 2646 rerum
723 2572 935 2657 divinarum,
947 2571 1074 2667 quibus
1091 2569 1301 2644 meditandis
1320 2593 1362 2646 eo
1386 2571 1424 2644 16
1443 2572 1515 2646 6116
1533 2579 1568 2646 61
1585 2571 1726 2648 61166116
1740 2573 1803 2651 im·

172 2697 320 2794 pensius
342 2719 381 2772 66
400 2697 521 2784 dabat,
548 2703 673 2793 captus
695 2696 893 2772 dulcedine.
914 2695 1051 2783 Inedia,
1071 2702 1172 2772 66616
1190 2691 1341 2782 cilicina,
1363 2696 1497 2770 catenis
1522 2695 1661 2784 ferreis,
1681 2697 1804 2795 flagris

173 2823 332 2908 nodosis,
357 2822 507 2919 aliisque
528 2824 760 2922 asperitatum
785 2822 899 2896 modis
919 2823 1100 2918 exquisitis
1126 2823 1178 2896 sic
1199 2846 1238 2896 se
1265 2822 1470 2910 afflictabat,
1491 2829 1529 2896 61
1552 2825 1680 2900 mirum
1697 2827 1800 2915 16661,

172 2949 235 3044 661
248 2948 396 3035 6166661,
416 2955 524 3045 61666
546 2950 637 3024 6666
650 2957 725 3023 tum
751 2955 846 3024 esset
860 2956 1022 3044 vegetus,
1039 2948 1175 3034 hilaris,
1193 2955 1230 3022 et
1254 2948 1300 3021 ad
1318 2947 1433 3024 officia
1458 2948 1643 3045 expeditus
1669 2954 1798 3028 omnia.

174 3074 265 3155 Quae
279 3095 355 3146 666
371 3073 455 3148 vitae
468 3075 660 3149 austeritas
678 3097 698 3149 6
715 3074 866 3148 61661666
886 3074 971 3146 6166
988 3073 1128 3146 Divinae
1149 3073 1364 3168 Majestatis,
1380 3073 1477 3148 illino
1502 3097 1578 3149 6666
1594 3076 1803 3155 humilitatis

173 3197 380 3294 cognitione
407 3199 605 3273 existebat:
626 3197 840 3294 intelligenti
858 3197 1037 3284 nimirum,
1058 3206 1190 3294 quanta
1209 3199 1256 3272 sit
1280 3199 1358 3284 Dei,
1378 3199 1435 3274 cui
1451 3202 1614 3287 serviret,
1630 3202 1800 3298 dignitas,

172 3331 250 3398 tum
267 3346 333 3398 sua
348 3324 444 3420 apud
457 3347 537 3396 eum
555 3323 733 3420 profitenti
751 3323 940 3418 diligenter
958 3323 1139 3419 obsequia,
1157 3325 1406 3421 sapienterque
1424 3326 1548 3402 eadem
1574 3328 1801 3418 existimanti,

173 3448 349 3545 66166616-
363 3449 634 3544 diligentissime
664 3450 771 3523 etiam
803 3450 947 3544 egisset,
968 3448 1058 3522 nihil
1083 3455 1179 3524 66616
1205 3449 1334 3526 sactum
1363 3451 1432 3526 6161
1460 3453 1657 3528 616666166.
1680 3457 1804 3552 116666

171 3573 273 3647 66116
291 3573 405 3647 616616
419 3597 462 3648 66
479 3575 610 3670 6161616
628 3574 695 3646 sibi
710 3575 940 3671 poteratipse
953 3574 1166 3649 satisfacere
1183 3599 1191 3648 :
1207 3582 1248 3649 61
1260 3583 1451 3673 propterea
1463 3601 1502 3654 se
1517 3601 1589 3652 non
1603 3580 1804 3658 mortalium

171 3698 281 3772 modo
306 3698 461 3772 omnium
486 3697 769 3794 ignavissimum,
793 3697 1072 3800 vilissimumque
1097 3705 1212 3795 caput,
1242 3699 1442 3795 deputaret,
1471 3702 1534 3776 sed
1562 3703 1654 3777 16166
1684 3727 1804 3780 orcum

172 3823 283 3898 etiam
300 3823 489 3919 abjiceres
509 3845 551 3894 ac
577 3822 610 3896 si
631 3822 707 3918 ipse
724 3823 960 3898 beneficentia
987 3823 1107 3897 divina
1136 3824 1341 3898 abuteretur
1366 3825 1521 3900 omnium
1543 3827 1801 3923 indignissime.

171 3947 329 4024 Tantum
341 3945 489 4042 proinde
511 3946 578 4048 sibi
605 3948 738 4021 creavit
755 3946 875 4021 odium
888 3947 956 4032 661,
979 3953 1019 4022 61
1035 3947 1307 4023 existimationis
1326 3972 1400 4022 suaa
1429 3950 1706 4046 significationes
1722 3977 1802 4050 gra·

169 4071 265 4156 vius,
295 4092 401 4166 quam
426 4069 675 4144 contumeliam
702 4072 887 4167 quisquam
904 4094 1093 4167 arrogans,
1117 4072 1228 4146 166661
1244 4099 1252 4148 :
1269 4074 1376 4169 16666
1400 4073 1507 4148 laude
1524 4098 1600 4151 6666
1617 4077 1804 4171 probitatis

169 4196 314 4270 sincera
332 4195 517 4272 simulasse
533 4199 574 4271 'sa
592 4196 725 4293 aliquid
741 4197 907 4272 contiuuo
924 4196 1041 4270 laudis
1054 4219 1158 4270 vanae
1175 4198 1305 4283 studio,
1320 4207 1427 4295 atque
1444 4201 1653 4296 imposuisse
1672 4203 1804 4300 simpli·

169 4319 287 4408 cibus,
305 4328 468 4417 putaret;
485 4321 590 4416 idque
605 4321 643 4394 in
660 4344 699 4396 66
712 4321 842 4396 vindex
867 4309 1072 4396 verberibus
1093 4322 1200 4396 etiam
1220 4323 1426 4418 castigaret.
1448 4325 1649 4399 Praesidum
1662 4351 1804 4402 suorum

172 4466 358 4530 reverens,
375 4444 539 4540 dictoque
552 4445 732 4533 obediens,
749 4445 838 4522 nihil
851 4468 890 4521 66
903 4445 987 4520 boni
995 4469 1099 4543 posse
1112 4469 1221 4545 agere
1238 4448 1475 4535 existimabat,
1492 4449 1586 4545 quod
1599 4473 1670 4526 non
1683 4474 1805 4530 eorum

167 4569 292 4666 jussu,
312 4576 375 4647 aut
387 4570 514 4647 saltem
532 4594 713 4657 66666666,
734 4571 887 4646 faceret..

226 4695 456 4791 Paupertatis
468 4697 542 4771 voti
569 4705 643 4772 tam
669 4698 837 4795 religiose
863 4698 1067 4785 observans,
1092 4703 1145 4784 ut,
1165 4703 1297 4793 praeter
1314 4696 1404 4770 duos
1420 4702 1537 4774 tresve
1556 4697 1709 4786 libellos,
1726 4702 1803 4798 qui·

171 4819 242 4892 bus
260 4819 405 4893 omnino
439 4822 608 4895 utendum
631 4831 720 4910 erat,
761 4821 857 4918 apud
891 4845 929 4898 se
962 4823 1108 4903 haberet
1141 4822 1243 4898 nihil.
1265 4821 1433 4918 Frugalis
1459 4845 1502 4896 ao
1531 4845 1735 4922 praeparcus
1765 4825 1803 4904 in

173 4944 251 5019 suis
282 4945 487 5034 commodis,
506 4947 544 5020 in
574 4947 652 5022 aliis
671 4949 853 5044 praecipua
871 4948 1046 5024 charitato
1068 4947 1244 5021 officiosus
1274 4954 1352 5022 erat
1366 4969 1410 5021 ac
1429 4947 1602 5026 liberalis.
1624 4951 1800 5048 Hospitas

171 5069 333 5166 benigne
345 5072 566 5168 exceptabat,
582 5073 711 5148 dictum
724 5073 814 5147 illud
825 5074 975 5148 hilarem
993 5073 1030 5146 in
1051 5072 1192 5146 modum
1210 5095 1410 5170 usurpans:
1431 5073 1561 5170 hospes
1574 5076 1684 5162 66611,
1702 5075 1801 5152 Chri·

172 5201 254 5272 stus
271 5195 381 5276 venit.
402 5195 708 5274 Valetudinarium
720 5199 964 5286 domesticum,
980 5199 1011 5274 si
1028 5197 1089 5294 qui
1101 5197 1228 5294 aegroti
1245 5205 1466 5284 curarentur,
1486 5197 1624 5276 visebat
1644 5203 1774 5295 crebro
1791 5225 1800 5276 ε
