4930 6634
642 803 751 879 ursus
776 807 957 880 ssrrruus
978 815 1191 900 (roeo-reso).
1607 799 1608 802 ‘
1702 795 1763 881 '275

147 1001 215 1075 viso
232 1001 406 1076 interlecti
432 1003 563 1074 domini
593 1001 775 1087 cadavere,
794 1005 894 1099 qua'si
923 1005 1013 1078 ictus
1043 1005 1131 1100 ipse,
1153 1002 1362 1099 superbene
1392 1011 1456 1076 suo
1485 979 1761 1076 lame'btab’iliter
1786 1013 1852 1070 1oas

146 1126 279 1211 hirrus,
295 1149 456 1200 cruorem
472 1127 623 1222 lingere,
643 1128 930 1212 circumcursare,
950 1135 986 1202 et
998 1127 1166 1202 allatrare
1183 1102 1513 1224 parricidaleillis
1522 1107 1676 1202 'bestiola
1686 1111 1759 1201 'ter-

147 1249 261 1322 riculis
290 1251 414 1346 repelli
438 1253 552 1347 potuit
566 1275 590 1324 a
604 1251 773 1347 pedibus;
798 1253 834 1324 id
856 1253 971 1348 ipsum
993 1253 1111 1325 mirati
1132 1244 1315 1337 invidiose,
1341 1229 1584 1325 interfectores
1606 1250 1759 1326 catulum

148 1373 357 1448 confodiunt.
378 1375 549 1472 Nunquid
577 1375 752 1471 ampliusl
769 1377 915 1450 'Lusisse
943 1375 1060 1449 adbuc
1084 1377 1118 1448 in
1140 1375 1273 1450 scelere
1299 1375 1366 1448 sibi
1388 1375 1452 1448 visi
1469 1363 1653 1449 ca'rnifices
1671 1402 1678 1448 :
1696 1400 1758 1472 pe-

149 1495 245 1570 dibus
276 1498 420 1594 insuper
445 1499 531 1572 resti
560 1499 748 1595 colligatis,
768 1519 833 1595 per
861 1499 957 1573 vidos
982 1504 1124 1596 raptant
1148 1498 1340 1583 laniatum;
1360 1489 1410 1570 ita
1427 1496 1540 1570 v'ers'is
1565 1481 1703 1594 plateis,
1724 1495 1760 1572 in
1787 1520 1902 1592 Tempus

145 1621 266 1716 jugum
280 1622 393 1696 Dunae
406 1624 512 1697 fluvio
530 1625 715 1699 imminens
732 1624 888 1709 trahunt,
908 1647 952 1709 ex
967 1625 1057 1721 jugo
1073 1625 1109 1695 in
1125 1623 1419 1719 praeterfluentem
1434 1609 1670 1717 praecipitant.
1691 1599 1759 1696 lle-
1786 1601 1877 1748 3⁶¹⁸AE

146 1745 270 1838 jectum
290 1767 417 1842 corpus
442 1748 549 1821 haesit
565 1748 602 1820 in
619 1748 752 1821 littore.
782 1747 933 1832 Deinde,
954 1771 998 1822 ne
1023 1745 1096 1820 tat'n
1121 1741 1223 1820 atrox
1246 1745 1411 1819 faoiribri's
1428 1723 1760 1820 sui¹monumenti1ib
1785 1710 1918 1830 effi,

148 1871 307 1966 supersit,
333 1873 474 1968 scaphae
488 1873 670 1968 injectum,
695 1877 967 1968 provectumque
989 1874 1025 1944 in
1052 1873 1175 1956 altum,
1196 1869 1366 1966 alligatis·
1376 1870 1423 1944 ad
1440 1871 1547 1968 pedes
1573 1873 1608 1945 et
1632 1857 1760 1945 collum
1813 1857 1817 1868 ’

146 1993 368 2088 ponderibus,
388 2005 573 2092 spargunt.
594 1997 779 2092 Gurgitem
794 1997 893 2068 illum
918 1997 1081 2070 catholici
1100 1995 1209 2069 bodie
1237 2001 1334 2067 socrs'
1345 2000 1445 2084 putei
1462 1988 1643 2068 nominant
1659 1989 1761 2069 voca-

147 2118 235 2192 bnlo.
257 2121 407 2194 Petraia
431 2120 547 2194 caedes
573 2121 650 2193 haec
674 2120 788 2216 pridie
806 2120 885 2192 idus
910 2121 1139 2206 novembres;
1168 2138 1235 2215 quo
1260 2120 1337 2215 ipso
1366 2125 1523 2214 tempore
1550 2121 1626 2192 visa
1652 2118 1710 2192 'est
1738 2121 1761 2192 a

145 2244 274 2318 civibus
303 2243 472 2328 Polociae,
490 2243 527 2316 in
558 2244 645 2316 urbe
674 2244 780 2338 hujus
806 2245 975 2317 antistitis
991 2245 1171 2340 primaria,
1192 2242 1338 2338 grandis
1366 2243 1403 2315 in
1431 2243 1533 2329 coelo,
1554 2239 1758 2317 Vitebsc'uin

145 2388 274 2451 versos,
294 2369 458 2442 columna
473 2369 598 2464 ignea;
630 2369 660 2440 is
689 2367 755 2440 suit
773 2365 1026 2442 Polocensibus
1056 2369 1201 2441 nuntius
1230 2392 1238 2439 :
1267 2364 1428 2440 columen
1459 2361 1573 2452 suum,
1594 2373 1753 2442 sanctum

144 2491 331 2564 antistitem
359 2491 518 2565 Vitebsci
547 2491 753 2566 convulsum
782 2513 871 2564 esse.

186 2616 390 2689 Narrardnt
402 2615 557 2712 quidam,
572 2617 667 2709 iique
680 2634 808 2710 graves
821 2615 899 2700 viri,
917 2598 1035 2687 statim
1048 2635 1091 2686 ac
1103 2613 1301 2687 demersum
1319 2621 1414 2688 esset
1429 2611 1753 2713 martyris-'corpus
1785 2613 1897 2708 omissa

143 2740 247 2812 multo
262 2749 346 2814 ante
370 2761 532 2814 occasum
553 2739 636 2821 diei,
657 2739 789 2812 offusas
807 2739 915 2812 fuisse
933 2738 1067 2810 civitati
1079 2739 1257 2824 tenebras,
1277 2740 1387 2812 tetras
1404 2736 1484 2814 illas
1498 2740 1600 2826 adeo,
1620 2748 1659 2814 ut
1676 2727 1756 2836 bar·
1782 2696 1931 2764 ἥψω

143 2863 258 2938 ricidae
269 2864 306 2936 in
322 2872 458 2938 noctem
477 2872 623 2959 repente
640 2863 913 2936 Acherunticam
931 2862 1079 2958 conjecti
1092 2863 1158 2936 sibi
1176 2862 1391 2948 viderentur,
1411 2871 1673 2962 praesentesque
1690 2860 1757 2940 sibi

139 2986 224 3060 alius
237 2986 348 3060 alium
363 2989 607 3083 requirerent:
630 2983 819 3060 errabundi
833 2987 1018 3082 pervices,
1039 2987 1186 3060 horrore
1198 2987 1343 3081 perfusi,
1364 2987 1475 3062 sicubi
1489 2988 1624 3076 domus,
1645 2989 1756 3063 sicdbi

139 3110 227 3186 fores
245 3119 377 3196 essent,
397 3111 545 3208 pedibus
570 3111 814 3206 manibusque,
839 3133 1011 3184 caecorum
1037 3111 1120 3196 ritu,
1144 3116 1412 3204 praetentarent.

181 3235 358 3310 Postridie
375 3237 450 3332 ejus
467 3234 588 3322 caedis,
609 3235 778 3323 Polociae,
798 3236 835 3306 in
854 3235 984 3330 oppido
1002 3235 1084 3307 binc
1102 3233 1278 3328 disjuncto
1301 3234 1482 3309 leucarum
1495 3235 1623 3332 viginti
1647 3233 1756 3312 111111-

138 3357 237 3444 rallo,
253 3361 411 3444 Simeon,
432 3361 603 3433 Dorothei
620 3359 892 3444 Achremovicii,
918 3357 1124 3430 Polocensis
1137 3356 1290 3430 consulis
1308 3359 1449 3445 liliolus,
1470 3343 1602 3434 bimuld
1624 3361 1752 3447 minor,

138 3483 235 3555 simul
258 3507 340 3556 cum
365 3491 443 3556 ortu
462 3483 547 3556 solis
572 3490 810 3578 experrectus,
831 3482 1038 3578 parentibus
1060 3488 1096 3554 et
1125 3480 1260 3553 familia
1281 3483 1528 3576 praesentibus,
1553 3473 1698 3579 r'ep'ente
1716 3479 1754 3560 se

67 3593 71 3602 ’
138 3605 276 3702 corripit
292 3629 312 3680 e
330 3606 472 3692 lectulo,
488 3605 649 3702 perculso
664 3607 801 3691 similis,
822 3607 950 3702 quique
965 3606 1080 3678 adhuc
1097 3627 1217 3678 vocem
1233 3606 1457 3680 conmiserat
1473 3585 1536 3702 pei·
1551 3607 1749 3697 infantiam,

137 3728 284 3822 plorare,
299 3729 456 3825 illudque
472 3729 748 3826 lacrymabiliter
764 3730 984 3825 ingeminare
996 3752 1083 3801 voce
1095 3729 1210 3824 patria
1224 3751 1233 3802 ε
1249 3733 1335 3800 Toto
1345 3709 1358 3801 t
1368 3737 1464 3802 tota!
1477 3724 1615 3803 sanast
1630 3705 1752 3806 rabili?

138 3853 251 3940 Pater,
271 3853 417 3938 sufficet,
438 3861 552 3949 pater,
568 3853 678 3926 Divus
691 3877 803 3926 caesus
821 3855 894 3927 est!
913 3853 1116 3926 Mirabundi
1134 3854 1180 3924 ad
1199 3875 1277 3926 eam
1290 3854 1434 3927 infantis
1450 3876 1585 3939 vocem,
1606 3865 1750 3952 repente
1777 3886 1867 3943 mens

136 3976 267 4052 inhaec
297 3976 450 4053 solutam
481 3978 600 4062 verba,
625 3985 788 4072 quaerunt
804 3997 850 4048 ex
883 3999 992 4071 puero
1009 3983 1173 4070 parentes
1194 3999 1201 4046 :
1219 3977 1297 4070 quis
1327 3975 1388 4050 ille
1406 3978 1502 4051 Deus
1519 3977 1672 4053 Diiusi'e
1703 3982 1749 4053 sit
1778 3983 1860 4063 Μ

137 4103 267 4174 caesosl
285 4102 316 4174 is
330 4101 453 4185 Divus,
473 4099 664 4196 respondet
692 4100 806 4196 pusio,
829 4121 948 4172 caesus
976 4105 1042 4182 est,
1064 4099 1123 4194 qui
1148 4100 1185 4170 in
1204 4099 1270 4170 bac
1287 4100 1373 4172 urbe
1390 4117 1454 4173 sua
1472 4099 1599 4172 ddunt
1620 4100 1749 4187 focam
1778 4065 1859 4106 Μ’

141 4222 198 4318 (sic
231 4225 446 4298 Rutenicum
477 4224 654 4320 templum,
673 4245 696 4296 a
717 4223 806 4296 Divo
833 4222 1007 4318 Josaphat
1036 4243 1142 4316 opero
1171 4221 1327 4294 lateritio
1355 4229 1584 4308 exstructum,
1605 4225 1753 4300 locabat

137 4347 269 4444 vulgus)
280 4349 362 4445 pius
375 4331 582 4420 condiderit.
601 4347 668 4419 His
684 4345 786 4419 dictis
804 4346 989 4432 obmutuit,
1006 4346 1184 4440 tacuitque
1201 4345 1346 4431 tamdiu,
1372 4346 1484 4419 donec
1507 4349 1659 4442 pueritia
1671 4365 1752 4422 con·

67 4481 69 4488 ⁴
137 4493 280 4566 sequeus
296 4477 501 4567 superasset
512 4471 705 4543 infantiam.
731 4469 886 4542 Vixdum
901 4471 980 4542 baec
997 4467 1123 4542 effatus
1152 4475 1207 4542 est
1239 4469 1367 4552 infans,
1389 4473 1467 4541 'cum
1485 4487 1565 4543 ecce
1582 4472 1753 4548 Polocen-

138 4595 242 4679 sibus,
262 4595 299 4666 in
318 4594 440 4691 primis
459 4595 594 4666 consuli
629 4595 822 4678 Dorothe0,
847 4615 870 4665 a
896 4593 1073 4666 Vitebscia
1109 4591 1252 4665 nuntius
1279 4591 1387 4665 credis
1414 4593 1615 4687 pontiflciae.
1653 4597 1753 4670 Niliil

138 4718 305 4813 ejusmodi
334 4715 489 4790 Polociae
519 4724 596 4790 erat
621 4717 677 4791 vel
707 4718 985 4790 consomniatum
1017 4716 1248 4810 adhuc.1psa
1278 4715 1452 4789 Simeonis
1469 4716 1631 4803 infantia,
1660 4720 1752 4794 fama

138 4841 293 4936 quaedam
309 4841 444 4914 civibus
461 4839 528 4911 fuit
543 4842 743 4934 praenuntia
755 4839 801 4937 (1).
824 4837 962 4914 Exinde
979 4839 1110 4912 famulo
1136 4862 1238 4912 suum
1255 4839 1349 4912 Deus
1376 4839 1595 4914 admirandis
1625 4843 1750 4939 signis,

139 4964 210 5036 aliis
239 4973 345 5060 atque
361 4964 458 5051 aliis,
477 4964 607 5058 populo
624 4964 880 5038 commendare.
918 4963 1054 5058 Corpus
1075 4963 1255 5058 martyris,
1273 4961 1332 5034 diu
1349 4983 1372 5033 a
1395 4962 1579 5037 catholicis
1596 4965 1633 5037 in
1647 4965 1752 5040 Dnna

139 5087 332 5181 quaesitum,
352 5086 646 5160 sextoinventum
662 5088 720 5161 die
736 5089 935 5182 :integrum
967 5085 1056 5158 illud
1074 5086 1216 5158 omnino
1233 5107 1275 5158 ac
1300 5085 1465 5172 flexibile,
1482 5095 1585 5180 grato
1603 5091 1646 5161 'a'c
1661 5091 1753 5164 r'eni·

178 5227 217 5302 11)
233 5227 274 5286 Ex
288 5229 409 5288 historia
420 5227 540 5307 collegii
558 5229 724 5287 Polocensis
736 5235 764 5286 et
782 5225 843 5286 Vita
855 5226 889 5285 B.
904 5221 1061 5300 Josnpboti,
1084 5241 1099 5283 a
1117 5225 1260 5284 Basilisco
1273 5226 1376 5299 scripta
1389 5227 1517 5300 typisque
1532 5223 1656 5306 vulgata.
