4896 6650
645 742 754 804 uana
776 744 965 812 sscuunns
987 748 1198 826 (sarr-asso).
1720 749 1762 818 va

153 926 261 1000 multa.
297 925 339 996 ln
368 922 534 1019 Belgium
564 930 763 1014 revocatus,
783 930 893 1006 multo
918 932 1062 1008 duriora
1086 933 1179 1009 inter
1205 934 1391 1010 haereticos
1421 935 1546 1012 eodem
1563 938 1601 1012 in
1616 937 1760 1035 negotio
1789 934 1851 994 ¹⁵7⁹

150 1051 303 1124 sustinuit
325 1075 333 1122 :
354 1047 433 1122 telis
458 1072 532 1122 non
559 1069 641 1122 raro
665 1049 773 1145 jactis
811 1036 904 1132 inter
933 1057 1211 1137 concionandum
1237 1060 1413 1155 appetitus
1444 1087 1452 1134 :
1481 1061 1669 1159 aliquando
1697 1085 1761 1158 per

151 1177 258 1250 urbem
288 1175 588 1270 Neomagensem,
604 1181 773 1272 tanquam
789 1206 883 1256 ursae
898 1183 1004 1271 latro,
1025 1183 1208 1268 deductus,
1240 1185 1379 1281 popello
1408 1186 1620 1264 Luteranico
1650 1189 1762 1264 sibilis

151 1303 401 1398 maledictisque
417 1309 651 1378 consectante.

187 1425 424 1520 Bruusbergaa
454 1423 680 1500 semicarium
711 1427 904 1502 educandis
937 1428 1235 1525 instruendisque,
1270 1433 1329 1528 qui
1360 1432 1496 1519 Suecis,
1533 1433 1759 1532 finitimisque
1786 1398 1931 1534 Bmssgg,

150 1547 315 1643 gentibus,
336 1548 382 1622 ad
395 1548 567 1623 Ecclesiae
583 1548 760 1624 Romanae
776 1551 1024 1626 auctoritatem
1042 1553 1263 1641 revocandis,
1284 1554 1475 1630 salutarem
1490 1567 1663 1632 navarent
1680 1582 1760 1655 ope·
1785 1573 1825 1624 gs
1836 1559 1931 1650 'seni-

151 1697 225 1759 ram,
257 1673 327 1748 hoc
354 1695 447 1747 anno
477 1674 677 1746 institutum
706 1697 728 1746 a
755 1673 930 1771 Gregorio
944 1676 1050 1762 XIII,
1066 1687 1278 1771 procurante
1296 1681 1333 1754 in
1350 1683 1471 1778 primis
1485 1685 1527 1756 P.
1549 1685 1756 1760 Possevino.
1786 1651 1900 1782 qqqsqqn

190 1799 373 1876 Pestilenti
397 1801 434 1874 in
463 1802 592 1876 Suecia
622 1810 780 1898 tempore
797 1801 845 1898 (1),
867 1801 1045 1876 Stanislao
1062 1803 1312 1877 Varsxevickio
1339 1812 1375 1878 et
1405 1806 1547 1880 Simone
1564 1807 1759 1906 Wysoclrio
1785 1797 1864 1854 ⁰¹⁰m·

149 1923 294 1999 teosiae
311 1927 408 2022 apud
433 1926 627 2022 Reginam,
642 1926 835 1999 Laurentio
854 1925 1022 2021 Norvego
1046 1927 1291 2013 Stolrholmiae‚
1312 1930 1449 2003 civium.
1467 1931 1616 2005 salntem
1633 1956 1757 2029 procu·

149 2049 319 2136 rantibus;
341 2051 558 2126 Possevinus
584 2075 663 2124 cum
689 2051 834 2145 reliquls
858 2049 984 2133 Sociis,
1007 2050 1149 2123 Ioanne
1170 2049 1353 2147 Ardolpho
1376 2059 1412 2126 et
1437 2053 1586 2130 Nicolao
1607 2056 1757 2131 Milonio
1839 2063 1880 2118 4²-

149 2173 186 2245 ad
197 2196 342 2270 parvam
360 2175 525 2260 insulam,
547 2175 757 2272 sylvestrem
773 2152 872 2246 illam
887 2195 1132 2269 saxosamque,
1153 2175 1264 2249 Sociis
1286 2199 1399 2271 nuper
1416 2179 1621 2255 attributam
1638 2184 1755 2280 hospi·
1781 2145 1900 2203 pm

148 2297 241 2383 tibus,
274 2321 312 2371 se
338 2298 497 2373 contulit.
521 2298 590 2372 Hic
611 2299 688 2372 loco
715 2299 873 2384 horrido,
893 2297 931 2370 in
959 2299 1102 2395 tugurio
1133 2308 1296 2395 augusto,
1325 2303 1467 2376 obnoxii
1495 2305 1648 2401 undique
1673 2309 1757 2382 vitae
1782 2306 1842 2398 spii
1868 2307 1930 2363 sno·

148 2421 297 2514 periculis
315 2423 423 2511 Socii,
444 2425 738 2499 anachoretarum
767 2425 850 2510 ritu,
869 2422 1134 2500 formidolosum
1152 2423 1363 2521 pestilentiae
1388 2434 1526 2524 tempus
1551 2429 1588 2506 in
1611 2431 1756 2506 medita·
1781 2399 1901 2530 2231„

148 2543 230 2619 tione
250 2547 375 2621 mortis
393 2555 429 2622 et
444 2550 539 2622 omni
554 2550 639 2622 vitae
664 2550 856 2645 asperitate
877 2555 1084 2644 exegerunt.
1106 2547 1240 2644 Magna
1267 2549 1316 2621 ibi
1337 2549 1469 2625 circum
1491 2552 1656 2640 solitudo,
1678 2580 1756 2652 per·
1781 2552 1924 2610 rivasorto

149 2670 237 2763 pauci
253 2671 426 2759 meticuli,
450 2673 544 2768 iique
561 2674 634 2747 suis
659 2680 827 2771 perpetuo
854 2673 980 2746 intenti
1007 2671 1195 2769 operibus;
1215 2672 1253 2744 in
1270 2674 1367 2782 agris
1393 2675 1526 2749 scilicet
1543 2676 1669 2751 insulae
1685 2703 1756 2753 non
1781 2649 1916 2768 qqdqom·

146 2796 260 2890 oppido
278 2796 431 2894 siliginis
443 2799 550 2872 etiam
567 2799 756 2883 feracibus,
772 2799 839 2894 ipsi
855 2799 1028 2872 duntaxat
1045 2796 1232 2896 parotium
1245 2797 1501 2871 conveniebant
1514 2802 1643 2885 vocati,
1660 2801 1756 2876 rudi·
1780 2804 1867 2862 Labor
1885 2825 1927 2866 co·

145 2921 328 3016 mentisque
346 2922 544 3019 disciplinae
558 2925 761 2998 christianae
773 2925 1060 3024 instituebantur.
1083 2919 1240 2998 Subinde
1265 2920 1535 3008 Stokholmiam,
1553 2924 1638 2997 dum
1660 2926 1758 3001 abes·
1781 2895 1848 2936 rum.

146 3051 192 3118 set
213 3044 307 3132 aula,
323 3053 360 3118 et
385 3047 596 3142 magistratu
619 3056 766 3122 vacante
779 3049 964 3146 pauciores
982 3053 1113 3131 essent,
1130 3045 1190 3141 qui
1207 3045 1449 3130 observarent,
1471 3047 1634 3122 visebant
1647 3047 1753 3135 Socii,

144 3173 330 3270 populoque
356 3175 539 3249 catholicae
574 3175 758 3272 religionis
788 3175 965 3269 dogmata,
993 3196 1038 3246 ex
1067 3172 1278 3246 catechismo
1304 3173 1454 3248 maxime
1483 3176 1582 3248 Petri
1608 3175 1753 3260 Caninii,

143 3317 231 3369 verso
256 3299 294 3372 in
312 3298 485 3372 sueticum
498 3322 541 3373 ex
564 3298 689 3382 latino,
718 3299 972 3395 proponebant.
993 3297 1185 3377 Laurentio
1203 3297 1387 3392 Novergo,
1403 3297 1578 3372 laboranti
1600 3299 1637 3374 in
1653 3301 1753 3387 urbe,

144 3439 233 3493 snum
263 3425 556 3520 operaepretium
585 3447 658 3498 non
683 3415 938 3520 respondebam
960 3421 1026 3495 sub
1057 3421 1142 3516 ipsis
1161 3421 1268 3493 etiam
1296 3421 1509 3516 pestilentiae
1535 3423 1651 3520 plagis
1669 3425 1753 3510 otio,

141 3541 224 3629 vino,
242 3545 454 3644 luxuriaque
471 3549 612 3622 civitate
630 3548 808 3621 diffluente
829 3572 837 3621 ε
860 3545 1101 3643 praeeuntibus
1131 3546 1283 3618 maxime
1296 3545 1369 3618 suis
1386 3547 1432 3618 ad
1455 3547 1635 3622 interitum
1653 3550 1755 3622 mini-

141 3666 212 3740 stris
227 3667 510 3746 luteranicis.Ad
529 3680 721 3747 extremum
734 3672 961 3756 Possevinus,
974 3671 1057 3765 quia
1074 3667 1163 3742 nihil
1176 3668 1332 3742 melioris
1345 3668 1518 3764 reIIquum
1535 3671 1610 3766 spei
1622 3672 1757 3746 videret

139 3787 224 3884 (rege
252 3792 383 3867 desua
408 3797 604 3891 pertiuacia
628 3819 849 3892 nequaquam
879 3793 1089 3889 remittente)
1117 3791 1268 3888 placide,
1298 3798 1403 3887 atque
1437 3793 1488 3865 ita
1514 3802 1554 3868 ut
1578 3803 1754 3891 patentem

137 3914 333 3990 commercio
355 3919 448 3991 viam
470 3919 698 4016 relinqueret,
715 3945 792 3995 cum
814 3921 908 3993 bona
926 3917 1043 4014 gratia
1070 3916 1256 4003 dimissus;
1284 3917 1531 3991 comitantibus
1561 3919 1751 3994 Laurentio

136 4034 293 4136 Norvego
307 4049 342 4116 et
356 4041 530 4116 (luiliemo
545 4043 658 4130 (laod,
670 4045 833 4118 Sueciam
846 4043 965 4116 valere
980 4041 1103 4137 jubet;
1124 4040 1217 4114 datis
1235 4041 1324 4114 velis
1341 4044 1365 4114 4
1382 4042 1462 4115 idus
1474 4043 1618 4116 sextiles
1641 4043 1745 4120 1580.

176 4162 269 4236 Irriti
286 4166 342 4238 sui
359 4173 507 4240 conatus
524 4191 595 4241 non
612 4167 737 4242 eadem
754 4169 822 4241 fuit
838 4166 994 4240 omnium
1011 4155 1188 4238 sententid
1196 4163 1429 4259 interpretum
1450 4191 1457 4238 :
1478 4166 1515 4238 hi
1532 4173 1627 4240 metu
1640 4168 1742 4248 amit·

133 4283 219 4359 tendi
231 4311 295 4384 per
307 4291 416 4376 clves,
433 4292 590 4365 Luthero
616 4291 780 4366 addictos
801 4293 838 4390 (a)
855 4312 979 4386 regem
991 4288 1148 4364 salutare
1170 4287 1339 4382 abjecisse
1353 4289 1551 4376 consilium,
1571 4292 1749 4367 existima·

133 4403 205 4481 bant
220 4437 229 4483 :
245 4412 318 4486 illis
342 4414 433 4488 nihil
450 4415 567 4489 adhuc
585 4439 627 4489 ex
640 4416 759 4489 animo
782 4417 900 4512 egisse
919 4415 1015 4486 visus
1036 4438 1045 4484 ι
1063 4411 1282 4485 ludificatum
1299 4435 1380 4486 esse
1396 4413 1568 4488 duntaxat
1585 4413 1676 4488 lucri
1694 4417 1747 4490 sui

131 4551 253 4608 musa:
278 4565 295 4598 a
314 4539 375 4632 qui
392 4548 552 4635 speraret
576 4538 740 4614 videlicet
758 4564 801 4614 ea
821 4539 879 4612 via
900 4542 1147 4633 recuperatum
1164 4535 1207 4606 iri
1223 4534 1363 4609 haerens
1382 4537 1473 4632 apud
1490 4538 1749 4635 Neapolitanos

136 4680 149 4712 κ
167 4677 303 4745 aurum,
323 4663 522 4742 interventu
539 4665 692 4738 maxime
718 4663 868 4738 Romani
896 4659 1080 4737 Pontificis
1103 4665 1139 4733 at
1162 4658 1258 4755 regis
1276 4659 1440 4733 catholici
1458 4686 1465 4734 :
1483 4664 1655 4758 potiorem
1682 4666 1748 4738 sibi

132 4809 146 4840 ⁸
163 4804 237 4862 csse
249 4789 439 4866 amicitiam
456 4791 561 4875 Dani,
572 4791 737 4874 Saxonis,
752 4798 788 4864 et
799 4791 926 4865 civium
944 4811 1100 4874 suorum,
1112 4783 1238 4879 quibua
1251 4806 1355 4856 suum
1370 4807 1553 4860 commuue
1569 4788 1746 4864 haereseos

131 4911 316 4988 ‘studium
341 4915 566 5012 approbaret,
586 4939 691 5010 quam
716 4914 899 5012 religionis
934 4912 1082 4986 sincerae
1107 4913 1301 4998 rationem
1326 4920 1514 5009 propterea
1537 4915 1744 4994 beneficium
1864 4973 1867 4982 ·

130 5027 249 5126 elegis
268 5059 350 5116 gum
367 5037 437 5116 111ss
454 5039 492 5114 in
509 5040 615 5112 rebus
633 5039 827 5134 flagitatam,
848 5040 885 5112 in
903 5037 1028 5134 quibus
1053 5035 1141 5108 illud
1159 5036 1265 5110 sciret
1289 5059 1312 5109 a
1333 5038 1505 5113 Pontifice
1525 5044 1740 5137 negandum.

165 5179 211 5262 (t)
224 5186 288 5248 vid.
305 5205 334 5247 n.
354 5189 403 5248 33.
420 5223 454 5232 -
474 5193 514 5269 [tt
527 5189 638 5266 Causa,
651 5186 824 5251 cunSuaciaa
841 5205 890 5250 rex
908 5188 1141 5268 tergiversaretur
1154 5189 1181 5247 in
1197 5189 1317 5248 consilio
1333 5190 1480 5270 religionis
1491 5195 1645 5258 catholica.

1781 2239 1832 2279 nus
1850 2225 1929 2282 relin-
1984 2243 1987 2248 ·
