4906 6642
678 785 720 850 30
1059 787 1333 852 LITUANICARUM
1356 791 1567 858 SOCIETATIS
1589 795 1674 856 taso
1698 793 1952 856 lllSTORldRUll

504 969 632 1118 lssffitoh
731 999 748 1030 ιι
769 970 856 1043 Cum
874 995 937 1067 pro
957 997 1035 1047 meo
1052 973 1222 1069 pastorali
1249 974 1360 1048 officio
1387 977 1535 1052 subinde
1558 1000 1694 1051 mecum
1721 976 1930 1072 cogitarem,
1950 976 2138 1050 reverendi
2159 977 2302 1062 Patres,

504 1130 641 1186 pilum,
682 1126 698 1158 ι
719 1095 844 1190 quibus
863 1097 974 1169 modis
989 1121 1045 1172 res
1063 1097 1299 1174 ecclesiastica
1319 1100 1354 1172 in
1381 1102 1448 1174 hoc
1466 1123 1595 1196 magno
1621 1103 1751 1174 ducatu
1779 1100 1951 1174 Lituaniae
1977 1100 2021 1173 ob
2049 1099 2207 1173 infinitas
2229 1100 2306 1174 fere

501 1207 641 1342 {ffligffi
682 1249 698 1280 ι
719 1221 872 1294 haereses
894 1221 997 1298 valde
1021 1222 1207 1296 labascens
1224 1225 1335 1319 possit
1348 1249 1485 1320 quoquo
1504 1227 1607 1298 modo
1625 1226 1713 1320 erigi
1732 1234 1767 1298 et
1784 1224 1916 1310 attolli;
1939 1224 2035 1298 venit
2052 1224 2137 1296 mihi
2151 1225 2187 1296 in
2206 1247 2304 1298 men-

681 1373 698 1406 ι
720 1353 801 1431 tem,
823 1349 897 1420 Deo
916 1349 965 1421 sic
989 1348 1112 1443 procul
1130 1348 1234 1422 dubio
1254 1348 1405 1434 volente,
1430 1350 1625 1423 reverenda
1645 1350 1724 1422 haec
1751 1356 1787 1422 et
1811 1349 1960 1421 celebris
1979 1349 2138 1423 Societas
2167 1358 2298 1436 vestrm

679 1497 696 1528 ιι
716 1494 796 1564 quae
810 1459 888 1542 cum
914 1495 977 1566 pro
996 1494 1058 1544 suo
1076 1472 1236 1544 instituto
1262 1481 1297 1544 et
1322 1495 1400 1546 eam
1426 1474 1508 1544 vitm
1535 1473 1707 1546 rationem
1730 1473 1776 1544 sit
1792 1473 1987 1568 complexa,
2010 1483 2045 1544 et
2063 1472 2180 1545 vorbis
2207 1473 2303 1547 facta

678 1622 694 1654 ι
717 1593 819 1670 valde
836 1595 1051 1680 cohaereant,
1068 1604 1103 1668 at
1117 1597 1271 1670 omnium
1284 1595 1546 1690 disciplinarum
1567 1599 1779 1692 optimarum
1790 1604 1864 1670 tam
1881 1597 2025 1670 divitem
2045 1597 2202 1670 scholam
2217 1619 2301 1691 ape-

679 1748 695 1780 ι
716 1719 797 1802 riat,
817 1726 856 1792 ut
872 1743 916 1792 ex
933 1743 988 1804 ea,
1008 1727 1175 1815 tanquam
1190 1719 1250 1792 illo
1268 1721 1376 1793 divite
1394 1744 1516 1805 cornu,
1533 1720 1677 1815 quilibet
1690 1721 1728 1792 in
1743 1744 1844 1793 usum
1863 1745 1966 1795 suum
1984 1721 2182 1796 necessaria
2195 1729 2304 1816 queat

676 1869 693 1902 ι
715 1841 818 1916 facile
837 1843 1059 1939 depromere;
1080 1845 1210 1916 ineam
1239 1867 1335 1939 spem
1353 1867 1431 1916 sum
1455 1845 1640 1930 adductus,
1661 1851 1700 1916 ut
1729 1846 1884 1930 credam,
1904 1846 1961 1918 1118
1978 1846 2105 1919 vestris
2123 1845 2303 1919 sanctissi-

677 1994 694 2025 ιι
712 1966 778 2039 mis
795 1967 916 2051 8111118,
937 1967 1061 2062 quibus
1090 1990 1153 2040 vos
1179 1968 1284 2040 audio
1303 1967 1389 2040 satis
1408 1967 1616 2062 abundeque
1634 1969 1933 2055 88881181118188,
1955 1991 2078 2042 omnes
2097 1969 2164 2042 has
2181 1975 2303 2064 pestes

675 2117 692 2148 ι
713 2099 914 2185 grassantes
934 2091 979 2163 ab
997 2091 1091 2179 ovili,
1112 2091 1198 2163 mihi
1224 2113 1246 2164 a
1271 2091 1410 2164 Christo
1429 2092 1628 2177 commisso,
1649 2091 1776 2188 depelli
1805 2115 1920 2188 posse.
1939 2094 2017 2173 Quo
2044 2115 2128 2166 vero
2145 2093 2213 2165 hoc
2240 2115 2303 2188 per

675 2243 692 2274 ιι
713 2236 776 2286 vos
803 2214 934 2286 Christi
959 2215 1138 2310 operarios
1170 2224 1331 2289 strenuos
1363 2216 1581 2289 commodius
1607 2216 1669 2310 agi
1685 2217 1809 2310 possit,
1830 2216 1943 2311 primo
1970 2214 2188 2288 domicilium
2214 2216 2302 2288 satis

674 2364 691 2397 ιι
713 2337 931 2410 commodum
950 2344 1066 2410 vestro
1093 2338 1252 2411 instituto
1263 2341 1337 2436 jam
1367 2341 1509 2425 curavi;
1538 2339 1666 2413 deinde
1697 2347 1732 2412 et
1761 2340 1949 2433 praedium,
1978 2340 2071 2412 unde
2098 2341 2303 2412 necessaria

673 2491 689 2523 ι
710 2461 877 2534 Societati
893 2470 1021 2534 vestrae
1039 2485 1109 2534 non
1127 2464 1350 2558 aspernanda
1367 2486 1446 2537 8888
1472 2463 1621 2559 possint.
1653 2462 1785 2536 Verum
1812 2471 1852 2536 ut
1869 2464 1912 2536 de
1930 2464 2100 2558 hisquae
2119 2473 2202 2538 sunt
2223 2464 2302 2560 jam

674 2616 690 2648 ι
711 2593 849 2682 parata,
870 2586 964 2660 etde
981 2587 1132 2671 craterio,
1154 2565 1278 2682 quibus
1305 2597 1478 2683 praeterea
1492 2609 1578 2682 opus
1605 2594 1711 2672 esset,
1734 2595 1833 2661 tanto
1848 2589 2023 2674 meliuset
2045 2589 2175 2662 certius
2188 2587 2302 2684 possit

671 2739 687 2772 ιι
710 2711 888 2794 constitui,
911 2713 1123 2784 reverendas
1137 2712 1375 2785 Paternitates
1403 2719 1540 2784 vestras
1551 2712 1686 2792 ‚obnixe
1705 2719 1800 2806 peto,
1823 2721 1874 2796 ut,
1894 2734 1958 2807 pro
1976 2719 2094 2785 vestro
2115 2711 2154 2786 in
2178 2711 2300 2785 Eccle-

672 2866 688 2898 ιι
711 2835 800 2909 siam
835 2835 964 2909 Christi
992 2836 1066 2910 zelo
1095 2845 1230 2923 sancto,
1266 2861 1375 2909 unum
1404 2837 1599 2909 alterumve
1629 2835 1741 2908 virum
1759 2837 1900 2909 doctum
1923 2859 1967 2908 81
1995 2835 2153 2932 Collegio
2180 2842 2299 2910 vestro

671 2988 688 3021 ι
709 2960 753 3032 ad
771 2983 827 3032 me
855 2959 998 3032 Vilnam
1023 2961 1069 3032 ad
1094 2969 1227 3034 certum
1253 2968 1391 3056 tempus
1416 2959 1691 3056 quamprimum
1719 2961 1860 3034 mittero
1884 2961 2074 3054 dignentur
2090 2985 2098 3032 ε
2116 2960 2175 3055 qui
2197 2959 2300 3055 quasi

670 3113 686 3144 ι
708 3083 885 3179 prodromi
902 3108 973 3156 una
990 3108 1126 3158 mecum
1139 3085 1257 3157 omnia
1276 3092 1491 3180 praeparent,
1513 3108 1730 3179 quaecunque
1760 3084 1805 3156 ad
1833 3083 2089 3179 professionem
2115 3083 2299 3157 Societatis

670 3238 686 3269 ιι
708 3219 837 3282 vestrae
861 3209 1072 3282 videbuntur
1099 3210 1251 3304 roquiri;
1285 3209 1459 3305 simulque
1489 3232 1611 3282 eorum
1639 3208 1821 3295 bonorum,
1849 3209 2024 3304 quaejam
2051 3216 2134 3281 sunt
2156 3215 2296 3304 parata,

668 3363 684 3394 ι
706 3335 965 3429 possessionem
985 3335 1138 3430 capiant.
1159 3336 1260 3415 Quod
1278 3343 1396 3407 utros
1420 3356 1484 3429 pro
1498 3341 1615 3406 vestro
1629 3333 1666 3404 in
1692 3332 1890 3428 Ecclesiam
1905 3333 2036 3406 Christi
2075 3355 2196 3406 amore
2224 3333 2298 3406 fac-

670 3488 686 3519 ι
709 3465 804 3530 turos
832 3457 904 3530 non
922 3459 1060 3543 dubito;
1082 3459 1133 3530 818
1150 3481 1217 3552 ego
1236 3459 1327 3531 dabo
1357 3480 1495 3530 omnem
1517 3479 1674 3551 operam,
1696 3465 1734 3529 ut
1752 3456 1791 3527 hi
1816 3456 1883 3528 viri
1900 3457 1996 3540 boni,
2025 3479 2112 3551 quos
2130 3455 2291 3542 mittetis,

669 3610 686 3642 ιι
707 3582 793 3654 88118
809 3582 948 3656 abunde
966 3583 1121 3655 habeant
1142 3582 1259 3653 omnia
1281 3607 1288 3654 ε
1310 3588 1344 3654 81
1375 3582 1419 3654 (18
1445 3581 1590 3676 reliquis
1620 3604 1664 3652 81
1691 3603 1813 3652 eorum
1843 3580 1991 3653 consilio
2022 3582 2072 3653 sic
2096 3581 2296 3665 instituam,

670 3736 685 3766 ιι
708 3715 746 3780 ut
763 3707 956 3782 venerabili
975 3705 1143 3780 Societati
1165 3713 1296 3780 vestrae
1314 3707 1402 3778 satis
1421 3706 1641 3778 commodum
1669 3705 1882 3778 domicilium
1912 3706 1969 3778 1118
1996 3705 2060 3801 figi
2087 3705 2210 3801 possit.
2241 3705 2298 3779 De

671 3862 686 3892 ι
708 3855 777 3926 qua
802 3854 841 3904 18
868 3830 1040 3904 etiamad
1066 3829 1341 3902 illustrissimum
1370 3829 1549 3902 dominum
1574 3829 1788 3902 cardinalem
1817 3829 2019 3924 episcopum
2050 3827 2296 3901 Varmiensem

668 3982 685 4015 ιι
706 3954 842 4050 scripsi,
863 3956 1051 4027 Dominum
1081 3978 1196 4026 meum
1214 3955 1483 4026 observandum.
1501 3954 1568 4033 Qui
1586 3953 1706 4038 etiam,
1726 3976 1790 4048 pro
1816 3953 1931 4024 suain
1958 3976 2012 4026 me
2026 3951 2287 4035 benevolentia,

668 4108 685 4139 ι
706 4103 777 4151 non
802 4078 1063 4172 dedignabitur,
1093 4079 1186 4173 quod
1202 4078 1313 4173 possit
1339 4079 1421 4150 huic
1447 4077 1499 4150 181
1517 4077 1597 4148 usui
1619 4099 1710 4161 esse,
1727 4077 1764 4146 in
1794 4098 1977 4148 commune
2007 4075 2203 4148 consulere.
2233 4076 2289 4150 De

668 4233 684 4264 ι
705 4204 849 4299 reliquis
868 4204 925 4276 hic
950 4226 1048 4276 meus
1077 4202 1242 4287 famulor,
1272 4201 1332 4296 qui
1357 4201 1563 4275 reverendis
1587 4201 1868 4280 Paternitatibus
1894 4201 1961 4272 has
1993 4201 2131 4273 litteras
2148 4199 2287 4286 reddet,

667 4356 683 4387 ιι
703 4329 883 4401 vobiscum
901 4334 997 4422 aget.
1016 4326 1146 4399 Valere
1170 4313 1232 4398 vos
1251 4326 1446 4398 diutissime
1472 4325 1741 4418 felicissimeque
1758 4323 1939 4418 percupio.
1965 4323 2082 4396 Vilnae
2100 4347 2147 4397 81
2166 4328 2292 4396 nostra

667 4481 683 4512 ιι
704 4451 801 4524 curia
819 4451 1018 4546 episcopali,
1040 4451 1088 4524 20
1106 4449 1163 4524 die
1176 4450 1328 4545 augusti,
1349 4472 1442 4521 anno
1461 4449 1602 4520 Domini
1619 4448 1727 4522 1568.
1753 4482 1770 4513 8

712 4575 948 4669 Heilsbergae‚
982 4575 1042 4646 ubi
1081 4582 1156 4647 tum
1188 4552 1345 4669 'hospitio
1383 4573 1478 4668 apud
1515 4571 1729 4646 cardinalem
1760 4569 1924 4643 utebatur
1954 4567 2111 4663 Magius,
2149 4569 2292 4665 utrique

662 4700 793 4797 pariter
810 4699 938 4773 oblatae
955 4697 1083 4772 litterae
1100 4723 1108 4769 ε
1129 4698 1265 4793 reliqua
1288 4720 1352 4794 per
1370 4696 1625 4772 internuntium
1642 4694 1828 4790 explicata.
1846 4694 1980 4767 Orabat
1996 4694 2027 4766 is
2044 4694 2153 4768 etiam
2186 4703 2292 4790 atque

664 4823 1310 4917 81181111181118181811111Ρ81188,
1339 4823 1415 4906 sed,
1437 4828 1569 4916 quanta
1591 4818 1812 4892 festinatione
1834 4826 1990 4913 possent,
2009 4818 2293 4892 obsecundarent

662 4947 845 5022 desideriis
862 4946 945 5018 boni
959 4945 1106 5030 antistis,
1122 4967 1211 5040 pene
1227 4945 1406 5018 immensis
1427 4969 1435 5016 :
1460 4972 1477 5004 ιι
1496 4945 1642 5015 nimiam
1661 4943 1728 5015 sibi
1744 4943 1833 5024 sore,
1858 4940 2050 5034 quamlibet
2067 4963 2226 5036 parvam,
2252 4941 2293 5014 in

665 5105 681 5136 ι
703 5042 745 5146 eo
766 5093 901 5145 moram
935 5070 1096 5165 negotio;
1126 5070 1218 5164 quod
1248 5077 1335 5142 aetas
1354 5092 1419 5141 sua
1436 5069 1686 5162 ingravescens
1702 5066 1806 5162 plura
1832 5064 1963 5138 sensim
1989 5065 2027 5136 in
2045 5065 2119 5138 dies
2145 5065 2189 5139 de
2207 5064 2293 5138 vitae

665 5227 682 5260 ιι
703 5197 825 5271 81118118
856 5196 1044 5279 amitteret,
1084 5195 1240 5266 haereses
1269 5193 1408 5267 interim
1439 5193 1520 5264 aliae
1553 5214 1595 5265 81
1632 5191 1711 5264 81118
1741 5197 1986 5277 nascerentur,
2024 5213 2066 5263 ao
2088 5189 2292 5264 firmitatem
