4936 6658
710 837 821 898 ursan
839 835 997 900 oucruus
1022 837 1233 914 (raso-roeo.
1350 807 1352 812 ’
1531 917 1535 928 Ι
1756 829 1818 898 aas

190 1019 344 1094 hominis
361 1017 565 1103 truculenti,
594 1041 636 1092 66
666 1025 851 1115 propterea
879 1017 1043 1092 invidiosi
1060 1017 1235 1102 omnibus,
1262 1017 1473 1114 pervicacia,
1507 1021 1547 1089 ut
1571 1035 1693 1089 omnes
1711 1013 1815 1088 unius
1846 1030 1927 1126 1666,
1963 1112 1971 1129 ⁸

190 1143 387 1241 pertinacia
417 1151 452 1218 66
468 1151 563 1217 6666
589 1150 756 1239 putarent
785 1143 853 1216 sibi
870 1145 1003 1239 pariter
1016 1144 1246 1238 pereundum.
1266 1143 1307 1220 Si
1321 1166 1430 1238 porro
1462 1141 1658 1214 obstinaret
1682 1139 1814 1226 anim0,
1841 1109 1985 1252 ffiffi

193 1269 386 1367 periclitari
415 1291 534 1342 secum
565 1267 707 1354 omnes;
728 1269 824 1342 hunc
841 1269 968 1366 ipsum,
991 1269 1050 1364 qui
1072 1263 1223 1342 caedium
1241 1276 1277 1343 et
1295 1270 1426 1364 stragis
1448 1275 1558 1341 tantae
1575 1273 1698 1340 auctor
1710 1271 1816 1349 esset,
1841 1272 1913 1328 inter
1935 1273 1982 1330 ho·

194 1401 355 1468 66666666
366 1393 585 1491 prodendum
602 1393 811 1489 injuriarum
824 1415 968 1466 suarum
998 1393 1184 1466 ultoribus.
1205 1394 1367 1491 Experiri
1385 1375 1537 1491 primum
1553 1393 1694 1468 interim
1707 1391 1820 1488 placet
1842 1353 1909 1484 {ig}
1922 1428 1969 1485 ho-

194 1543 259 1616 per
271 1526 488 1592 6666666666
501 1541 630 1615 popam
647 1540 762 1604 suum,
778 1517 834 1592 sui
851 1517 1107 1591 internuntium
1128 1517 1278 1605 consilii,
1295 1518 1420 1613 ecquid
1432 1517 1620 1615 praelectus
1630 1515 1818 1588 militarem
1839 1501 1996 1638 {2³3¹le

196 1644 364 1740 probaret
381 1643 605 1718 sententiam.
623 1641 722 1716 Male
739 1665 805 1715 sua
823 1642 946 1715 nuntio
968 1642 1094 1716 cecidit
1106 1641 1252 1737 legatio.
1273 1642 1450 1738 Explosus
1473 1665 1492 1714 e
1512 1641 1676 1714 mortario
1694 1637 1820 1712 bellico
1845 1598 1954 1714 utitur.p

197 1776 331 1854 orator,
352 1769 437 1864 quid
468 1767 563 1864 apud
588 1775 779 1863 tyrannum
797 1766 966 1851 effecerit,
987 1767 1119 1840 tonitru
1144 1765 1206 1839 illo
1224 1766 1396 1861 vulgavit.
1418 1763 1648 1862 Exasperavit
1678 1763 1822 1860 gravius

196 1893 348 1968 militum
364 1893 502 1967 animos
520 1891 680 1965 Danielis
698 1891 900 1976 crudelitas,
922 1891 1140 1987 impulitque,
1160 1899 1199 2002 ut
1215 1892 1309 1987 quod
1327 1891 1578 1977 condixissent,
1596 1889 1818 1985 perficerent.

197 2018 387 2115 Conjectus
418 2020 454 2092 in
477 2018 632 2102 vincula,
666 2016 818 2091 deditur.
839 2017 901 2090 Ad·
926 2016 1134 2112 religionem
1153 2016 1364 2090 catholicam
1382 2023 1418 2092 66
1435 2016 1681 2112 poenitentiam
1695 2014 1827 2088 frustra

199 2153 358 2230 6666666,
373 2145 411 2218 66
435 2143 525 2231 foro,
553 2143 615 2216 ubi
640 2142 839 2220 laniaverat
866 2145 1037 2230 insontes,
1059 2143 1173 2216 securi
1186 2145 1393 2240 percutitur,
1414 2166 1523 2237 coquo
1547 2165 1612 2216 suo
1629 2147 1822 2237 exequente
1926 2131 1932 2142 ’

197 2268 350 2343 officium
363 2268 554 2342 carnificis
1909 2331 1941 2387 37

246 2391 441 2466 Pinscense
454 2391 651 2487 Collegium
664 2413 686 2462 a
700 2391 841 2464 Oosasis
858 2412 982 2463 rursus
1010 2413 1174 2488 prorsum
1188 2391 1415 2488 dispergitur.
1429 2392 1826 2490 InlugaP.Stephauus
1850 2411 1974 2504 666666-

197 2516 397 2604 Siolichius,
414 2515 469 2589 vir
484 2516 617 2614 pietate
634 2539 722 2610 erga
754 2515 868 2589 Deum
897 2515 1042 2612 insigni,
1063 2516 1242 2612 patientiae
1258 2517 1378 2590 multis
1395 2525 1563 2614 expertae,
1588 2524 1768 2593 contracto
1782 2541 1827 2592 ex
1847 2489 1976 2626 ἓξὲξ

198 2641 368 2716 aerumnis
383 2642 505 2716 morbo
531 2642 723 2728 confectus,
743 2642 902 2728 Beresae,
931 2643 971 2741 tn
989 2641 1148 2714 coenobio
1175 2643 1325 2716 Patrum
1338 2643 1638 2730 Cartusianorum‚
1660 2644 1824 2719 decessit.
1850 2649 1916 2720 fuga
1944 2648 1973 2706 ot

198 2766 361 2841 Relictus
379 2767 472 2839 domi
485 2768 529 2839 P.
551 2767 763 2839 Eustachius
777 2766 997 2874 Pyliushius‚
1014 2766 1252 2840 miserandum
1270 2769 1307 2839 in
1329 2768 1471 2842 modum
1481 2770 1635 2865 jactatus
1652 2770 1698 2843 ab
1714 2770 1825 2842 hosti·
1849 2727 1941 2786 “mm

198 2893 280 2976 bus,
296 2891 387 2964 ictus
400 2891 550 2986 denique
575 2890 705 2986 aliquot
717 2873 906 2966 mortiferis
935 2891 1140 2966 vulneribus
1167 2893 1328 2966 occubuit
1347 2894 1398 2967 IV
1410 2917 1524 2968 nonas
1540 2894 1719 2991 quintiles,
1735 2917 1825 2967 anno

197 3016 318 3090 aetatis
355 3038 430 3088 suae
459 3015 521 3102 35,
555 3015 743 3090 Societatis
778 3016 877 3090 initae
911 2991 969 3092 18.
999 3017 1135 3090 Enecto
1169 3017 1309 3091 bustum
1338 3041 1358 3091 6
1391 3019 1496 3093 rebus
1526 3019 1680 3116 Collegii
1701 3019 1829 3093 iactum
1909 3003 1944 3060 38

197 3138 417 3213 miserabile.
443 3138 641 3235 Templum,
663 3138 799 3225 domus,
830 3140 1067 3238 gymnasium,
1089 3141 1252 3228 officinm,
1269 3165 1415 3239 penora,
1444 3145 1542 3240 pagi,
1559 3153 1594 3218 et
1612 3166 1829 3241 quaecunque
1851 3081 2000 3218 qqasqppp.

198 3262 379 3358 corrumpi
405 3269 583 3360 poterant,
612 3270 777 3360 corrupta
807 3272 890 3338 suut
908 3267 1038 3339 omnia.
1059 3266 1425 3361 Neque-Nesvisiensi
1450 3268 1609 3364 Collegio
1626 3268 1720 3342 levia
1736 3268 1830 3342 sacta
1851 3240 1943 3299 ruina.

199 3387 343 3460 damna.
378 3387 472 3460 Socii
502 3395 624 3462 tumen·
653 3388 742 3462 caedi
760 3389 920 3463 subducti
942 3416 949 3461 :
971 3411 1055 3486 pars
1073 3391 1208 3486 accepti
1226 3390 1263 3463 in
1294 3413 1422 3480 arcem,
1443 3415 1527 3488 pars
1545 3393 1656 3466 abditi
1685 3393 1721 3466 in
1750 3392 1830 3467 loca

197 3512 344 3595 tutiora,
376 3517 563 3608 exportata
594 3513 755 3608 supellex
784 3513 905 3611 templi
923 3521 958 3588 et
975 3537 1102 3610 corpus
1131 3516 1302 3613 principis
1331 3515 1471 3590 Nicolni
1502 3517 1706 3603 conditoris,
1734 3517 1830 3590 omni

197 3645 302 3733 parte
327 3636 383 3708 sui
401 3635 515 3710 adhuc
531 3637 730 3734 integrum
751 3659 845 3712 nunc
863 3639 1003 3712 demum
1020 3663 1085 3737 per
1109 3640 1383 3736 imprudentiam
1401 3641 1570 3716 violatum
1590 3666 1598 3715 ε
1616 3642 1722 3738 quod,
1739 3641 1830 3715 ostio

197 3761 297 3859 putei
314 3785 394 3836 cum
414 3759 493 3835 61666
511 3763 769 3858 superpositum
795 3755 944 3861 capulis,
965 3789 1045 3838 cum
1070 3765 1202 3840 eisdem
1219 3767 1365 3863 pariter,
1390 3768 1561 3842 dissoluto
1577 3767 1711 3864 puteali
1717 3757 1841 3880 jugon
1862 3762 1866 3772 “

199 3888 404 3963 corruerit:
432 3909 474 3962 66
501 3887 605 3983 lapsu
627 3896 734 3984 caput
757 3889 951 3963 resolutum
978 3914 1001 3963 a
1023 3890 1233 3978 cervicibus,
1251 3895 1389 3966 caetera
1409 3893 1588 3990 integrum
1605 3893 1780 3989 hodieque
1794 3893 1832 3965 in
1853 3909 1955 3978 eorpus

199 4035 264 4085 suo
289 4011 551 4084 Radivillorum
570 4008 758 4132 sepulchro
777 4015 934 4088 Nesvisii
961 4013 1099 4088 visitur.
1127 4018 1167 4089 ln
1194 4016 1373 4114 oppidum,
1395 4041 1421 4090 a
1446 4018 1581 4091 civibus
1607 4017 1828 4102 derelictum,
1853 3985 1984 4129 ἓξὲξ-ἱ

203 4137 330 4232 irrupit
344 4159 423 4210 cum
439 4135 638 4232 legionibus
653 4136 788 4211 duabus
802 4139 1081 4214 Moscovitarum
1094 4140 1219 4214 ductor
1232 4143 1443 4239 campestris
1456 4143 1675 4229 Szczerba,a
1693 4141 1833 4216 Lache·
1855 4156 1904 4212 ris.

201 4261 336 4336 vicensi
360 4262 524 4358 repulsus
549 4263 814 4358 propugnaculo
838 4289 845 4336 :
876 4265 972 4338 ferus
990 4265 1096 4337 homo
1115 4273 1151 4340 et
1175 4266 1366 4340 multorum
1392 4291 1519 4342 cruore
1539 4269 1699 4342 madens.
1729 4268 1835 4340 Hunc

199 4386 385 4481 evestigio
402 4387 629 4481 consequitur
642 4410 721 4460 cum
741 4388 939 4461 recentibus
956 4386 1099 4484 copiisa
1112 4389 1279 4486 Bychovo
1297 4397 1332 4464 et
1345 4391 1554 4477 Mohilovia‚
1575 4391 1712 4488 oppidis
1730 4392 1829 4466 Rus-x

202 4511 266 4586 siae
283 4509 479 4597 Polouicae,
501 4511 651 4607 viperini
677 4513 828 4585 nominis
854 4520 889 4586 et
914 4512 1049 4608 ingenii
1066 4515 1277 4602 Moscovita,¹
1304 4513 1427 4612 anja.
1454 4515 1627 4611 Uterque,
1656 4539 1738 4590 arce
1754 4523 1830 4590 ten·

201 4641 277 4708 6666
288 4635 431 4719 frustra,
452 4635 579 4710 evertit
592 4636 772 4733 oppidum.
789 4639 830 4711 In
849 4638 984 4712 aedibus
1002 4639 1152 4736 Collegii
1168 4665 1213 4714 nc
1231 4647 1361 4714 testam
1373 4641 1527 4738 quidem,
1558 4642 1596 4714 66
1621 4637 1752 4738 templo
1784 4665 1830 4716 66

203 4783 340 4834 66666
358 4759 499 4856 quidem
515 4760 665 4834 turrium
678 4767 887 4835 ornamenta
905 4785 1011 4848 aerea,
1028 4760 1171 4859 reliquit
1189 4765 1346 4859 integra.
1559 4840 1565 4848 ,

251 4883 323 4959 Sed
339 4887 417 4980 jam
441 4885 502 4958 diu
528 4901 710 4960 narramus
733 4888 1022 4983 continenterque
1055 4890 1221 4963 funesta:
1243 4913 1322 4985 quae
1346 4889 1451 4962 unius
1476 4886 1610 4962 tenoris
1636 4886 1828 4974 cantilena,
1910 4903 1944 4959 ss

203 5010 296 5104 quod
325 5015 444 5083 66666
468 5009 692 5096 Plutarchus,
726 5011 887 5108 equidem
911 5005 1040 5099 sentio,
1069 5020 1235 5108 quantam
1267 5015 1468 5087 satietatem
1492 5013 1619 5110 pariat.
1644 4980 2002 5116 1166666666,ἴῃᾚξῗΘΙΙΙ

204 5140 357 5230 oportet,
374 5135 495 5231 aliqua
511 5137 647 5210 intexat
662 5137 747 5210 laeta
759 5137 931 5210 tristibus.
949 5137 1050 5211 Nihil
1063 5145 1118 5212 est
1133 5139 1261 5235 aptius,
1274 5137 1392 5235 inquit
1405 5134 1541 5225 Cicero,
1558 5138 1605 5211 ad
1625 5136 1828 5212 delectatio·
1851 5137 1925 5208 poris
1935 5151 2000 5207 psu-

207 5279 288 5331 nem
309 5258 465 5347 16666666,
488 5284 590 5357 quam
625 5268 821 5358 temporum
845 5262 1036 5337 varietates
1070 5263 1291 5360 fortunaeque
1319 5262 1593 5340 vicissitudines.
1628 5261 1726 5337 Inter
1754 5262 1832 5341 heac
1854 5220 1984 5278 ¹⁰¹⁰¹²¹⁰¹’
