4896 6650
667 769 775 829 11666
796 771 953 834 marrus
973 775 1183 852 66116-1161).
1703 767 1760 832 141

154 953 313 1028 Rubenus
343 960 536 1039 amoveret,
569 917 760 1050 16361666
784 964 921 1042 666616,
949 956 1044 1030 dicta
1074 979 1137 1028 sua
1168 955 1386 1040 testimonio,
1428 954 1521 1050 quod
1555 957 1757 1041 recitamus,
1786 943 1852 1003 ¹⁵⁸⁶

154 1079 373 1153 confirmavit.
424 1077 431 1086 ”

194 1204 398 1277 Leonardus
412 1204 583 1278 Rubenus
598 1204 859 1291 Essendieusis,
884 1207 1033 1302 Collegii
1047 1206 1231 1281 Societatis
1248 1213 1364 1280 rector
1381 1207 1424 1280 L.
1442 1206 1481 1280 S.

198 1359 213 1390 ι
231 1328 365 1400 Notum
394 1329 440 1400 sit
468 1327 642 1414 omnibus
673 1353 820 1422 quorum
846 1330 1005 1415 interest,
1027 1331 1118 1424 quod
1151 1331 1288 1403 honesti
1318 1330 1449 1402 tribuni
1472 1329 1584 1425 plebis
1607 1332 1763 1405 civitatis

155 1456 312 1552 Rigeusis
327 1477 392 1527 nos
409 1456 454 1529 31
466 1457 623 1550 januarii
636 1458 719 1528 anni
744 1457 838 1531 1586
855 1480 932 1530 cum
950 1457 1098 1529 notariis
1115 1479 1157 1528 ac
1173 1457 1323 1529 testibus
1351 1457 1589 1542 convenerint,
1609 1479 1651 1534 ac
1668 1481 1762 1550 quae·

154 1581 276 1664 sierint,
300 1585 420 1651 utrum
445 1580 510 1651 sub
540 1573 657 1674 sigillo
673 1580 824 1652 civitatis
848 1581 948 1653 uobis
971 1587 1126 1664 senatus,
1147 1587 1209 1652 aut
1226 1579 1367 1675 quidam
1385 1580 1429 1654 de
1455 1589 1580 1653 senatu
1597 1580 1762 1655 vendide-

154 1704 225 1788 rint,
243 1709 305 1775 aut
321 1701 494 1776 cesserint
515 1702 560 1775 de
576 1705 845 1776 armamentario
871 1705 1021 1778 civitatis
1039 1705 1074 1776 in
1089 1705 1291 1778 coemeterio
1305 1705 1342 1777 S.
1363 1703 1500 1776 Jacobi.
1518 1704 1760 1800 Responsum:

156 1851 318 1923 nunquam
344 1833 505 1901 senatum
533 1827 714 1900 nobiscum
744 1829 787 1902 de
811 1852 855 1903 eo
888 1830 1031 1926 negotio
1059 1837 1252 1914 tractassc;
1273 1828 1382 1901 multo
1411 1829 1527 1902 miuus
1557 1852 1764 1925 quemquam

156 1951 280 2024 illorum
297 1950 401 2024 nobis
413 1949 550 2022 litteras
568 1960 630 2025 aut
647 1952 871 2037 venditionis
891 1959 954 2025 661
964 1953 1148 2037 cessionis,
1169 1952 1360 2049 praeteritae
1373 1953 1588 2037 6611616166,
1609 1951 1760 2024 dedisse.

158 2075 250 2172 Cujus
262 2073 352 2148 fides
369 2098 448 2147 cum
461 2081 594 2168 praeter
611 2097 753 2147 manum
766 2076 895 2148 notarii
921 2100 943 2148 a
969 2099 1024 2149 me
1051 2077 1155 2148 ctiam
1174 2076 1323 2171 Collegii
1341 2076 1481 2148 nomine
1498 2077 1608 2172 petita
1624 2075 1762 2160 1616661,

158 2223 221 2272 eam
234 2198 489 2295 subscriptione
502 2220 627 2270 manus
647 2200 800 2294 propriae
818 2207 853 2272 61
871 2199 989 2295 6131116
1003 2199 1153 2294 Collegii
1167 2199 1348 2273 confirmo.
1379 2236 1395 2267 s

197 2323 314 2418 Neque
344 2323 396 2395 sic
426 2320 587 2394 homines
614 2322 806 2395 turbulenti
831 2333 994 2408 cessant3
1014 2325 1172 2420 ejusdem
1187 2323 1343 2396 criminis
1366 2323 1518 2407 nomine,
1536 2307 1607 2418 'quo
1620 2345 1763 2397 accusa·

160 2449 246 2520 batur
263 2447 481 2542 Collegium,
519 2445 723 2519 Fridericus
749 2449 855 2521 etiam
873 2446 1059 2535 Eudonos,
1073 2448 1167 2542 juris
1200 2448 1238 2518 in
1269 2447 1410 2520 civitate
1428 2446 1621 2533 consultus,
1649 2471 1766 2522 arces·

161 2572 234 2644 situr
249 2597 256 2644 :
274 2594 356 2644 nam
368 2581 404 2644 et
421 2571 490 2645 ille·
507 2573 584 2668 ejus
602 2572 773 2667 compacti
798 2572 936 2645 litteras
952 2572 1085 2668 legisse
1106 2573 1298 2648 serebatur.
1324 2571 1392 2644 Hic
1406 2594 1543 2667 quoque
1564 2579 1766 2646 constanter

161 2703 263 2790 negat,
279 2705 354 2768 tum
368 2696 406 2767 in
427 2694 558 2791 templo
571 2695 615 2768 D.
637 2696 762 2769 Jacobi
776 2718 896 2768 coram
922 2696 1065 2791 populo,
1097 2703 1170 2769 tum
1196 2695 1295 2780 alibi,
1320 2694 1555 2790 praesentibus
1573 2695 1650 2768 fisci
1675 2696 1767 2791 regii

163 2821 308 2914 praelecto
326 2820 534 2893 Baltassare
564 2819 684 2894 Suelio
698 2828 734 2892 61
751 2819 862 2893 (11616.
886 2821 929 2892 16
954 2821 1121 2916 praetorio
1149 2819 1299 2914 denique
1316 2819 1507 2915 professus,
1537 2843 1577 2893 sc
1593 2843 1766 2914 nusquam

163 2965 212 3014 eas
242 2942 368 3017 vidisse
398 2943 560 3028 litteras,
588 2943 694 3038 idque
718 2943 966 3038 jurejurando,
987 2945 1018 3016 si
1042 2944 1182 3041 judices
1221 2943 1443 3040 postularint,
1474 2943 1763 3030 confirmaturus;

163 3067 287 3139 Simone
312 3066 426 3140 nihilo
460 3068 576 3140 minus
603 3068 833 3164 pertinaciter
861 3077 1102 3151 asseverante,
1123 3068 1273 3163 scriptas
1299 3090 1377 3141 esse
1403 3090 1508 3139 manu
1531 3091 1593 3140 6116
1622 3076 1768 3142 66116166

163 3190 285 3263 666166
308 3190 458 3276 11116166,
479 3191 605 3285 quibus
631 3192 942 3264 armamentarium
969 3192 1190 3288 proderetur.
1214 3192 1304 3264 Rem
1331 3191 1390 3263 diu
1417 3213 1480 3286 per
1501 3191 1646 3264 consilia
1669 3215 1764 3264 scru-

165 3313 216 3384 tati
226 3313 349 3385 frustra
362 3314 538 3400 consides,
549 3315 653 3386 nonis
665 3315 854 3387 februariis
868 3315 1052 3389 occludere
1066 3321 1187 3411 portas
1193 3315 1341 3411 jubent;
1358 3337 1480 3386 rursus
1493 3315 1623 3410 trepidi
1640 3322 1767 3389 cocunt

165 3445 195 3516 in
210 3446 415 3540 praetorium,
435 3445 565 3540 populo
582 3446 789 3540 flagitante;
810 3467 932 3517 rursus
960 3442 1116 3538 ejusdem
1143 3439 1330 3512 delationis
1348 3461 1507 3512 examen.
1524 3439 1665 3524 Jussus,
1687 3462 1767 3534 quae

165 3569 267 3654 sciret,
294 3593 442 3666 qumque
460 3569 687 3643 confirmaret
705 3573 939 3649 sacramento,
960 3564 1083 3638 ordine
1109 3565 1306 3638 edisserere
1336 3562 1524 3646 Hudenus‚
1557 3563 1675 3637 animo
1692 3587 1768 3638 161-

165 3692 270 3787 bisque
297 3693 502 3765 inconstans
517 3691 706 3765 titubabat.
733 3693 856 3786 ltaque
886 3689 974 3762 nihil
997 3689 1084 3761 certi
1113 3711 1157 3761 ex
1174 3687 1448 3783 praevaricatore
1478 3687 1617 3784 exculpi
1639 3689 1763 3784 potuit.

164 3817 283 3888 Gisium
298 3817 446 3900 interea,
466 3814 582 3888 scelus
607 3815 848 3900 anhelantem,
869 3837 990 3887 omncs
1007 3813 1109 3885 furiae
1129 3812 1336 3906 exagitant:
1353 3833 1600 3905 expressurum
1615 3835 1654 3885 se
1671 3811 1768 3886 deni·

164 3939 891 4036 666666611166616616111616611616166,
914 3963 992 4010 cum
1011 3961 1074 4010 suo
1093 3936 1254 4009 calonum
1269 3958 1379 4031 grege
1397 3935 1577 4008 contendit
1594 3935 1637 4007 ad
1656 3935 1769 4009 Colle-

163 4063 257 4156 gium.
288 4063 389 4137 Nihil
402 4086 509 4159 porro
522 4064 686 4136 convitiis
704 4065 760 4136 hic
787 4063 962 4156 minisque
980 4063 1194 4134 intentatum
1213 4058 1366 4164 reliquit,
1387 4066 1524 4130 rectore
1537 4065 1675 4131 atroces
1689 4059 1770 4131 illas

163 4188 357 4283 quaestiones
374 4195 578 4261 constanter
595 4189 807 4283 perferente.
831 4189 872 4258 ln
889 4183 1056 4281 praetorio
1084 4182 1226 4255 iuterim
1243 4189 1338 4254 totus
1367 4180 1443 4253 1616
1469 4178 1545 4252 dies
1558 4179 1772 4276 disquisitio·

163 4313 380 4387 nibuscausae
398 4311 606 4385 extrahitur.
623 4312 693 4384 Diu
722 4313 837 4408 impos
854 4311 962 4384 animi
980 4297 1154 4382 Hudenus
1172 4305 1312 4401 frigidis
1325 4311 1361 4377 et
1376 4303 1657 4376 inconstantibus
1675 4327 1770 4378 meu-

162 4435 260 4510 daciis
283 4459 428 4511 causam
461 4434 646 4530 ancipitem
670 4435 888 4517 sustinebat,
917 4442 1012 4506 metu
1038 4431 1144 4507 simul
1173 4453 1215 4504 ao
1245 4429 1380 4524 pudore
1409 4429 1565 4500 animum
1590 4413 1769 4502 versante.

155 4561 359 4638 ¹Confirmata
387 4560 538 4655 denique
556 4559 718 4644 audacia,
740 4581 779 4631 se
810 4580 949 4654 quoque
976 4581 1037 4630 eas
1059 4554 1188 4628 vidisse
1213 4553 1352 4627 litteras
1369 4553 1584 4648 pronuntiat.
1607 4552 1648 4626 ld
1674 4554 1772 4628 testi-

163 4687 259 4759 monii
281 4687 400 4760 Gisius
418 4708 496 4757 cum
516 4683 591 4756 suis
607 4683 735 4778 plausu
762 4691 797 4754 et
814 4683 1005 4780 triumphis
1021 4679 1152 4776 excipit
1180 4679 1354 4751 omnibus.
1375 4677 1601 4751 Succlamant
1618 4680 1737 4751 caeteri
1760 4703 1768 4750 :

164 4810 390 4884 ‘Discussam
402 4808 544 4882 tandem
562 4829 701 4880 omnem
719 4804 878 4880 obscurae
905 4807 1020 4879 adhuc
1037 4806 1088 4878 rei
1105 4802 1292 4898 caliginem
1308 4828 1317 4875 ε
1333 4801 1421 4874 nihil
1434 4803 1509 4898 J'am
1522 4801 1773 4874 coutroversiae

166 4935 481 5031 «nsmputoribus
499 4955 685 5030 superesse
702 4957 710 5004 :
727 4933 764 5003 in
796 4931 955 5004 confesso
979 4953 1057 5005 6666
1074 4926 1302 5002 collusionem
1328 4933 1472 4999 senatus
1494 4948 1573 4997 cum
1603 4925 1773 4998 Jesuitico
1825 4957 1832 4972 ·

166 5087 181 5118 1
199 5059 365 5154 Collegio.
397 5093 414 5124 n
451 5057 576 5152 Neque
611 5056 753 5151 obloqui
782 5063 919 5139 contra,
948 5055 1171 5148 obstrepente
1188 5055 1435 5124 accusatorum
1465 5049 1582 5132 turba,
1611 5048 1772 5143 cuiquam

163 5181 854 5276 1161111.Μ1111161666116666616616116
881 5179 1033 5264 cohors;
1066 5201 1145 5273 quae
1172 5178 1208 5248 16
1242 5174 1376 5270 vigiliis
1411 5173 1619 5268 Collegium,
1648 5173 1683 5243 in
1701 5173 1773 5268 pri-
