4948 6654
720 833 828 893 LIBER
852 835 992 895 SEXTUS
1013 835 1224 914 (idid-idm).
1730 832 1791 896 229

172 1013 286 1098 visus;
307 1033 351 1086 ea
367 1011 501 1084 homini
514 1011 681 1084 continuo
696 1011 824 1107 injecta
837 1012 1024 1108 cogitatio:
1048 1014 1131 1108 quin
1145 1019 1185 1085 tu
1201 1010 1295 1087 idem
1319 1012 1394 1109 ipse
1416 1020 1515 1086 tuum
1532 1012 1683 1107 suscipis
1708 1035 1790 1086 con·
1820 1028 1884 1086 rota

171 1139 309 1212 sihumt
333 1146 369 1212 te
387 1161 526 1232 quoque
543 1136 618 1210 vult
636 1138 731 1210 Deus
747 1139 785 1210 in
804 1138 928 1211 eodem
945 1129 1074 1212 veisari
1091 1139 1276 1214 curriculo.
1294 1140 1474 1214 Percussit
1486 1162 1619 1212 arcana
1637 1139 1703 1212 Dei
1720 1159 1789 1210 vox

172 1269 325 1342 animum
342 1253 509 1350 hominis,
537 1289 648 1361 eoque
683 1265 850 1362 perpulit,
882 1273 921 1338 ut
952 1267 1144 1354 Christum,
1173 1269 1255 1341 vitae
1282 1268 1418 1354 ducem,
1447 1269 1483 1340 in
1517 1269 1692 1342 Societate
1724 1267 1791 1342 sibi

171 1394 310 1466 addicta
345 1393 443 1487 sequi
475 1391 683 1476 decreverit,
713 1413 755 1464 ac
785 1391 948 1480 redeunti
978 1391 1148 1487 postridie
1176 1393 1311 1466 Simoni
1336 1417 1374 1467 se
1403 1394 1535 1467 socium
1561 1393 1793 1488 comitemque

171 1515 320 1590 Romam
342 1516 388 1588 ad
411 1514 598 1610 collegium
621 1515 772 1586 tironum
792 1516 979 1590 Societatis
1005 1517 1128 1590 animo.
1142 1517 1286 1591 incenso
1315 1519 1492 1592 obtulerit.
1515 1519 1645 1593 Rebus
1675 1517 1791 1593 dome-

171 1641 279 1726 sticis,
296 1648 429 1736 quanta
442 1647 593 1736 poterat,
610 1639 834 1712 testinatione
845 1640 1042 1736 dispositis,
1064 1642 1212 1737 Leopoli
1226 1643 1361 1738 pariter
1378 1667 1417 1716 se
1430 1643 1566 1717 dantia
1585 1644 1691 1718 viam.

218 1768 286 1842 llic
303 1769 440 1841 animos
462 1767 692 1840 salutantium
710 1767 904 1840 amicorum
921 1767 967 1839 ad
984 1765 1194 1861 religionem
1211 1765 1363 1839 advertit
1381 1791 1504 1840 casus:
1536 1767 1639 1842 simul
1665 1767 1793 1840 Petrus
1816 1741 1947 1898 Em

171 1892 372 1965 conscendit
398 1915 538 1985 equum,
559 1891 699 1963 firmum
730 1890 828 1963 illurn
847 1896 882 1962 et
915 1889 1025 1962 cuivis
1044 1891 1143 1963 oneri
1173 1913 1307 1985 parem,
1328 1891 1433 2000 simul
1458 1892 1628 1964 sternitur
1656 1889 1789 1975 bellua,
1816 1906 1963 2000 montcon-

171 2017 362 2111 pedemque
375 2016 522 2110 frangit,
543 2015 650 2109 idque
667 2015 712 2087 ab
730 2014 853 2086 amicis
866 2013 903 2084 in
921 2014 1042 2107 magni
1060 2014 1205 2086 terroris
1219 2038 1322 2087 omen
1340 2016 1523 2111 accipitur.
1545 2017 1624 2111 lpse
1647 2017 1788 2100 Petrus,
1817 1987 1961 2042 tanncur.

171 2143 422 2239 imperturbata
443 2148 574 2225 mente,
590 2142 703 2214 hostis
721 2142 775 2214 sui
793 2141 1043 2233 interpretatus
1057 2136 1217 2223 insidias,
1239 2144 1350 2210 mutat
1362 2139 1398 2211 in
1413 2140 1562 2234 vestigio
1575 2140 1788 2235 jumentum,

170 2269 360 2364 plenusque
390 2270 495 2342 animi
528 2270 596 2341 iter
621 2269 839 2364 propositum
868 2265 1080 2361 ingreditur.
1116 2266 1221 2337 Ibant
1240 2271 1388 2357 uterque
1408 2263 1495 2349 laeti,
1527 2263 1723 2356 intentique
1753 2262 1790 2334 in

168 2395 384 2468 occasionem
399 2415 536 2466 omnem
550 2393 665 2464 meriti
678 2391 845 2464 salutaris
860 2416 869 2476 ;
886 2390 1001 2485 qualis
1015 2389 1133 2462 oblata
1159 2395 1226 2472 est,
1247 2411 1326 2460 cum
1343 2409 1387 2460 ex
1408 2386 1538 2460 itinere
1550 2387 1596 2458 ad
1613 2387 1790 2458 loannem
1816 2373 1961 2509 ffiss?

170 2519 460 2616 christophorum
491 2519 653 2591 comitem
682 2514 909 2600 Tarnovium,
943 2511 1175 2586 castellanum
1203 2509 1465 2593 Voinicensem,
1490 2510 1639 2586 invitatu
1672 2509 1792 2581 uxoris
1817 2533 1967 2604 ,mma

170 2643 323 2740 Sophia,
346 2667 366 2718 e
387 2651 495 2738 gente
513 2641 832 2715 Odrovonssiorum
850 2637 984 2733 inclyta
1005 2642 1179 2709 matronae
1205 2632 1402 2716 catholicae,
1424 2632 1661 2706 divertissent.
1683 2632 1791 2706 Acce·
1817 2629 1864 2748 ξω
1893 2613 1966 2675 narr,

173 2777 249 2862 ptus
267 2768 470 2840 humaniter
488 2768 629 2852 Petrus,
651 2762 884 2838 castellanum
909 2759 955 2834 ab
980 2759 1158 2832 haereticis
1176 2757 1372 2840 seductum,
1388 2758 1425 2829 in
1454 2756 1547 2829 viam
1565 2756 1689 2832 salutis
1708 2780 1788 2830 con·
1818 2695 1966 2827 nirdicoliit

171 2891 256 2964 siliis
275 2900 430 2976 revocat,
451 2892 569 2986 itaque
599 2888 796 2970 confirmat,
817 2893 856 2957 ut
871 2890 953 2979 post
982 2881 1113 2977 aliquot
1146 2880 1252 2955 etiam
1281 2903 1393 2954 annos
1411 2881 1448 2952 in
1478 2904 1642 2977 supremo
1668 2881 1791 2955 morbo
1818 2863 1895 2905 Μ’

171 3039 283 3090 comes
303 3039 379 3092 suoe
396 3017 490 3088 hunc
509 3016 622 3110 ipsum
644 3018 908 3107 procuratorem
926 3007 1051 3080 salutis
1063 3005 1111 3078 ad
1128 3029 1166 3079 se
1192 3004 1409 3078 invitandum
1432 3005 1629 3091 curaverit;
1658 3006 1793 3100 accepti

170 3137 227 3212 ille
242 3140 493 3235 perhuminem
511 3138 621 3210 divini
643 3159 776 3210 memor
799 3133 975 3210 beneficii.
997 3133 1080 3207 Pari
1103 3155 1266 3206 successu
1292 3131 1432 3206 consilii
1461 3131 1648 3206 Nicolaum
1668 3131 1792 3206 Miele·

172 3262 298 3347 chium,
323 3262 484 3337 Podolise
501 3262 708 3357 palatinum,
728 3259 842 3333 civilis
868 3260 1009 3355 quidem
1038 3257 1237 3352 prudentiae
1255 3263 1291 3330 et
1315 3257 1493 3351 aequitatis
1507 3256 1615 3330 laude
1641 3255 1788 3342 clarum,

170 3387 229 3460 sed
256 3388 405 3462 haeresis
423 3411 498 3460 suae
515 3387 792 3460 existimatorem
809 3387 1037 3481 pertinacem,
1060 3406 1104 3457 ex
1122 3383 1245 3456 eodem
1262 3383 1389 3456 itinere
1419 3382 1578 3456 adortus.
1600 3382 1789 3456 Fastosum

170 3509 338 3606 principio
355 3509 502 3584 offendit
519 3508 713 3604 palatinum
744 3517 780 3582 et
797 3506 1073 3591 intractabilem
1098 3503 1275 3578 foemineis
1291 3504 1442 3578 maxime
1460 3505 1580 3578 uxoris
1607 3506 1789 3600 perturba·

171 3641 241 3706 tum
272 3634 477 3719 fraudibus;
505 3614 584 3728 quae
616 3657 707 3705 nunc
732 3632 916 3706 catholicae
952 3630 1202 3713 calvinianam,
1231 3652 1326 3702 nunc
1355 3627 1515 3702 arianam
1546 3629 1788 3715 calvinisticea,

170 3781 248 3830 mox
260 3757 400 3853 utrique
409 3759 600 3856 judaicam,
614 3757 741 3830 deinde
754 3756 835 3828 huic
848 3756 954 3829 etiam
967 3753 1074 3827 aliam
1084 3753 1202 3826 nescio
1214 3775 1318 3846 quam
1333 3760 1464 3828 sectam
1478 3752 1638 3826 muliebri
1648 3753 1791 3828 levitate

172 3881 378 3978 disputatrix
393 3907 484 3958 vana
497 3885 720 3979 praeferebat.
743 3880 902 3954 Difficilis
924 3879 988 3951 fuit
1007 3901 1085 3951 oum
1102 3876 1247 3972 iugenio
1273 3877 1362 3950 adeo
1388 3877 1510 3950 mobili
1527 3881 1787 3965 controversia;

170 4004 294 4078 victam
322 4028 361 4080 se
387 4007 505 4102 utique
535 4005 645 4078 sensit
669 4005 889 4099 argumentis
919 4003 998 4075 luce
1023 3999 1232 4073 clarioribus
1262 4000 1468 4095 pertinacia,
1489 4023 1603 4095 neque
1633 4001 1791 4074 dolorem

171 4148 269 4200 suum
282 4127 514 4202 dissimulavit
528 4128 705 4224 superbia.
722 4127 846 4200 Ultum
859 4126 963 4198 ambo
977 4131 1063 4196 eunt
1070 4124 1145 4218 jam
1157 4146 1223 4218 pro
1249 4147 1315 4196 sua
1328 4125 1429 4218 quasi
1455 4123 1668 4198 contumelia
1681 4125 1790 4198 victo-

170 4271 242 4323 rem
259 4255 496 4326 sacerdotem:
513 4253 655 4326 mittunt
668 4252 832 4335 famulos,
853 4250 913 4345 qui
930 4248 1118 4320 abeuntem
1132 4249 1176 4320 de
1200 4256 1308 4343 ponte
1321 4248 1480 4343 proximo
1495 4249 1532 4320 iu
1545 4248 1676 4322 flumen
1689 4231 1789 4345 spar-

171 4383 265 4469 gant.
292 4375 594 4450 Dissimulantium
612 4376 800 4472 prudentia
825 4377 968 4460 sactum,
999 4381 1098 4448 utne
1115 4374 1222 4447 heros
1240 4373 1378 4468 imperii
1405 4374 1460 4446 sui
1490 4374 1698 4469 poeniteret;
1728 4376 1789 4449 sed

171 4498 291 4572 oborta
307 4500 484 4573 mentibus
496 4499 588 4586 luce,
605 4500 718 4595 plenis
745 4500 938 4574 officiorum
956 4498 1082 4572 litteris
1105 4499 1250 4572 Retrum
1276 4497 1323 4603 ad
1341 4521 1379 4571 se
1396 4505 1623 4584 revocarent;
1644 4498 1790 4572 damna-

170 4631 268 4716 taque
282 4645 347 4695 sua
364 4624 597 4710 contumacia,
614 4623 822 4720 religionem
839 4622 1048 4696 cathohcam
1061 4621 1311 4716 profiterentur
1326 4621 1442 4694 ambo.
1464 4621 1543 4694 Hoc
1561 4645 1625 4694 suo
1639 4623 1791 4697 resectus

170 4746 292 4818 viatico
319 4747 463 4831 Petrus,
497 4737 651 4843 coeptum
684 4749 752 4820 iter
776 4746 899 4821 hilaris
926 4747 1078 4834 conticit,
1110 4749 1330 4841 Romamque
1360 4771 1450 4820 anno
1481 4749 1574 4823 1568
1621 4773 1699 4822 cum
1726 4776 1791 4825 suo

137 4927 140 4934 .
168 4868 291 4942 comite
305 4869 450 4942 Simone
462 4870 555 4942 subit
572 4870 769 4956 incolumis,
786 4873 918 4968 aliquot
932 4859 1109 4944 mensibus
1124 4868 1249 4976 afelici
1263 4871 1299 4942 in
1314 4872 1441 4944 coelum
1454 4872 1606 4944 transitu
1621 4871 1791 4947 Stanislai

170 4993 318 5066 Kostlra.
342 4993 449 5089 Cujus
468 4995 638 5069 adventus
651 4996 706 5068 sui
717 4997 754 5067 in
767 4997 837 5068 vita
855 4995 1014 5091 ejusdem
1031 4994 1135 5068 Beati
1152 4986 1365 5070 mentionem
1383 4999 1433 5070 ita
1450 4999 1556 5071 facit:
1577 5027 1593 5060 a
1612 4997 1688 5072 llos
1708 5022 1788 5095 ego,

172 5145 188 5174 κ
210 5116 331 5211 iuquit,
352 5140 473 5190 omues
501 5118 735 5214 (posteaquam
752 5101 930 5193 'Stanislai
961 5119 999 5189 iu
1028 5116 1190 5192 tirocinio
1221 5119 1380 5216 collegas
1407 5123 1637 5214 numerasset]
1670 5144 1792 5217 super-

172 5273 189 5302 «
211 5243 306 5316 stitas
323 5243 457 5337 reperi;
485 5251 521 5321 et
537 5243 642 5330 felici,
665 5246 702 5317 in
727 5246 850 5318 eadem
868 5247 950 5318 vitae
967 5243 1146 5338 religiosae
1172 5244 1308 5331 schola,
1328 5245 1457 5318 fruitus
1484 5268 1561 5320 sum
1588 5247 1764 5320 consortio
1782 5255 1796 5318 :'
