4948 6654
675 845 782 905 00000
805 844 976 914 ouranos
997 845 1210 920 (00000000).
1707 827 1766 908 ,179

147 1067 163 1098 κ
184 1033 408 1109 concordiam
425 1032 606 1104 reductum
620 1033 704 1102 eunt
722 1052 730 1099 :
747 1028 840 1121 quod
855 1027 1023 1100 Ecclesiae
1041 1047 1166 1120 pacem
1184 1023 1373 1096 conciliant
1390 1046 1397 1092 :
1419 1018 1512 1114 quod
1526 1015 1649 1089 eodem
1664 1017 1766 1107 pacto
1779 1099 1781 1104 Ι
1792 1027 1856 1084 1590

145 1190 162 1220 a
184 1159 313 1232 multos
331 1158 501 1251 adjuvant
530 1155 565 1224 in
592 1152 718 1224 salutis
735 1152 893 1245 negotio;
924 1151 1018 1246 pium
1046 1149 1168 1243 igitur,
1190 1153 1340 1242 oportet,
1362 1144 1407 1215 sit
1434 1142 1548 1225 nobie,
1570 1146 1605 1212 00
1622 1137 1766 1233 praemio

145 1315 161 1344 ιι
182 1285 342 1378 dignum,
362 1279 538 1354 concitare
555 1279 647 1350 inter
663 1275 790 1348 tratres
808 1273 1017 1346 seditionem
1032 1294 1075 1344 ac
1092 1269 1487 1344 discordiamztunicam
1501 1264 1632 1338 Christi
1645 1265 1765 1334 incon·

145 1437 161 1468 e
184 1405 322 1478 sutilem
341 1404 540 1498 discerpere
557 1427 564 1473 :
581 1401 674 1473 inter
687 1397 877 1492 discipulos
899 1397 974 1490 ejus
992 1416 1111 1468 serere
1132 1392 1351 1468 certaminal
1375 1392 1482 1475 Istuc,
1502 1388 1619 1474 cred0‚
1641 1386 1767 1459 amatis

143 1559 159 1590 a
185 1528 422 1624 probatisque.
444 1523 697 1618 Nunquidnam
714 1543 799 1594 0000
821 1519 857 1589 00
875 1519 1006 1590 mundo
1033 1519 1170 1613 gratius
1195 1518 1285 1600 Deo,
1311 1523 1368 1587 aut
1385 1513 1585 1586 hominibus
1603 1519 1638 1584 et
1652 1511 1767 1604 reipu-

144 1680 161 1712 κ
182 1651 286 1726 010000
303 1649 438 1733 0001000,
463 1668 568 1742 quam
586 1667 791 1725 consensus,
813 1643 976 1728 charitas,
999 1651 1034 1714 et
1051 1641 1264 1714 unanimitas
1287 1661 1365 1713 esse
1392 1638 1530 1734 potestl
1551 1635 1642 1730 quod
1654 1634 1767 1729 ipsum

144 1803 160 1834 a
183 1774 346 1846 Christus
374 1777 560 1865 tantopere
588 1767 692 1840 nobis
719 1773 943 1839 sacrosancto
974 1789 1038 1838 suo
1072 1771 1289 1838 testamento
1322 1760 1555 1844 commendat,
1592 1757 1764 1853 praecipit,

140 1927 156 1958 a
178 1897 412 1991 indignosque
430 1915 491 1966 eos
509 1891 724 1988 pronuntiat,
751 1889 810 1984 qui
828 1890 882 1961 sui
909 1875 1081 1963 vocentur
1100 1887 1276 1984 discipuli,
1294 1887 1361 1959 nisi
1382 1884 1556 1958 charitate
1573 1881 1766 1978 officiisque

143 2057 161 2089 0
182 2025 312 2098 mutuis
330 2021 621 2118 conjunganturl
644 2053 661 2082 n

194 2178 210 2209 a
234 2146 405 2240 Indignus
423 2151 490 2226 est,
511 2165 613 2237 quem
635 2141 878 2222 christianum,
899 2161 1001 2232 quem
1020 2137 1151 2209 Christi
1169 2135 1378 2231 discipulum
1395 2138 1622 2233 appellemus,
1644 2136 1703 2230 qui
1730 2157 1768 2208 se

146 2302 163 2334 κ
186 2273 231 2345 ab
255 2269 416 2344 Ecclesia
433 2274 613 2362 segregat,
635 2273 697 2336 aut
722 2263 828 2346 fovet,
845 2284 916 2333 000
945 2259 1050 2344 001100,
1067 2283 1204 2354 quoquo
1229 2261 1331 2332 modo
1348 2267 1475 2356 potest,
1496 2262 1655 2336 dissidia.
1677 2261 1768 2342 Quid

144 2427 160 2457 a
182 2407 237 2470 est
253 2419 351 2478 vero,
372 2393 465 2488 quod
484 2413 549 2463 000
572 2388 736 2462 catholici
757 2384 847 2460 adeo
869 2382 968 2456 00000
993 2384 1210 2457 execrabiles
1229 2385 1350 2468 simos,
1371 2393 1410 2457 ut
1426 2385 1595 2481 praesides
1616 2396 1765 2470 vestros,

145 2560 161 2592 u
184 2531 241 2626 qui
273 2529 456 2606 nobiscum
480 2527 638 2621 jungunt
672 2521 875 2604 amicitiam,
907 2520 1176 2604 contaminatos,
1209 2543 1377 2616 sacraque
1406 2523 1638 2596 detestatione
1660 2525 1766 2618 jugu-

145 2688 160 2718 0
182 2657 308 2728 landos
335 2653 489 2750 putetisl
519 2651 600 2733 His,
637 2648 668 2721 si
699 2649 736 2719 in
766 2644 918 2737 aliquem
947 2643 1194 2717 haereticorum
1223 2631 1407 2718 numerum
1441 2671 1479 2720 se
1513 2656 1764 2742 aggregarent,

146 2811 161 2842 a
184 2781 319 2876 gratias
353 2777 507 2850 fortasse
529 2772 697 2868 ageretis.
723 2765 961 2850 Quaerendum
980 2767 1100 2863 utique
1124 2789 1167 2840 ex
1196 2768 1281 2862 ipsis
1298 2776 1385 2854 erat,
1403 2750 1465 2842 cur
1488 2769 1524 2842 id
1541 2771 1763 2845 faciendum:

147 2933 162 2964 κ
182 2927 285 2998 quam
313 2901 358 2972 ob
385 2921 460 2971 rem
484 2891 914 2987 Constantinopohtanum
940 2890 1181 2985 patriarcham
1198 2894 1464 2991 relinquendum
1479 2905 1657 2993 putarent.
1677 2900 1767 2973 Res·

150 3057 164 3088 0
184 3024 392 3121 pendissent
408 3020 543 3092 000000
562 3041 662 3092 sacro
679 3018 800 3111 legum
817 3013 1015 3085 divinarum
1038 3015 1173 3101 codice,
1188 3043 1208 3091 e
1221 3020 1380 3093 doctrina
1394 3030 1596 3094 sanctorum
1610 3029 1764 3116 patrum,

150 3148 411 3224 “orientalium
444 3155 478 3220 et
503 3146 771 3219 occidentalium
795 3139 964 3212 Ecclesiae
990 3141 1184 3226 doctorum,
1205 3166 1249 3216 ex
1270 3115 1427 3217 conciliis
1456 3152 1492 3219 et
1525 3145 1767 3232 canonibus,e

151 3299 167 3330 a
189 3272 315 3346 vestris
334 3270 485 3364 denique
513 3267 670 3362 ipsorum
694 3265 929 3339 monumentis
951 3265 1078 3358 graecis
1096 3290 1104 3336 :
1125 3263 1299 3337 neminem
1320 3265 1543 3361 sempiternae
1560 3266 1667 3338 saluti
1692 3290 1767 3340 suae

150 3425 166 3454 0
186 3417 289 3489 posse
316 3391 513 3472 consulere,
533 3390 592 3484 qui
615 3411 685 3461 non
714 3390 759 3461 sit
781 3389 817 3460 in
835 3393 928 3459 coetu
956 3387 1126 3460 Ecclesiae
1148 3388 1350 3473 catholicae;
1370 3389 1464 3482 quod
1486 3390 1601 3483 ipsum
1622 3390 1765 3463 Petrum

152 3545 167 3576 κ
187 3517 283 3590 Deus
306 3515 430 3588 ovibus
457 3512 531 3585 suis
548 3519 727 3607 pastorem
752 3511 929 3606 praefecit;
950 3513 1032 3585 huic
1050 3515 1108 3607 qui
1126 3536 1196 3586 000
1222 3514 1378 3597 obaudit,
1399 3523 1500 3586 extra
1517 3514 1608 3587 ovile
1630 3513 1762 3588 Christi

152 3671 168 3702 ι
188 3649 292 3714 errat.
315 3642 405 3715 Rem
424 3640 542 3732 itaque
564 3636 615 3707 illi
635 3658 734 3707 suam
754 3635 798 3708 iis
816 3635 1082 3711 confirmassent
1096 3639 1333 3734 argumentis,
1349 3638 1395 3710 ad
1421 3663 1500 3732 quae
1516 3660 1561 3711 ne
1579 3639 1762 3712 hisceretis

152 3795 167 3826 ⁶
189 3767 348 3861 quidem;
370 3766 455 3860 quin
472 3762 663 3836 etiamnum
680 3761 774 3833 idem
797 3763 897 3833 vobis
910 3762 962 3834 illi
976 3773 1150 3857 praestare
1165 3770 1245 3836 sunt
1272 3762 1397 3857 parati,
1414 3762 1444 3833 si
1463 3783 1526 3833 000
1544 3761 1701 3856 placidos
1719 3763 1765 3834 ad

152 3919 168 3951 κ
189 3891 398 3987 colloquium
413 3898 448 3962 00
465 3887 741 3962 controversiam
755 3887 966 3960 obtuleritis.

199 4046 216 4076 c
237 4015 337 4095 Quod
350 4036 373 4085 a
386 4010 781 4106 constantinopolitanis
799 4012 1010 4103 patriarchis
1028 4010 1072 4082 ad
1096 4006 1286 4080 cathohcos
1316 4007 1513 4081 desciscunt
1542 4008 1764 4085 Rutenorum

151 4168 167 4197 a
189 4139 355 4232 episcopi,
376 4135 501 4208 merito
514 4134 552 4206 id
568 4132 701 4205 faciunt
718 4141 753 4206 et
764 4133 846 4226 jure
864 4134 992 4228 optimo
1012 4159 1020 4205 :
1040 4157 1122 4206 nam
1143 4132 1195 4205 illi
1212 4134 1473 4230 dereliquerunt
1490 4139 1603 4211 Deum
1628 4148 1763 4236 patrum

151 4291 167 4322 a
195 4283 357 4344 suornm;
378 4257 582 4332 defecerunt
596 4256 641 4328 ab
658 4256 805 4352 imperio
824 4256 949 4326 summi
964 4255 1164 4342 Pontificis;
1186 4257 1394 4352 religionem
1408 4260 1579 4333 sinceram
1593 4271 1628 4336 et
1645 4273 1763 4339 auoto-

154 4413 170 4444 α
193 4384 332 4456 ritatem
350 4382 521 4456 Ecclesiae
538 4382 754 4464 detrectant,
783 4379 829 4450 ad
851 4387 979 4451 coetum
996 4379 1152 4452 fidelium
1169 4382 1285 4454 redire
1307 4377 1369 4454 seu
1387 4381 1521 4468 nolunt,
1542 4407 1603 4457 seu
1621 4398 1764 4485 propter

152 4535 169 4565 0
189 4505 405 4588 servitutem,
422 4525 527 4597 quam
539 4510 690 4599 tyranno
703 4502 899 4575 Turcarum
916 4503 1086 4588 serviunt,
1100 4527 1170 4576 000
1183 4514 1341 4599 possunt.
1356 4505 1500 4578 Illorum
1512 4530 1620 4582 causa
1632 4513 1760 4605 perire,

154 4660 170 4690 a
193 4630 376 4724 nequead
403 4635 542 4723 portum
572 4626 749 4721 fidamque
775 4628 974 4711 stationem,
990 4652 1069 4723 quae
1093 4629 1160 4701 sibi
1179 4628 1359 4715 offeratur,
1376 4652 1420 4702 ex
1444 4633 1630 4728 naufragio
1656 4638 1764 4734 recipi

154 4783 171 4814 a
194 4751 298 4837 00110,
316 4749 448 4847 stupidi
463 4749 603 4820 omnino
622 4749 658 4820 id
675 4747 828 4822 hominis
849 4750 895 4823 sit
912 4757 1017 4845 atque
1044 4751 1133 4824 adeo
1151 4752 1394 4824 amentissimi.
1412 4754 1588 4830 Praesides
1608 4760 1717 4831 vestri
1729 4769 1764 4834 et

156 4907 172 4936 κ
197 4874 342 4969 sibiipsi
360 4881 395 4947 et
412 4872 512 4946 00000
531 4873 664 4968 pariter
682 4873 888 4958 consulunt;
908 4874 954 4946 ad
970 4882 1109 4968 portum
1127 4875 1252 4947 salutis
1267 4884 1427 4970 praeeunt
1443 4879 1681 4972 sequentibus,
1696 4905 1766 4954 non

154 5031 171 5060 κ
193 4999 244 5070 ad
259 4997 434 5108 interitum
452 4997 712 5092 sempiternum.
727 4997 911 5069 Docebunt
926 4997 964 5068 id
979 4997 1106 5070 rosilli
1124 4997 1347 5095 diligentium
1367 5021 1432 5072 000
1455 5022 1559 5095 super
1579 5001 1645 5075 hoc
1670 5006 1764 5099 apud

154 5149 170 5182 a
192 5121 346 5215 Superos
362 5123 551 5217 querimur,
569 5123 661 5217 quod
677 5128 885 5216 potestatem
903 5121 1001 5193 vobis
1019 5121 1187 5196 adversus
1204 5122 1379 5196 antistites
1396 5133 1531 5198 vestros
1543 5126 1765 5220 jndiciariam

154 5275 170 5304 κ
193 5248 386 5342 arrogetis;
408 5269 550 5342 eosque,
571 5245 684 5341 culpae
700 5244 832 5319 nullius
850 5245 1039 5328 convictos,
1051 5245 1301 5321 condemnetis.
1319 5247 1514 5342 Utrumque
1531 5249 1597 5322 hoc
1609 5251 1765 5346 iniquum
