4930 6634
699 807 806 867 nlnnn
829 807 971 869 sexsus
993 803 1203 882 (raro-roan).
1722 801 1782 867 aaa

156 996 259 1070 lenus
276 1000 342 1076 est,
364 993 441 1066 haec
459 991 607 1065 verbose
635 989 884 1073 tractantibus,
908 987 971 1060 illa
1004 994 1082 1060 arte
1105 987 1295 1083 sophistica
1321 986 1555 1062 eludentibus.
1585 988 1783 1062 Proclivius
1805 1001 1871 1058 lsao

159 1121 305 1215 denique
328 1126 415 1204 erat,
437 1139 480 1192 oa
497 1116 640 1212 probari
659 1117 737 1188 istis
754 1114 909 1198 arbitris
939 1112 1064 1209 quibus
1086 1113 1154 1210 ipsi
1172 1135 1194 1182 a
1215 1114 1364 1208 pueritia
1386 1113 1510 1186 imbuti
1536 1121 1666 1200 essent,
1688 1137 1782 1207 quae·

159 1269 224 1340 que
239 1267 262 1316 a
278 1242 459 1339 praeclaris
472 1241 702 1314 lutherauicae
729 1238 861 1311 scholae
888 1237 1065 1332 magistris
1096 1237 1180 1321 suia,
1208 1236 1246 1308 in
1271 1238 1332 1310 illo
1362 1237 1501 1311 theatro
1528 1261 1591 1310 suo
1610 1239 1781 1312 adversus
1847 1225 1848 1228 ¹

160 1370 325 1453 advenas,
351 1388 481 1461 eosque
499 1365 587 1437 duos
606 1365 702 1459 ipsos
720 1386 742 1435 a
759 1361 891 1441 multis,
917 1361 998 1432 hinc
1016 1359 1125 1446 illinc,
1144 1383 1224 1455 quae
1242 1363 1366 1456 cuique
1385 1362 1544 1435 venirent
1561 1363 1597 1434 iu
1615 1369 1780 1448 mentem,

160 1493 268 1566 multa
294 1491 400 1566 simul
427 1489 579 1574 diversa,
600 1511 713 1585 eaque
736 1486 887 1582 superbe
899 1485 1136 1580 jactarentur.

207 1617 344 1691 Vendae
362 1617 406 1688 P.
423 1614 640 1687 Ertmanuus
653 1610 870 1708 Tolgsdorff,
887 1611 1079 1694 Prutenus,
1096 1606 1278 1680 aVarmia
1291 1608 1474 1694 oriundus
1492 1631 1674 1684 enumero
1693 1635 1785 1684 mor·
1817 1659 1843 1714 p·
1861 1581 1958 1728 ilige-

160 1741 280 1814 talium
311 1738 457 1812 defluxit
493 1738 545 1810 lV
580 1758 692 1809 nonas
723 1737 876 1809 octobris
907 1758 1015 1820 anno,
1037 1735 1152 1808 aetatis
1186 1757 1260 1806 suae
1291 1735 1396 1818 rua
1423 1737 1585 1810 tirocinio
1617 1739 1715 1812 initae
1748 1741 1784 1812 in
1813 1735 1963 1826 corstona

160 1864 332 1939 Societate
362 1861 445 1936 vitae
471 1861 531 1934 39.
554 1861 593 1932 ln
622 1858 819 1954 Collegium
849 1861 1099 1934 canonicorum
1117 1867 1302 1956 cooptatus
1320 1860 1416 1946 olim,
1439 1864 1597 1937 Martino
1616 1867 1782 1941 Cromero
1814 1819 1911 1952 11111111
1935 1815 1963 1868 a

162 1985 422 2060 Varmiensium
439 1987 618 2080 episcopo,
648 1985 683 2056 in
703 1985 901 2071 Livoniam,
936 2009 1050 2083 nuper
1068 2009 1112 2058 ex
1136 1986 1283 2058 Moscho
1305 2009 1327 2057 a
1346 1987 1492 2061 Polonis
1517 1999 1707 2087 receptam,
1740 1995 1787 2066 ad
1814 1973 1917 2032 Vm·

163 2110 449 2206 repastinandum
467 2130 593 2204 agrum
610 2108 723 2193 illum,
741 2111 840 2204 cujus
859 2109 973 2186 cultus
991 2111 1096 2183 annis
1122 2110 1252 2182 abhinc
1279 2107 1789 2207 quinquaginta'consenuerat

163 2259 223 2332 per
238 2233 405 2308 haeresim
426 2232 697 2316 lutheranicam‚
730 2213 894 2329 episcopo
924 2234 1088 2308 dioecesis
1117 2235 1239 2308 Ottoni
1267 2237 1494 2332 Schenkingo
1527 2239 1563 2309 in
1594 2241 1789 2314 subsidium

163 2359 300 2444 missile,
322 2358 394 2430 Deo
412 2355 623 2429 iudustriam
642 2379 740 2428 suam
764 2365 800 2430 ot
814 2357 1022 2429 mortalibus
1040 2357 1215 2453 probavit;
1237 2358 1273 2430 in
1289 2366 1403 2431 tractu
1417 2361 1568 2434 maxime
1582 2362 1785 2451 Volmariae,

164 2483 255 2557 curis
282 2483 356 2556 suis
374 2481 629 2554 commendato.
648 2481 826 2575 Linguam
848 2481 979 2576 gentle,
1000 2482 1192 2576 caeteroqui
1210 2481 1400 2568 difficilem,
1422 2484 1538 2556 studio
1551 2485 1789 2580 juvandorum

165 2607 342 2680 homiuum
359 2605 517 2688 incenso,
539 2604 637 2678 brevi
649 2611 722 2676 tam
747 2606 901 2700 perfecte
918 2605 1122 2691 condidicit,
1144 2613 1195 2693 ut,
1216 2607 1246 2678 si
1265 2615 1369 2680 natus
1393 2608 1430 2680 in
1448 2631 1492 2682 ea
1510 2616 1603 2682 esset
1621 2619 1740 2706 gente,
1757 2620 1793 2684 et

165 2732 365 2804 christianae
390 2730 480 2826 legis
511 2730 679 2825 dogmata
696 2752 760 2825 per
792 2753 831 2803 se
848 2738 1052 2826 exponeret,
1075 2737 1110 2804 et
1124 2731 1274 2804 eundem
1304 2731 1340 2802 in
1367 2755 1469 2805 usum
1487 2732 1626 2808 libellos
1639 2737 1792 2809 conscri-

166 2856 274 2930 beret.
296 2855 503 2928 Doctrinam
527 2855 715 2927 Ertmanni
732 2861 767 2926 et
792 2853 977 2950 religionis
999 2854 1185 2927 catholicae
1211 2855 1419 2951 magisteria
1451 2859 1519 2930 etsi
1551 2881 1620 2930 non
1638 2859 1793 2934 libenter

167 2980 364 3075 acciperent
393 2979 565 3065 haeretici,
600 3002 670 3052 non
698 3001 819 3052 amare
846 2985 965 3051 mmen
991 3003 1107 3052 mores
1124 2979 1290 3065 hominis,
1319 2979 1545 3068 industriam,
1578 2991 1614 3056 et
1644 2993 1793 3058 caeteras

167 3103 289 3179 laudes
322 3126 393 3176 non
420 3111 597 3200 poteraut.
630 3104 786 3176 Facilius
814 3125 952 3197 quoque
972 3103 1086 3176 visum
1120 3103 1206 3198 ipsis
1234 3128 1313 3177 cum
1342 3129 1412 3178 uno
1444 3108 1627 3181 sacerdote
1645 3132 1793 3183 romano

165 3229 359 3325 negotium,
380 3251 486 3323 quam
504 3227 755 3325 cumpluribus
773 3226 930 3323 ejusdem
954 3227 1135 3322 religionis
1148 3228 1360 3312 hominibus,
1381 3229 1501 3325 eisque
1526 3231 1695 3307 Jesuitis:
1717 3233 1792 3329 qui·

167 3355 230 3427 bus
242 3354 405 3450 hicRiga
419 3353 627 3438 exturbatis
647 3355 683 3425 in
697 3361 834 3449 partem
844 3352 1001 3444 muneris
1015 3352 1181 3447 aliquam,
1199 3362 1234 3426 ot
1246 3354 1307 3449 qui
1320 3377 1378 3428 res
1396 3355 1545 3451 Collegii
1554 3359 1791 3454 templumque

165 3479 232 3552 divi
250 3479 388 3565 Jacobi,
404 3479 472 3552 sibi
494 3479 695 3562 commissa,
721 3478 897 3572 tantisper
922 3484 1075 3564 curaret,
1098 3479 1194 3572 regis
1215 3479 1320 3572 jussu
1350 3490 1576 3555 successerat.
1609 3485 1663 3556 lta
1687 3507 1792 3578 porro

165 3603 223 3678 illo
239 3628 298 3678 res
312 3614 348 3678 et
361 3627 508 3679 munera
521 3605 703 3678 Sociorum
721 3604 862 3678 exulum
881 3609 981 3674 tanta
1003 3600 1273 3675 administrabat
1290 3601 1487 3697 diligentia,
1510 3614 1548 3678 ut
1574 3607 1603 3678 si
1616 3608 1692 3703 jam
1718 3615 1792 3679 tum

166 3753 257 3802 unus
276 3729 369 3802 foret
392 3751 411 3800 o
442 3728 585 3801 nostris.
611 3727 817 3800 coenobium
845 3725 1022 3820 virginum
1037 3725 1133 3810 olim,
1150 3733 1310 3798 nostrum
1318 3728 1395 3822 jam
1411 3728 1447 3802 id
1463 3731 1633 3826 temporis
1651 3731 1794 3805 domici-

165 3853 264 3938 lium,
290 3854 416 3950 quibus
430 3853 572 3926 fecisset
589 3852 724 3934 vitium,
753 3852 874 3924 refecit
896 3860 1074 3936 accurate,
1104 3860 1210 3946 atqua
1236 3852 1376 3926 ornavit
1393 3854 1524 3940 etiam3
1554 3856 1740 3931 conciones
1758 3866 1794 3931 et

167 3978 258 4052 ritus
271 3977 444 4051 Ecclesiae
473 3977 639 4050 restituit.
662 3975 757 4048 Odas
776 3998 898 4049 sacras
916 3977 996 4049 cani
1017 3975 1099 4048 olim
1126 3975 1174 4050 ad
1186 3977 1359 4049 sacrificia
1374 3978 1509 4062 solitas,
1526 4001 1615 4074 quas
1637 4005 1700 4054 seu
1716 3983 1793 4078 ipse

166 4125 227 4176 seu
241 4103 303 4176 alii
321 4101 491 4175 memoria
507 4101 715 4184 tenuissent,
737 4101 967 4196 conscriptas,
989 4099 1025 4172 in
1044 4101 1203 4172 ordinem
1226 4110 1261 4174 et
1277 4101 1387 4175 libros
1401 4103 1570 4198 digessit;
1596 4128 1793 4201 puerosque

166 4233 327 4300 cantores
347 4225 384 4296 in
407 4224 568 4298 Ecclesia
586 4222 756 4305 instituit;
774 4243 895 4295 earum
915 4246 1000 4295 usus
1017 4222 1191 4318 hodieque
1203 4224 1239 4295 in
1254 4226 1402 4297 Estonia
1422 4227 1532 4322 viget,
1553 4228 1590 4301 in
1611 4229 1794 4324 provincia

163 4355 224 4428 illa
241 4380 286 4430 ex
303 4353 480 4426 Livonicis
498 4353 593 4448 apud
609 4356 796 4429 nostrates,
808 4346 957 4440 reliqua.
968 4345 1151 4418 Restituto
1168 4347 1205 4417 iu
1222 4347 1337 4418 locum
1352 4371 1452 4421 suum
1466 4350 1616 4444 Rigeusi
1634 4350 1792 4447 Collegio

164 4503 259 4553 anuo
276 4477 363 4553 1581
382 4476 487 4548 laetus
504 4497 575 4547 uon
593 4475 697 4548 modo
711 4497 767 4547 res
786 4497 828 4546 ac
845 4471 980 4567 praedia
1001 4471 1283 4566 repraesentavit,
1304 4495 1381 4544 ase
1394 4482 1613 4560 conservata,
1634 4478 1698 4549 sed
1715 4478 1791 4572 ipse

166 4607 270 4680 etiam
289 4627 327 4678 se
340 4602 509 4675 Societati
527 4601 683 4674 tradidit.
707 4599 895 4694 deceptus,
916 4603 951 4669 ot
974 4596 1155 4669 Cracoviae
1180 4597 1273 4668 inter
1290 4595 1441 4668 novitios
1460 4605 1599 4670 nostros
1622 4598 1791 4672 doctrinis

165 4729 295 4804 nostris
311 4726 506 4810 institutus,
527 4725 695 4797 remissus
725 4731 779 4796 est
802 4723 839 4795 in
852 4721 1060 4806 ‚Livoniam
1077 4721 1122 4792 ad
1141 4720 1301 4793 instituta
1319 4720 1485 4793 ibidema
1504 4743 1542 4793 se
1560 4721 1695 4795 utiliter
1712 4745 1790 4816 per·

165 4852 357 4950 sequenda.
374 4851 462 4924 lude
479 4849 676 4946 expeditius
688 4848 795 4920 etiam
810 4847 847 4918 in
869 4845 983 4918 salute
993 4845 1121 4917 civium
1134 4853 1297 4918 versatus
1314 4851 1369 4916 est
1381 4843 1484 4917 labor
1501 4867 1598 4916 suus.
1618 4844 1792 4940 Acceptus

163 4979 198 5050 in
226 4976 429 5050 comitatum
446 4976 490 5048 ab
509 4975 686 5070 episcopo,
708 4971 894 5045 Livoniam
925 4990 1025 5040 suam
1047 4968 1298 5063 perlustrante,
1318 4975 1558 5064 perscrutatus
1587 4975 1643 5041 est
1668 4991 1789 5041 omnes

164 5123 386 5198 paganorum
397 5100 567 5181 latebras,
586 5102 783 5193 opportuna
795 5095 884 5167 locis
898 5092 1051 5166 afferens
1067 5091 1224 5166 remedia
1237 5114 1315 5162 cum
1330 5115 1393 5186 per
1407 5113 1457 5179 se,
1482 5099 1557 5164 tum
1570 5114 1634 5185 por
1651 5091 1787 5178 Socios,

121 5225 125 5234 ’
163 5225 306 5314 aliunde
336 5224 443 5298 etiam
475 5228 689 5297 contractos
714 5219 829 5292 Multo
858 5217 938 5315 plus
965 5225 1044 5290 erat
1073 5216 1207 5310 negotii
1235 5216 1445 5300 Ertmanno,
1481 5215 1638 5290 exercitu
1673 5215 1790 5289 Caroli
