4930 6634
679 809 788 868 111111
811 809 989 870 snorruus
1009 793 1175 880 (1110111
1197 812 1219 886 ).
1725 801 1786 870 177

166 992 285 1088 digitis
307 993 463 1088 captivas
480 993 624 1066 dimittit
644 994 797 1068 tabulas.
819 995 1061 1092 Spectassa'id
1082 995 1243 1069 miraculi
1260 996 1422 1068 dicuntur
1438 993 1573 1088 aliquot
1603 991 1782 1063 hominurn
1811 1003 1875 1057 1011

167 1117 289 1190 millia.
310 1117 438 1190 Lectae
453 1118 606 1213 publice,
624 1120 822 1193 dimissasa
839 1131 988 1204 mortuo,
1009 1121 1146 1194 litteras
1168 1120 1472 1214 metropolitanus,
1500 1117 1590 1190 banc
1607 1123 1781 1212 precatus.

168 1240 281 1314 eidem
293 1241 456 1315 restituit.
473 1244 649 1327 Mortuus,
666 1243 724 1315 hic
741 1245 848 1316 etiam
857 1245 945 1316 vivit
962 1244 1109 1338 :recipit
1122 1266 1224 1316 suum
1241 1242 1383 1338 pignus,
1402 1243 1508 1336 idque
1537 1240 1678 1336 stringit
1692 1238 1786 1333 digi-

25 1407 26 1416 .
167 1367 212 1438 tis
235 1366 380 1461 pariter.
402 1365 575 1439 Cominoti
601 1367 817 1462 spectaculo,
837 1369 986 1441 fremere
1013 1390 1134 1441 omnes
1164 1369 1308 1463 gaudio,
1345 1377 1380 1440 et
1410 1366 1583 1462 gratulari
1612 1366 1655 1436 de
1673 1363 1787 1436 salute

165 1497 299 1564 aeterua
311 1489 469 1562 Meletii:
492 1491 624 1584 gratias
648 1514 756 1585 agere
775 1500 924 1586 patrono
941 1516 1017 1577 suo,
1037 1493 1137 1565 beato
1151 1493 1319 1588 martyri;
1342 1493 1402 1588 qui
1419 1490 1637 1574 adversaria,
1659 1495 1695 1560 et
1715 1487 1786 1559 for-

165 1620 261 1686 tasse
284 1614 379 1686 necis
393 1614 500 1686 etiam
520 1615 656 1688 auctori
675 1637 762 1700 suae,
784 1638 857 1688 non
870 1617 974 1688 modo
996 1617 1149 1711 gratiam
1167 1616 1284 1690 delicti
1302 1616 1436 1700 fecerit,
1457 1614 1520 1688 sed
1541 1613 1665 1686 salutis
1679 1613 1787 1684 etiam

166 1738 346 1832 negotium
358 1745 504 1811 aeternae
516 1747 589 1811 tarn
605 1741 716 1812 amice
734 1763 797 1812 suo
823 1741 932 1812 tuitus
955 1741 1060 1813 fucrit
1077 1741 1285 1836 patrocinio.
1313 1741 1439 1812 Postea
1455 1760 1561 1833 quam
1577 1738 1622 1810 de
1642 1735 1788 1810 consilio

168 1862 319 1946 Meletii,
344 1863 390 1934 ad
416 1863 611 1936 Ecclesiam
636 1863 835 1936 Romanam
857 1864 1002 1958 recepti,
1027 1864 1265 1937 renuntiatum
1291 1879 1358 1946 est,
1386 1863 1594 1957 resipiscere
1623 1862 1789 1934 continuo

168 1987 394 2070 schismatici,
413 1989 451 2059 in
463 1988 583 2083 primis
593 1988 842 2061 Vitcbscenses
860 2013 868 2058 ε
886 1988 1019 2083 majore
1036 1987 1072 2058 in
1092 1987 1167 2060 dies
1186 2010 1331 2059 numero
1348 1986 1547 2059 afflueread
1563 1986 1789 2081 inquisitores

170 2109 265 2182 necis
281 2133 304 2181 a
319 2111 481 2184 Romano
496 2112 665 2183 Pontificc
682 2112 866 2206 delegatos
889 2137 897 2183 ε
915 2133 1097 2184 commune
1115 2112 1248 2183 crimen
1266 2134 1368 2183 suum
1385 2110 1543 2183 confiteri
1561 2111 1784 2205 poenitentes:
1816 2132 1955 2189 Conversio
2074 2109 2079 2144 ³

169 2257 234 2307 sua
251 2235 357 2307 etiarn
375 2235 551 2308 sententia
580 2236 729 2307 subituri
764 2258 888 2330 poenas
921 2235 1055 2308 scelere
1086 2234 1214 2330 dignas
1244 2259 1322 2320 suo,
1351 2258 1576 2331 quascunque
1605 2236 1790 2330 exegerint
1815 2210 1961 2346 ζέῑᾚῖ

164 2359 326 2454 judices:
349 2380 451 2431 orare
481 2383 545 2454 pro
575 2382 614 2432 se
631 2359 791 2454 quisque,
823 2368 861 2431 ut
895 2360 961 2432 rite
985 2359 1031 2430 ad
1065 2359 1484 2442 EcclesiamRomauam
1514 2348 1784 2455 aggregentur:
1816 2371 1928 2427 mancis.

171 2482 291 2555 multis
303 2482 468 2578 lacrymis
485 2484 579 2577 apud
597 2484 800 2556 sacerdotes
814 2489 954 2556 nostros
967 2505 1032 2578 per
1048 2484 1288 2558 confessiones
1304 2507 1382 2557 cum
1395 2483 1623 2578 parricidium
1638 2491 1712 2556 tum
1726 2506 1790 2556 sua

172 2607 319 2701 quisque
336 2604 466 2679 delicta
482 2607 677 2701 deplorare.
695 2607 783 2687 Quae
799 2605 969 2680 1111111111
988 2609 1139 2681 civitatis
1157 2609 1381 2681 commutatio
1397 2608 1536 2703 judices
1550 2608 1680 2702 gaudio
1697 2632 1789 2680 com·

172 2731 282 2826 plevit
296 2730 506 2804 incredibili.
519 2732 646 2804 Actum
663 2730 861 2826 igiturcum
872 2733 1125 2827 poenitentibus
1144 2733 1426 2807 clementissime.
1439 2729 1590 2807 Relatus
1603 2741 1737 2829 martyr
1754 2733 1789 2804 in

173 2855 365 2927 Beatorum
382 2878 565 2928 numerum
581 2855 666 2928 anni
686 2855 792 2938 1643,
806 2856 912 2928 XVll
929 2855 1099 2930 kalendas
1112 2858 1276 2952 quintiles
1290 2858 1335 2930 ab
1348 2857 1493 2930 Urbano
1503 2858 1610 2942 Vlll;
1631 2858 1687 2930 cni
1699 2858 1736 2930 in
1750 2881 1792 2932 eo

173 2979 316 3072 negotio
343 2978 532 3063 cunctanti,
563 2985 669 3073 atque
704 2979 846 3052 interim
882 2980 1131 3074 gravissimum
1156 2983 1192 3053 in
1225 2982 1382 3054 morbum
1418 2980 1576 3075 delapso,
1609 2979 1703 3052 sema
1739 2989 1793 3054 est

175 3101 382 3196 apparuisse
408 3102 501 3174 huuc
525 3110 687 3175 nostrum
721 3103 939 3176 antistitem:
966 3105 1162 3178 restituisse
1196 3106 1415 3200 desperatam
1442 3112 1578 3199 aegroto
1604 3104 1753 3177 salutem
1779 3128 1787 3175 :

175 3227 345 3298 monitum
357 3226 403 3297 ab
420 3226 543 3299 eodem
561 3226 743 3299 Urbanum
754 3239 899 3313 essene
916 3251 1036 3301 sacros
1051 3228 1217 3316 honorae,
1238 3252 1325 3326 quos
1342 3230 1409 3302 sibi
1421 3230 1546 3303 haberi
1562 3229 1670 3303 vellat
1680 3230 1789 3315 Deus,

173 3373 294 3422 servus
312 3373 494 3422 servorum
507 3349 573 3422 Dei
592 3350 782 3424 decernere
799 3352 959 3424 tardaret
970 3353 1087 3426 lentus
1105 3355 1280 3448 coguitor.

222 3473 394 3568 Rigensis
412 3473 573 3570 Collegii,
603 3497 715 3570 nuper
733 3475 894 3570 dissipati
922 3475 1005 3572 (vid.
1033 3477 1091 3548 hio
1116 3502 1213 3550 num.
1245 3481 1293 3573 3),
1312 3478 1482 3574 reliquiae,
1503 3486 1654 3572 quatuor
1671 3477 1787 3551 Socii:
1820 3439 1916 3586 3533,

174 3599 243 3670 duo
261 3599 478 3680 sacerdotes,
498 3599 643 3671 totidem
658 3599 850 3694 adjutores
866 3602 903 3672 in
917 3601 1051 3694 praedio
1069 3624 1133 3674 suo
1147 3603 1322 3697 Pergamo,
1344 3627 1414 3677 uon
1430 3603 1536 3697 longe
1554 3603 1729 3699 disjuncto
1746 3604 1792 3675 ab
1820 3599 1889 3690 suum
1921 3597 1967 3653 ⁸⁰·

174 3722 274 3806 urbe,
294 3720 499 3793 haerebant:
515 3721 634 3806 laturi,
655 3745 906 3818 quamcumque
924 3733 1078 3826 possent,
1099 3749 1177 3798 cum
1191 3747 1358 3822 oppresso
1377 3726 1497 3821 Rigae,
1516 3733 1591 3798 turn
1608 3724 1738 3798 circum
1755 3725 1792 3796 in
1819 3691 1969 3826 ffiffi

176 3844 315 3940 oppidis
329 3852 365 3916 et
375 3845 477 3940 pagis
491 3844 671 3929 derelicto,
692 3847 821 3940 populo
840 3871 940 3942 opem
954 3849 1141 3922 catholico.
1157 3850 1266 3922 Aditu
1295 3849 1446 3924 civitatis
1461 3850 1506 3922 ab
1523 3849 1698 3922 haereticis
1712 3871 1791 3944 pro·
1820 3835 1965 3968 fffflstfg·

173 3967 290 4054 bibiti,
311 3992 405 4042 nunc
430 3969 476 4040 ad
495 3969 709 4042 Polonorum
739 3979 868 4055 castra,
889 3973 992 4046 modo
1018 3972 1065 4045 ad
1095 3974 1287 4070 oppidanos
1305 3981 1341 4048 et
1357 3994 1516 4069 paganos
1534 3975 1791 4060 excurrebant;
1859 3929 1896 3981 gu

175 4093 340 4165 crebrius
373 4093 600 4168 conferebant
632 4117 671 4166 se
694 4096 906 4178 Mittaviam,
928 4097 964 4168 in
991 4098 1113 4169 urbem
1139 4097 1339 4192 Curlandiae
1369 4097 1574 4192 principem,
1602 4097 1796 4170 Lituanicis

173 4217 348 4290 insessam
365 4219 485 4314 copiis.
515 4221 605 4292 Tum
628 4219 685 4292 hic
714 4227 788 4291 tum
823 4221 907 4295 alibi
927 4223 1086 4318 insignes
1116 4222 1270 4319 percepti
1287 4221 1446 4293 laborum
1476 4222 1620 4293 fructus.
1641 4221 1796 4294 Circum·

175 4343 384 4414 sonantibus
403 4343 553 4437 denique
569 4343 723 4415 hostium
741 4344 861 4427 armis,
890 4345 1007 4416 rurale
1034 4345 1139 4416 etiam
1165 4367 1267 4417 sumn
1285 4342 1439 4438 oportuit
1456 4343 1572 4414 deseri
1596 4342 1794 4416 latibulum.

176 4465 324 4538 Duobus
352 4466 526 4539 Mittaviee
552 4467 695 4552 relictis,
723 4468 792 4540 duo
811 4468 887 4552 alii,
921 4469 1082 4540 sacerdos
1111 4467 1214 4554 alter,
1244 4466 1335 4539 alter
1363 4466 1474 4537 laicus
1499 4464 1651 4560 adjutor,
1672 4469 1798 4560 aegroti
1826 4486 1956 4544 Minoris

175 4587 294 4674 ambo,
326 4588 365 4660 in
399 4589 534 4683 sylvam
570 4591 764 4684 proximam
791 4613 830 4662 se
855 4590 1000 4662 abdunt.
1035 4589 1185 4686 Adjutor
1213 4589 1389 4673 Andreas,
1406 4588 1480 4683 jam
1505 4611 1627 4672 senex,
1655 4589 1692 4660 in
1719 4589 1797 4662 sinu
1826 4567 1958 4622 ³⁰⁰³⁰¹⁰¹¹¹

176 4711 309 4796 Patris,
330 4712 425 4786 Socii
458 4713 513 4785 sui
542 4714 728 4797 carissimi,
770 4715 936 4787 aerumnis
964 4714 1143 4810 confectus
1176 4715 1336 4786 moritur.
1370 4693 1483 4787 Gcnle
1512 4713 1570 4786 hic
1588 4720 1665 4786 erat
1692 4713 1794 4800 hirc,

177 4858 308 4908 unuse
338 4837 460 4930 primis
479 4837 591 4909 Sociis
623 4838 791 4930 Rigensis
823 4838 997 4932 Collegii:
1026 4841 1080 4910 vir
1097 4839 1257 4932 simplex,
1291 4839 1444 4932 integer,
1471 4844 1566 4910 recte
1584 4837 1630 4910 ad
1660 4860 1799 4911 omnem

1826 4647 1938 4702 labores.

178 4957 263 5030 vitae
280 4982 485 5054 morumque
506 4959 841 5042 laudeminstitutus
858 4987 865 5034 :
887 4964 1001 5036 cultor
1018 4965 1055 5035 in
1072 4964 1193 5058 primis
1211 4963 1390 5057 religiosae
1408 4963 1625 5058 paupertatis
1639 4985 1796 5036 severus.

230 5087 366 5160 Vendae
392 5109 528 5182 quoque
546 5094 695 5182 quatuor
712 5085 837 5180 reliqui
854 5111 873 5160 e
891 5089 1059 5160 distracto
1094 5088 1250 5183 Collegio
1282 5090 1375 5162 inter
1399 5090 1558 5185 pericula
1575 5096 1717 5162 strenue
1735 5081 1801 5161 sua

179 5213 444 5307 exequebantur
474 5210 608 5297 officia;
641 5209 700 5304 qui
729 5208 793 5282 hos
810 5208 846 5281 in
881 5212 1023 5286 civitate
1048 5214 1206 5286 curanda
1228 5214 1407 5309 juvarent,
1440 5213 1538 5286 missi
1567 5212 1658 5296 duo:
1680 5235 1800 5285 mense
