4948 6654
701 795 809 855 0000
833 795 1004 866 0000000
1025 760 1233 872 (00000000).
1441 860 1442 864 ,
1725 789 1786 856 183

173 1007 186 1038 κ
204 977 263 1050 liis
280 983 315 1050 et
329 975 536 1060 canonibus,
561 975 635 1047 sive
656 974 796 1068 legibus
810 976 959 1047 Patrum
985 981 1198 1060 sanctorum,
1219 973 1349 1067 liquet;
1371 981 1406 1046 00
1417 981 1539 1046 nostra
1552 979 1779 1044 monumenta
1811 980 1875 1034 1596

171 1099 413 1182 «sclavonica.
441 1123 483 1172 ex
505 1122 623 1195 graeco
654 1100 691 1172 iu
721 1099 874 1194 patrium
902 1098 1088 1182 translata,
1116 1097 1313 1170 luculenter
1341 1096 1376 1167 in
1416 1098 1607 1170 canonibus
1634 1099 1779 1169 Patrum

171 1235 405 1298 -sanctomm
432 1224 587 1309 faciunt;
624 1223 729 1317 idque
760 1230 897 1294 veteres
932 1223 1046 1294 sancti
1068 1224 1195 1295 Patres
1224 1220 1414 1293 Orientalis
1444 1220 1613 1292 Ecclesiae
1647 1227 1780 1292 testan-

171 1355 274 1432 «tur,
307 1349 366 1442 qni
399 1348 492 1420 hanc
524 1346 596 1417 diri
626 1347 724 1418 Petri
754 1346 871 1418 sedem
898 1353 933 1418 et
958 1352 1168 1441 potestatem
1195 1353 1300 1440 atque
1330 1343 1513 1438 imperium
1538 1343 1575 1414 in
1600 1343 1781 1438 episcopos

171 1473 369 1546 «universe
396 1470 620 1552 confitentur.

212 1625 230 1655 e
257 1597 297 1667 ln
316 1595 371 1667 his
401 1594 512 1666 multo
546 1601 703 1688 tempore
732 1589 988 1686 profitebantur
1022 1588 1163 1661 uomina
1193 1615 1258 1664 sua
1276 1594 1655 1693 constantinopolitani
1674 1597 1781 1670 etiam

170 1719 470 1814 “patriarchaea
504 1719 630 1814 quibus
660 1719 738 1790 haec
768 1736 851 1809 pars
880 1714 1101 1785 Rutenorum
1130 1713 1335 1809 religionem
1353 1716 1509 1812 ritusque
1540 1720 1607 1790 sibi
1636 1718 1785 1790 traditos

169 1844 359 1938 «accepitz
384 1843 639 1916 reverebantur
664 1840 820 1914 Romani
846 1838 1028 1911 Pontificis
1056 1838 1310 1923 auctoritatem,
1337 1842 1413 1934 ejus
1442 1842 1588 1936 imperio
1607 1843 1783 1936 obtempe-

169 1966 340 2051 erabant,
360 1968 564 2062 precatione
583 1968 660 2061 ejus
674 1963 811 2036 solenni
827 1961 1082 2036 lustrabantur.
1103 1961 1160 2034 Ab
1190 1963 1257 2034 hac
1282 1970 1456 2058 potestate
1474 1965 1610 2060 quoties
1628 1964 1782 2037 descive-

169 2101 295 2175 «rant,
320 2091 426 2163 toties
460 2090 506 2162 ad
540 2088 700 2162 eamdem
731 2110 769 2159 se
803 2095 1046 2180 aggregarunt
1077 2083 1275 2179 supplices:
1310 2093 1465 2158 extremo
1496 2109 1559 2180 per
1589 2087 1782 2158 Concilium

169 2245 183 2273 u
203 2199 459 2300 Florentinum,
479 2215 585 2287 ductu
614 2215 636 2285 J
640 2211 762 2307 osephi
780 2208 1005 2304 patriarchae,
1022 2215 1057 2281 et
1070 2207 1091 2279 J
1095 2209 1219 2280 oannis
1238 2208 1435 2304 Palaeologi
1453 2211 1673 2305 imperatoris
1688 2212 1778 2283 Con-

169 2369 184 2399 «
203 2340 519 2435 stautinopolitani,
539 2339 585 2410 ad
603 2336 773 2410 Ecclesiae
791 2334 1035 2407 auctoritatem
1050 2356 1144 2405 anno
1162 2333 1254 2406 1439
1272 2335 1409 2408 00011000
1427 2364 1434 2420 ;
1454 2336 1603 2430 professi
1618 2339 1781 2410 obedieu-

169 2493 184 2524 κ
202 2466 288 2537 tiam
301 2465 463 2538 Pontifici
482 2464 643 2539 Romano
661 2462 837 2534 debitam:
865 2459 976 2553 utqui
990 2467 1085 2532 esset
1102 2480 1195 2553 papa
1208 2467 1243 2530 et
1260 2460 1430 2552 magister
1447 2467 1483 2533 et
1495 2469 1611 2536 rector
1628 2463 1783 2537 universi

169 2588 322 2683 «populi
353 2587 550 2669 christiani,
584 2609 626 2659 ac
656 2585 835 2679 legitimus
868 2585 940 2657 divi
970 2586 1069 2658 Petri
1102 2606 1296 2656 successor.
1318 2585 1361 2656 Ei
1391 2586 1545 2659 Concilio
1575 2587 1781 2662 Florentino

170 2740 184 2770 ι
204 2719 324 2784 noster
342 2733 480 2806 quoque
494 2709 750 2805 Kijoviensium
773 2715 809 2780 et
825 2708 1001 2780 universae
1028 2707 1171 2780 Russiae
1196 2707 1485 2801 metropolitanus
1505 2710 1659 2781 Isidorus
1674 2712 1780 2784 inter·

170 2833 295 2916 0001ος
325 2835 384 2907 hic
413 2836 518 2906 istam
548 2831 828 2927 conjunctionem
853 2830 1246 2924 Constantinopolitani,
1275 2838 1313 2901 ut
1345 2839 1485 2916 vocant,
1522 2834 1781 2926 patriarchatus

170 2959 427 3053 «omniumque
453 2957 602 3030 Graeciae
632 2953 858 3028 ecclesiarum
889 2952 1020 3034 intulit,
1041 2961 1146 3046 atque
1179 2953 1245 3025 has
1264 2965 1387 3046 gentes
1405 2953 1442 3024 in
1472 2953 1585 3026 officio
1602 2957 1678 3050 ejus
1697 2957 1779 3030 obe-

170 3111 184 3139 «
204 3081 345 3154 dieutiae
361 3081 546 3154 continuit.
565 3080 655 3152 Eam
672 3080 804 3151 obrem
822 3097 925 3168 reges
940 3073 1112 3158 Poloniae,
1128 3074 1333 3147 nominatim
1345 3074 1549 3148 Vladislans
1564 3078 1779 3153 Polonorum

169 3216 238 3280 «et
272 3209 525 3302 Huugarorum
558 3217 634 3290 000,
670 3204 799 3298 aliique
826 3202 1013 3297 principes,
1046 3201 1299 3274 immunitatem
1338 3224 1520 3274 munerum
1559 3205 1628 3277 ritu
1660 3230 1778 3300 graeco

167 3331 485 3415 «sacerdotalium,
515 3331 638 3425 quales
672 3328 846 3400 haberent
871 3325 1003 3408 Latini,
1024 3323 1059 3395 in
1090 3323 1239 3396 comitiis
1268 3324 1493 3418 generalibus
1512 3325 1694 3401 dederunt.
1719 3331 1777 3403 Sic

168 3457 391 3550 “aggregati
422 3455 634 3550 patriarchae
677 3449 1068 3544 Constantinopolitani,
1101 3470 1180 3519 cum
1218 3469 1296 3518 cam
1334 3449 1614 3542 conjunctionem
1656 3477 1777 3526 rursus

167 3578 458 3664 «dissolvissent,
491 3586 597 3674 atque
615 3579 677 3661 ita,
705 3576 780 3650 Deo
809 3574 977 3671 perfugas
1006 3575 1187 3676 puniente,
1201 3576 1330 3670 jugum
1348 3577 1542 3652 Turcarum
1561 3583 1779 3677 accepissent

166 3727 181 3757 a
201 3702 436 3794 tyrannicum,
469 3701 551 3775 inde
582 3723 720 3774 errores
759 3697 860 3770 multi
886 3706 920 3770 et
951 3723 1066 3770 mores
1095 3697 1256 3792 improbi,
1293 3704 1328 3770 et
1362 3705 1561 3794 procuratio
1595 3729 1778 3780 munerum

165 3850 181 3881 κ
202 3822 239 3894 in
260 3823 316 3896 his
343 3823 487 3896 Russiae
512 3822 702 3919 provinciis
733 3819 792 3891 diu
819 3817 995 3913 neglecta,
1023 3828 1059 3892 et
1075 3818 1185 3893 multa
1211 3817 1408 3915 sacrilegia,
1432 3825 1776 3925 sacerdotiorumque

164 3973 180 4002 s
199 3946 484 4031 nundinatioues,
517 3954 705 4020 consecuta
731 3951 825 4015 sunt.

210 4098 227 4128 s
250 4070 341 4143 Hinc
360 4070 598 4144 disseminatae
615 4071 773 4142 haereses
792 4073 900 4139 totam
926 4088 1016 4160 pene
1029 4066 1198 4138 Russiam
1211 4069 1313 4141 malis
1331 4072 1404 4143 suis
1418 4073 1590 4148 infecere:
1611 4076 1692 4150 hinc
1709 4079 1777 4153 ista

162 4218 178 4249 ε
198 4191 235 4262 10
254 4193 343 4266 fanis
361 4194 581 4267 Rutenorum
601 4191 767 4276 solitud0,
790 4199 958 4265 atrorum
975 4192 1174 4264 divinarum
1195 4198 1356 4282 vastitas
1377 4207 1412 4272 et
1438 4200 1564 4276 ruinae.
1585 4205 1689 4299 Piget
1701 4208 1776 4302 jam

162 4343 177 4374 κ
198 4315 260 4387 0110
276 4318 381 4414 hujus
398 4341 464 4390 nos
476 4325 586 4390 tantae
603 4316 793 4411 impietatis
811 4323 916 4410 atque
941 4315 1045 4409 hujus
1062 4316 1256 4390 barbaricae
1274 4319 1367 4394 inter
1387 4324 1653 4399 mahumetanos
1667 4331 1776 4401 servi-

162 4467 178 4498 t
197 4440 294 4526 tutis,
328 4465 398 4537 qua
428 4441 586 4537 oppressi
610 4441 731 4535 jacent
760 4438 943 4535 Byzantini
974 4439 1184 4533 patriarchae
1206 4468 1213 4512 :
1234 4445 1333 4538 piget
1363 4447 1567 4521 defectionis
1595 4453 1698 4524 istius
1729 4455 1774 4526 ab

161 4561 359 4636 «Ecclesia
389 4587 431 4635 ac
455 4563 653 4636 discordiae.
677 4565 799 4656 ltaque
816 4565 985 4638 adversus
1002 4565 1158 4638 haeneses
1176 4575 1211 4640 et
1224 4568 1300 4664 opis
1327 4570 1481 4644 ferendae
1506 4598 1611 4648 causa
1637 4580 1775 4675 populis

160 4712 176 4742 κ
196 4683 324 4758 misere
342 4687 583 4784 pereuntibus
605 4693 640 4758 et
669 4687 775 4758 rebus
802 4687 942 4770 divinis,
963 4687 1089 4760 horum
1107 4690 1261 4762 omnium
1278 4691 1451 4787 religione
1475 4698 1601 4770 animis
1620 4701 1773 4789 incussa,

160 4832 176 4863 ⁸
197 4828 291 4879 anno
310 4809 492 4904 superiore
517 4810 673 4882 misimus
695 4810 741 4880 ad
760 4809 960 4902 pontificem
986 4809 1255 4896 sanctissimum,
1285 4814 1497 4889 Clementem
1514 4819 1617 4906 Vlll,
1634 4833 1774 4898 nostros

159 4926 349 5022 «legatos,
369 4929 589 5002 venerabiles
615 4929 808 5026 Hypatium
827 4932 947 5004 Pociei
971 4934 1265 5027 protothronium,
1285 4937 1469 5012 Vladicam
1487 4941 1718 5033 Vlodimiriae‚
1740 4959 1776 5024 et

159 5080 175 5110 ⁸
197 5051 368 5149 Cyrillum
398 5054 635 5137 Terleckium
656 5053 841 5128 Vladicam
871 5058 1074 5145 Luceoriae;
1104 5058 1257 5143 conscio,
1284 5060 1509 5149 concedente,
1538 5089 1579 5141 ac
1602 5071 1773 5162 probante

160 5177 423 5249 ‘serenissimo
454 5199 539 5271 rege
568 5176 793 5252 Poloniarum
824 5180 1050 5274 Sigismundo
1081 5182 1149 5264 lll,
1186 5181 1244 5276 pio
1281 5182 1458 5279 principe;
1492 5187 1590 5282 cujus
1624 5215 1772 5288 regnum
