4948 6654
641 791 644 796 Ι
672 807 732 873 170
1057 815 1331 876 LITUANlCARUM
1354 815 1566 876 SOClETATlS
1586 817 1673 878 lESU
1695 817 1948 878 HISTORIARUM

503 1004 564 1058 1591

500 1125 621 1219 Virtqtas

500 1221 648 1277 precipua.

673 998 984 1092 congregationem
1006 999 1126 1086 misso,
1149 1005 1277 1096 rogatu
1295 1001 1339 1072 P.
1361 999 1463 1072 Pauli
1488 999 1629 1073 Boksza
1645 1001 1827 1097 praepositi
1848 988 2056 1097 interposita
2083 1011 2204 1078 sancte
2225 1003 2296 1079 fide

674 1123 808 1208 datum,
830 1124 1038 1199 auctoritate
1055 1124 1196 1220 publica
1207 1125 1405 1219 litterisque
1419 1124 1544 1197 Romae
1565 1125 1600 1196 in
1619 1124 1826 1220 apostolica,
1849 1131 1887 1197 ut
1906 1133 2046 1208 vocant,
2069 1148 2211 1205 camera
2228 1111 2298 1202 rite

673 1248 929 1322 confirmatum.
950 1249 1157 1322 Laudentur
1181 1248 1218 1321 in
1241 1249 1310 1322 hoc
1335 1250 1410 1322 viro
1436 1250 1613 1344 praecipue
1635 1248 1847 1343 :religionis
1874 1248 2041 1332 studium,
2058 1249 2162 1322 firma
2193 1251 2294 1337 fides,

672 1395 752 1468 spes
765 1373 871 1446 rebus
884 1374 922 1444 in
938 1373 1059 1446 arduis
1076 1382 1234 1469 experta,
1248 1395 1347 1446 amor
1364 1373 1430 1446 Dei
1448 1381 1483 1447 et
1500 1375 1669 1446 memoria
1683 1373 1759 1468 ejus
1778 1374 1964 1469 praesentis
1982 1375 2018 1445 in
2037 1375 2198 1448 omnibus
2214 1378 2299 1450 vitae

671 1499 795 1572 officiis
812 1506 1002 1593 perpetua;
1025 1481 1118 1592 quod
1136 1497 1252 1569 vultus
1271 1497 1375 1570 etiam
1388 1519 1473 1570 suus
1487 1507 1522 1570 et
1539 1521 1654 1572 sermo
1668 1504 1869 1570 exaestuans
1883 1497 2088 1571 indicabant
2102 1527 2111 1586 ;
2127 1499 2296 1586 charitas,

675 1630 710 1697 et
727 1622 913 1717 diligentia
930 1623 968 1694 in
996 1645 1081 1695 cura
1108 1622 1287 1717 egentium
1313 1623 1463 1695 maxime
1481 1630 1516 1695 et
1541 1623 1750 1694 miserorum
1777 1619 2007 1706 incredibilis,
2029 1623 2237 1717 obsequium
2264 1631 2300 1697 et

675 1748 897 1821 observantia
926 1748 964 1819 iu
986 1769 1120 1832 omnes,
1140 1747 1339 1841 praesertim
1368 1747 1406 1818 in
1435 1745 1609 1842 praesides
1640 1766 1741 1829 suos;
1771 1767 1918 1854 quorum
1945 1753 2052 1818 nutus
2085 1747 2192 1820 etiam
2218 1747 2298 1820 dili-

674 1872 827 1968 gentius,
844 1894 949 1966 quam
980 1872 1107 1965 aliquis
1138 1850 1315 1943 felicitatis
1341 1891 1415 1940 suae
1443 1869 1614 1965 auspicia,
1636 1869 1849 1941 observabat
1875 1894 1883 1940 :
1906 1877 1980 1942 tum
2008 1870 2194 1958 modestia,
2216 1873 2297 1942 sub-

672 1997 805 2079 missio,
827 1994 973 2067 comitas
987 2018 1066 2065 cum
1084 1991 1259 2088 gravitate
1273 2015 1421 2078 morum,
1438 1993 1475 2064 in
1487 1994 1593 2065 rebus
1607 2017 1686 2067 cum
1699 1997 1875 2091 prosperis
1894 2004 1969 2069 tum
1981 1995 2145 2071 adversis
2159 2022 2298 2095 semper

671 2127 837 2194 constans
861 2119 942 2205 sibi,
964 2127 1101 2192 erectus
1130 2125 1353 2212 attentusque
1381 2115 1428 2189 ad
1449 2119 1669 2210 occasionem
1687 2121 1828 2192 virtutis
1862 2127 1897 2193 et
1927 2122 2132 2208 meritorum
2158 2145 2296 2196 omnem

671 2247 821 2319 animus
844 2244 903 2316 Sic
919 2245 1072 2339 prudeus
1099 2241 1158 2314 ille
1184 2263 1322 2336 semper
1347 2248 1382 2313 et
1399 2243 1685 2338 circumspectus,
1705 2252 1744 2317 ut
1766 2245 1862 2339 ipsos
1888 2246 2293 2338 quatuordecimam,

672 2371 797 2469 quibus
816 2392 935 2442 secum
961 2368 1190 2453 convixerint,
1211 2391 1256 2440 ne
1281 2367 1427 2439 verbum
1452 2366 1604 2460 quidem,
1625 2366 1720 2460 quod
1742 2390 1815 2439 non
1841 2367 1983 2440 omnino
2009 2376 2102 2442 esset
2127 2370 2295 2467 religioso

672 2497 817 2592 dignum
830 2495 920 2580 viro,
943 2516 981 2566 se
1004 2515 1048 2564 ex
1066 2493 1109 2564 P.
1128 2491 1282 2564 Antonio
1295 2512 1450 2586 unquam
1466 2489 1618 2575 audisse,
1632 2491 1778 2564 Garsias
1790 2492 1884 2565 idem
1906 2492 2108 2566 affirmaret.
2131 2495 2295 2568 Omnium

671 2622 732 2695 ille
750 2620 808 2716 pie
832 2617 1023 2703 studiosus,
1048 2637 1172 2686 amaus
1195 2622 1300 2708 atque
1332 2615 1553 2688 observans:
1575 2615 1726 2688 omnium
1754 2639 1817 2688 suo
1844 2616 1955 2712 ipsius
1984 2641 2091 2690 sensu
2121 2619 2293 2695 infimus:

672 2753 795 2820 contra
812 2745 888 2840 ipse
914 2741 1077 2837 opinione
1106 2741 1260 2812 omnium
1285 2739 1340 2810 vir
1369 2738 1527 2834 apprime
1542 2719 1683 2824 doctus,
1703 2747 1859 2826 sanctus,
1882 2740 2105 2814 venerabilis.
2123 2743 2203 2838 lpse
2230 2747 2296 2818 viri

671 2876 880 2966 conspectus
899 2887 962 2961 pro
981 2865 1185 2959 magisterio
1198 2865 1340 2958 pietatis
1356 2872 1432 2939 erat
1455 2863 1665 2940 academicis
1678 2868 1829 2941 maxime
1844 2867 2048 2962 juvenibus.
2073 2869 2209 2944 Horum
2231 2874 2296 2946 ali-

672 2996 749 3091 quis
771 2994 810 3065 in
827 3015 890 3065 suo
904 2997 998 3064 coetu
1012 2987 1268 3084 contemplatus
1285 2991 1442 3075 Patrem,
1452 2989 1668 3087 affectusque
1685 2991 1929 3078 admiratione,
1940 2993 1986 3065 ad
2004 3016 2086 3066 suos
2106 3019 2299 3094 conversus

672 3117 838 3218 gregales
859 3141 867 3189 :
887 3145 903 3177 κ
921 3116 1025 3202 boue,
1041 3114 1166 3211 iuquit,
1188 3114 1302 3186 Deus!
1321 3115 1352 3187 si
1369 3121 1507 3187 tantum
1525 3115 1658 3188 evultu
1675 3118 1869 3190 sacerdotis
1889 3117 2002 3213 hujus
2013 3119 2144 3193 eminet
2166 3127 2298 3197 saucti-

674 3276 691 3308 κ
710 3243 839 3316 moniae
869 3241 1000 3312 decus:
1022 3245 1189 3332 quantam
1207 3246 1346 3332 oportet
1373 3261 1452 3311 esse
1477 3236 1592 3311 lucem
1608 3237 1715 3334 hujus
1740 3240 1924 3335 dignitatis
1948 3239 1985 3310 iu
2001 3239 2066 3313 illa
2085 3243 2299 3322 Sanctorum

674 3403 690 3435 ιι
713 3370 868 3444 omnium
895 3388 1038 3448 corona,
1060 3365 1098 3437 in
1117 3365 1256 3437 Christo
1280 3365 1377 3448 deso,
1396 3367 1434 3438 in
1450 3365 1568 3438 Matre
1587 3366 1663 3460 ejus
1684 3363 1919 3437 Beatissimal
1937 3400 1953 3432 a
1979 3364 2033 3437 Ex
2051 3365 2112 3439 illo
2137 3375 2298 3466 tempore

670 3497 876 3572 adolescens
890 3500 926 3567 et
937 3493 1014 3588 ipso
1032 3514 1114 3563 suos
1128 3490 1307 3586 castigare
1320 3514 1449 3574 mores,
1460 3491 1627 3585 pietatem
1644 3486 1760 3560 colere
1773 3489 1978 3582 impensius,
1989 3489 2116 3564 offerre
2129 3517 2167 3567 se
2182 3497 2295 3584 Patri,

670 3624 792 3698 eodem
810 3601 915 3692 animi
932 3617 987 3689 sui
1013 3615 1065 3688 uti
1095 3615 1229 3688 arbitro
1261 3623 1297 3688 et
1322 3613 1405 3685 vitae
1436 3614 1618 3708 magistro.
1642 3609 1776 3682 Eadem
1806 3633 1943 3683 morum
1973 3615 2147 3688 suavitate
2177 3619 2299 3696 allecti

667 3749 813 3844 juvenes
827 3741 888 3815 alii
902 3739 1113 3834 complures
1130 3737 1199 3832 ipsi
1217 3760 1354 3832 quoque
1373 3759 1424 3821 se,
1444 3737 1738 3833 praeceptionibus
1752 3739 1828 3832 ejus
1841 3737 2044 3813 formandos
2062 3741 2295 3836 salutaribus,

668 3869 762 3943 ultro
793 3865 953 3938 dabant:
975 3861 1177 3956 frequentes
1203 3861 1358 3956 quotidie
1386 3861 1590 3936 cathedram
1620 3865 1777 3954 Antonii,
1798 3867 2036 3942 confessiones
2061 3878 2294 3969 exceptantis,

669 3985 955 4071 circumstabant.
978 3986 1190 4060 Mendiculis
1208 3985 1455 4080 rusticulisque
1478 4010 1541 4082 pro
1561 3997 1722 4062 curatore
1741 3994 1818 4060 erat
1835 4009 1878 4058 ao
1895 3992 2008 4078 patro.
2031 3988 2210 4086 Quidquid
2227 3999 2299 4071 sibi

671 4121 827 4196 oblatum
845 4119 952 4198 osset,
969 4114 1139 4185 concessu
1157 4108 1361 4205 praesidum,
1377 4119 1489 4184 totum
1507 4113 1545 4185 in
1562 4121 1706 4210 egentes
1724 4114 1904 4208 erogabat.

615 4307 619 4316 .
706 4242 880 4316 Dimissus
894 4261 938 4312 ox
963 4235 1046 4309 aula
1070 4234 1183 4329 regia,
1207 4232 1301 4328 quod
1326 4233 1404 4329 ipse
1420 4233 1480 4306 rix
1506 4238 1666 4331 precibus
1686 4235 1804 4309 multis
1831 4238 2050 4334 impetrarat,
2071 4263 2150 4312 cum
2177 4243 2214 4313 in
2233 4244 2299 4317 Li-

670 4367 830 4440 tuauiam
847 4386 891 4437 ex
909 4358 1059 4434 Polonia
1075 4358 1219 4443 rediret,
1241 4358 1278 4429 in
1308 4357 1433 4431 itinere
1452 4358 1592 4432 demum
1621 4361 1803 4457 comperit,
1820 4361 1931 4434 multa
1956 4362 1994 4434 in
2011 4387 2111 4435 suum
2138 4389 2297 4457 currum,

671 4492 741 4588 piae
766 4487 900 4582 reginae
921 4485 1037 4579 jussu,
1058 4483 1201 4577 ingesta
1227 4482 1425 4554 clanculum
1450 4507 1513 4579 pro
1540 4486 1684 4569 viatico,
1706 4505 1770 4556 uec
1787 4507 1901 4579 pauca
1928 4485 2115 4574 utensilia;
2136 4513 2216 4584 quae
2235 4491 2302 4567 ille

587 4607 590 4612 ’
672 4614 790 4689 omnia
815 4610 851 4681 in
869 4613 1092 4681 occurrentes
1121 4604 1190 4677 sibi
1216 4601 1396 4676 mendicos
1424 4605 1585 4678 distraxit
1605 4631 1612 4679 :
1635 4609 1923 4681 succensentibus
1941 4608 1979 4681 id
2003 4611 2076 4683 suis
2093 4612 2298 4700 comitibus,

674 4738 798 4834 quibus
816 4757 859 4807 ea
875 4731 1024 4826 largitas
1042 4728 1236 4825 profusioni
1264 4752 1368 4823 quam
1394 4728 1598 4804 liberalitati
1617 4731 1764 4803 similior
1786 4731 1978 4806 videretur.
2000 4731 2173 4829 Lepidum
2190 4735 2295 4824 illud,

674 4861 766 4959 quod
795 4860 926 4931 fecerat
946 4854 984 4924 in
1012 4852 1139 4924 itinere
1172 4873 1250 4924 cum
1277 4852 1457 4926 cardinale
1492 4853 1645 4949 Georgio
1673 4853 1865 4968 Radivillo,
1886 4856 2195 4935 dioecesimsuam
2221 4862 2298 4934 col-

673 4988 858 5061 lustrante.
882 4979 1019 5075 Hyeme
1040 4975 1247 5070 perfrigida,
1269 4977 1424 5050 serotino
1449 4985 1620 5074 tempore,
1641 4980 1686 5052 ad
1716 4981 1911 5075 principem
1944 4980 2177 5054 diversantem
2208 5008 2295 5057 con-

674 5109 784 5186 currit
795 5109 958 5199 frequens
977 5124 1020 5174 ex
1038 5100 1139 5196 pagis
1152 5099 1302 5195 populus
1320 5126 1398 5175 cum
1413 5103 1627 5200 supplicibus
1643 5104 1785 5179 libellis.
1806 5104 1862 5177 Ad
1877 5113 2082 5200 occupatum
2098 5109 2299 5200 negotiosis

674 5233 831 5331 epistolis
855 5229 1028 5326 praecluso
1057 5226 1169 5310 aditu,
1190 5249 1260 5297 uox
1285 5233 1362 5299 erat
1387 5228 1453 5299 sub
1483 5227 1540 5299 dio
1567 5228 1765 5324 algentibus
1795 5231 2038 5325 transigenda.
2059 5231 2239 5307 Sustinere
2257 5237 2299 5308 id
