4930 6634
705 826 817 889 uem
842 829 1007 892 ocrrvus
1029 831 1239 906 (isso-reio).
1762 827 1822 894 ass

202 1022 325 1076 versus
338 1007 620 1100 procumberent.
637 1006 755 1080 Multa
772 1008 990 1096 admiranda,
1009 1010 1177 1094 divinitus
1193 1010 1261 1083 hoc
1278 1011 1355 1084 loco
1373 1010 1481 1095 edita,
1501 996 1661 1102 vulgavit
1678 1008 1826 1103 scriptor
1853 1022 1917 1076 1632

202 1155 319 1206 rerum
337 1134 462 1208 Lindae
480 1135 668 1220 Marianae,
687 1136 728 1208 P.
747 1136 902 1209 Thomas
921 1135 1078 1230 Olagius
1100 1135 1167 1206 His
1186 1133 1334 1228 permoti
1352 1131 1501 1227 proximi
1513 1131 1591 1203 loco
1604 1131 1711 1215 cives
1732 1130 1823 1203 Res·
1851 1138 1961 1193 ΜΠ·
2041 1147 2042 1150 ’

202 1255 326 1330 saliani
360 1257 456 1343 hinc,
490 1257 588 1332 illinc
619 1259 909 1354 Rastenburgici‚
925 1259 1102 1354 'cogitare
1132 1257 1176 1330 de
1210 1256 1456 1330 transferenda
1489 1279 1591 1327 suum
1615 1255 1754 1349 utrique
1786 1254 1825 1326 in
1851 1216 1998 1350 ffiffnffl

203 1381 369 1478 oppidum
387 1383 591 1478 prodigiosa
617 1383 787 1477 imagine,
807 1384 968 1476 interque
995 1404 1045 1467 se,
1069 1382 1140 1454 utri
1157 1381 1272 1476 potius
1287 1380 1365 1474 jure
1377 1378 1414 1451 id
1427 1387 1578 1474 agerent
1589 1402 1666 1464 suc,
1688 1378 1823 1474 discep-
1850 1373 1980 1504 pemplpm
2082 1389 2085 1400 '

203 1513 290 1578 tare.
318 1507 517 1580 Viciniores
541 1505 620 1579 loco
640 1505 855 1587 Resseliani‚
875 1503 1031 1598 potiores
1057 1502 1223 1597 mancipii
1241 1504 1324 1598 jure
1350 1501 1626 1597 Rastenburgici
1644 1527 1652 1575 :
1673 1502 1723 1588 hi,
1744 1499 1833 1574 con·'
1851 1467 1926 1584 ,312⁸
1934 1468 2000 1584 ihs-

203 1631 296 1703 dicto
321 1631 416 1703 inter
442 1653 481 1702 se
507 1629 578 1711 die,
608 1629 698 1701 clam
725 1630 798 1701 suis
829 1627 1009 1714 rivalibus,
1034 1626 1209 1721 frequenti
1226 1627 1487 1722 compositoque
1504 1626 1774 1722 supplicantium
1791 1626 1828 1697 in
1853 1623 1954 1678 gruem.

203 1755 345 1826 modum
362 1754 517 1848 agmine,
536 1753 775 1848 praeeuntibus
792 1775 871 1824 cum
888 1750 1043 1847 parocho
1061 1751 1211 1834 clericis,
1228 1750 1519 1844 subsequentibus
1531 1749 1660 1844 populo
1678 1757 1713 1821 et
1725 1749 1830 1846 (quod

204 1879 367 1974 opinatur
384 1877 540 1972 Clagius)
561 1901 641 1950 cum
660 1900 724 1950 suo
738 1875 917 1972 praefecte,
932 1874 1019 1958 sive,
1041 1882 1078 1946 ut
1094 1881 1234 1958 vocant,
1256 1875 1550 1958 commendatore,
1564 1872 1673 1968 copiis
1687 1871 1830 1945 Ordinis

205 2003 405 2087 Teutonici,
434 2003 604 2099 inclytum
630 2001 750 2073 lucum
776 2001 955 2074 subeunt:
977 1998 1219 2094 prodigiosum
1258 2001 1397 2095 signum
1422 2000 1495 2072 laeti
1518 2000 1825 2096 venerabundique

204 2127 384 2213 auserunt,
412 2119 519 2224 inque
547 2127 624 2200 sede
650 2146 764 2210 sacra,
784 2122 989 2220 gratulante
1016 2124 1158 2197 civitate
1175 2146 1252 2212 sua,
1276 2133 1500 2221 componunt.
1517 2125 1566 2198 At
1581 2125 1742 2198 homines
1767 2149 1830 2199 suo

205 2249 241 2322 id
258 2258 372 2348 agunt
389 2273 459 2324 non
479 2250 597 2323 divino
625 2250 766 2322 omnino
793 2248 940 2320 consilio
961 2251 1122 2320 :namet
1142 2250 1310 2343 postridie
1327 2251 1402 2346 ejus
1416 2249 1498 2335 diei,
1520 2249 1643 2344 quoin
1663 2249 1832 2345 templum

196 2373 331 2448 fuisset
349 2375 500 2460 illatum,
522 2382 558 2448 et
580 2373 670 2446 elias
689 2380 794 2474 atque
812 2373 912 2457 alias,
931 2373 1055 2445 eodem
1071 2374 1235 2458 relatum,
1251 2373 1354 2446 modo
1373 2374 1480 2469 plane
1497 2372 1650 2446 mirabili
1666 2373 1712 2445 ad
1733 2396 1833 2446 suam

204 2493 318 2570 tiliam
333 2497 441 2571 rediit
454 2498 681 2571 simulacrum
696 2522 704 2583 ;
727 2498 889 2591 interque
906 2496 1063 2584 frondes,
1084 2521 1146 2571 suo
1164 2497 1226 2571 illo
1244 2499 1281 2570 in
1295 2499 1407 2571 veteri
1425 2498 1514 2570 solio
1539 2504 1755 2593 compertum
1780 2503 1834 2570 est

205 2623 394 2697 resedisse.
428 2623 543 2696 Affine
574 2623 641 2695 hoc
673 2621 724 2692 illi
756 2621 940 2704 miraculo,
968 2621 1012 2694 de
1034 2645 1102 2717 quo
1126 2630 1246 2696 noster
1268 2623 1439 2695 Horatius
1457 2622 1679 2696 'l'ursellinus
1706 2624 1742 2695 in
1769 2647 1834 2696 sua

207 2746 331 2821 domus
350 2748 564 2822 Lauretanae
582 2746 756 2819 historia:
785 2775 801 2806 κ
824 2745 917 2818 sama
944 2751 1053 2831 tenet,
1074 2747 1199 2840 inquit,
1218 2747 1500 2843 antiquissimam
1527 2747 1658 2820 Christi
1676 2747 1833 2820 crucifixi

212 2901 229 2934 ι
249 2871 441 2967 imaginem
460 2871 565 2944 simul
590 2894 669 2944 cum
693 2871 795 2942 domo
813 2869 1071 2965 (Nazaretana)
1089 2870 1284 2956 advectam,
1307 2871 1505 2968 multiplici,
1521 2875 1644 2946 eodem
1661 2879 1830 2967 tempore,

211 3024 228 3057 ι
249 2995 421 3100 miraculo
440 2995 597 3068 extitisse
616 2995 792 3089 insignem
827 3015 835 3063 :
869 3016 951 3064 nam
969 3016 1047 3064 cum
1065 3015 1143 3065 eam
1167 2993 1300 3081 efferri,
1320 3002 1356 3067 et
1384 2996 1421 3066 in
1447 2994 1590 3079 sacello,
1615 2995 1712 3069 adid
1730 3019 1831 3070 exor-

211 3147 229 3179 ι
250 3127 336 3192 nato
349 3120 428 3215 (quo
446 3119 582 3193 honore
595 3117 770 3191 coleretur
783 3117 929 3212 majore)
941 3117 1065 3212 reponi
1073 3117 1368 3192 Recinetensibus
1387 3126 1422 3192 et
1440 3120 1603 3215 episcopo
1620 3120 1828 3214 placuisset:

212 3270 230 3302 ι
250 3220 461 3316 translatam
493 3243 642 3316 subinde
658 3242 696 3315 in
714 3263 851 3314 sacram
870 3241 1084 3335 remigrasse
1105 3235 1261 3328 domum,
1280 3250 1316 3316 et
1341 3244 1378 3314 in
1401 3267 1501 3316 suam
1518 3243 1638 3317 sedem
1655 3245 1831 3340 recepisse
1858 3259 1986 3316 mistui-

216 3395 232 3426 ι
252 3387 300 3438 se.
336 3401 352 3434 a
374 3367 499 3462 Itaque
521 3369 572 3462 (ut
589 3366 670 3439 illos
695 3365 950 3438 Recinetenses
974 3363 1024 3436 sic
1047 3370 1187 3436 nostros
1212 3365 1527 3461 Resteuburgicos)
1549 3368 1831 3462 mnequchuam
1859 3341 1905 3430 tur
1927 3352 2005 3392 suum

186 3506 192 3518 ·
212 3513 305 3585 saepe
322 3497 474 3574 tentata,
495 3491 595 3564 irrito
613 3491 754 3563 demum
772 3489 912 3585 incepto
935 3488 1125 3562 destitisse.
1857 3414 2005 3584 dhiddetddn
2089 3549 2092 3555 .

262 3612 555 3710 Quandoquidem
581 3613 649 3686 hoc
666 3611 743 3684 loco
757 3621 1020 3686 monumentum
1033 3613 1161 3708 gratiae
1180 3637 1255 3688 suae
1275 3615 1482 3688 mortalibus
1499 3619 1716 3713 propositum
1742 3620 1833 3694 divae
1858 3584 1956 3639 mm

211 3733 353 3830 Virgini
375 3736 442 3809 visi
472 3736 677 3832 placuisset,
713 3736 866 3830 positum
888 3735 1003 3809 eidem
1032 3737 1162 3809 ibidem
1188 3739 1377 3834 sacellum
1409 3739 1503 3835 quod
1533 3763 1670 3814 sacram
1695 3765 1833 3840 quoquo

158 3869 163 3876 '
212 3860 374 3935 arborem
392 3862 587 3957 parietibus
618 3860 692 3935 suis
718 3859 1020 3955 complecteretur.
1055 3861 1196 3933 Haecin
1227 3863 1315 3935 aedis
1332 3863 1458 3946 medio,
1485 3889 1585 3938 muro
1613 3867 1774 3963 superior
1798 3869 1833 3943 et

214 3989 318 4071 tecto,
335 3985 444 4059 ramis
456 3985 709 4080 frondibusque
726 4006 879 4079 superne
891 3983 1036 4058 densius
1049 4008 1167 4059 secum
1180 3994 1286 4082 atque
1303 3988 1354 4061 sio
1366 3989 1585 4083 complicitis,
1603 3999 1641 4064 ut
1658 4015 1702 4064 ne
1719 4016 1833 4066 rorem

214 4109 353 4203 quidem
370 4112 664 4196 transmitterent,
686 4109 819 4182 sacello
838 4117 1014 4204 protecto
1045 4117 1123 4183 erat
1143 4135 1151 4180 ε
1172 4113 1293 4206 patula
1319 4113 1393 4199 illa,
1427 4115 1546 4188 virens
1576 4139 1726 4210 semper,
1753 4116 1835 4189 odo-

214 4254 357 4329 remque
384 4234 509 4306 afflans
518 4234 726 4330 jucundum.
753 4232 823 4304 Hic
839 4256 918 4304 cum
935 4233 1050 4304 animo
1065 4256 1128 4305 suo
1145 4234 1259 4308 dictus
1272 4244 1393 4310 noster
1405 4239 1555 4334 scriptor
1570 4238 1726 4311 Thomas
1743 4241 1838 4335 cogi·

214 4365 312 4430 tans:
337 4360 463 4452 «quis,
483 4360 610 4455 inquit,
641 4382 711 4430 non
730 4359 767 4429 in
786 4381 829 4430 ea
842 4357 978 4442 umbra,
1006 4357 1062 4430 vel
1084 4359 1213 4432 tacitus
1237 4361 1334 4456 apud
1355 4363 1512 4435 animum
1543 4384 1645 4434 suum
1662 4361 1749 4436 illud
1767 4365 1835 4437 sibi

218 4509 234 4540 κ
250 4482 433 4554 occinebat
449 4506 457 4553 :
472 4486 538 4554 sub
553 4485 682 4552 umbra
697 4485 795 4551 ittius
810 4501 911 4567 quem
939 4480 1235 4561 desideraveram,
1264 4484 1362 4562 sedi,·
1392 4490 1425 4551 et
1452 4486 1589 4568 fructus
1624 4491 1701 4574 ejus
1722 4491 1836 4558 dulcis

218 4631 234 4665 s
253 4611 393 4696 puuuri
415 4628 488 4677 meo
507 4605 525 4670 ,9
543 4603 630 4682 Quae
643 4602 736 4674 enim
753 4602 832 4673 haec
849 4597 922 4670 alia
939 4596 1077 4683 umbra,
1097 4622 1202 4705 quam
1228 4598 1303 4686 illa,
1324 4599 1368 4672 de
1398 4623 1468 4694 qua
1485 4600 1627 4675 divinus
1646 4603 1694 4674 ad
1710 4605 1838 4702 Dcipa·

218 4757 234 4788 κ
250 4749 327 4800 ram
344 4727 512 4800 nuntius:
533 4730 695 4816 Spiritus
708 4730 871 4805 Sanctus,
907 4722 1033 4815 inquit,
1064 4727 1286 4810 superveniet
1313 4727 1352 4792 iu
1380 4731 1423 4805 te,
1450 4731 1483 4794 et
1520 4728 1637 4796 virtus
1664 4731 1840 4800 Attissimi
1961 4729 1964 4734 '

218 4880 235 4913 ι
251 4837 473 4925 obumbrabit
489 4852 554 4922 tibi
570 4847 680 4942 tquia
694 4845 786 4918 euim
799 4844 862 4918 illa
875 4847 925 4942 (ut
939 4847 976 4919 S.
994 4845 1192 4918 lldefonsus
1207 4843 1320 4916 Serm.
1337 4846 1375 4914 4.
1392 4843 1435 4916 de
1450 4841 1608 4918 Annunt.
1629 4845 1690 4942 ait)
1697 4851 1837 4935 meruit,

219 5005 237 5038 ι
256 4977 387 5048 virtute
399 4971 575 5046 Altissimi
593 4970 810 5055 obumbrari,
826 4977 866 5042 ut
880 4993 946 5058 nos
962 4991 1178 5043 mereremur
1195 4968 1271 5063 ejus
1292 4968 1457 5063 precibus
1471 4969 1639 5066 adjuvari.
1661 4965 1684 5040 η’
1695 4974 1782 5048 Cum
1800 4975 1836 5048 in

217 5099 293 5172 dies
322 5099 456 5193 majore
474 5094 593 5169 fidelis
612 5092 732 5190 populi
749 5093 880 5189 pietate
898 5093 1082 5166 Lindanus
1099 5091 1220 5164 Beatae
1242 5089 1404 5186 Virginis
1422 5091 1562 5188 agellus
1582 5094 1833 5186 celebraretur,

216 5230 322 5318 atque
344 5245 367 5294 a
382 5220 587 5314 longinquis
601 5219 708 5292 etiarn
735 5216 936 5290 Germaniae
949 5216 1181 5312 regionibus,
1209 5215 1392 5310 religionis
1419 5226 1454 5289 et
1470 5219 1542 5291 voti
1555 5241 1675 5306 causa,
1691 5246 1837 5296 concur·
