4896 6650
672 699 780 759 LIBER
798 697 956 757 TERTlUS
977 695 1188 772 (15804590).
1723 683 1780 748 101
1888 675 1890 680 ’
1940 785 1943 792 ¹

161 907 233 959 eam
241 894 439 979 temporum
453 884 723 977 iniquitatem‚a
736 880 937 977 pastoribus
951 879 1024 952 suis
1043 885 1078 952 et
1091 875 1301 974 praesidibus
1314 874 1385 970 ipsi
1397 873 1513 948 relicti
1525 873 1606 959 sibi,
1619 871 1780 964 dolisque
1807 867 1932 1003 ἔξω

162 1009 421 1104 peregrinorum
435 1005 570 1080 seducti
584 1008 778 1088 hominum,
798 1027 820 1077 a
837 1006 975 1078 sincera
989 1002 1162 1096 majorum
1180 1022 1325 1071 suorum
1341 998 1572 1070 descivissent
1584 995 1777 1098 religione:
1807 1026 1943 1097 „ggqng

163 1154 259 1226 quam
277 1130 382 1226 primi
400 1131 526 1204 heroes
552 1131 607 1202 sui
628 1129 810 1223 Crucigeri
835 1129 873 1198 in
891 1127 1076 1199 Liveniam
1101 1124 1307 1208 intulerant,
1328 1129 1583 1219 propagarunt,
1602 1119 1781 1213 armisque
1807 1112 1956 1260 affin·

162 1255 203 1326 ad
219 1275 351 1326 annum
369 1276 479 1348 usque
509 1255 602 1329 1555
627 1255 816 1326 fortissime
840 1260 920 1324 sunt
937 1251 1035 1336 tuiti;
1057 1248 1177 1322 oblata
1196 1245 1274 1340 jam
1290 1242 1395 1315 hodie
1421 1242 1488 1314 sibi
1519 1239 1781 1338 opportunitate
1807 1287 1861 1328 nn.

161 1379 318 1462 salutari,
334 1377 526 1473 prudentes
546 1380 593 1450 ad
607 1399 685 1450 eam
703 1399 742 1452 se
760 1382 979 1449 revocarant.
1001 1373 1114 1468 Regis
1140 1369 1326 1445 consilium
1344 1377 1554 1443 consecutus
1588 1376 1642 1442 est
1667 1367 1781 1463 primo

161 1504 282 1576 civium
301 1522 515 1590 consensus;
545 1503 717 1597 quosdam
747 1524 821 1573 suae
847 1500 1046 1584 sententiae,
1068 1497 1168 1592 quasi
1191 1501 1337 1580 temere,
1358 1503 1480 1567 centra
1505 1502 1627 1570 vetera
1656 1513 1783 1586 nempe

163 1650 221 1700 sua
244 1627 422 1710 instituta,
441 1626 542 1721 regio
568 1605 893 1700 admurmurassent
922 1625 1051 1706 edicto,
1073 1622 1178 1718 paulo
1205 1631 1285 1719 post
1301 1625 1428 1720 piguit.
1461 1625 1597 1719 ltaque,
1618 1645 1697 1694 cum
1714 1619 1783 1691 sibi

161 1773 221 1823 nec
244 1758 450 1836 retractare,
486 1749 578 1843 quod
610 1750 879 1831 concessissent,
908 1749 1087 1843 integrum
1112 1756 1219 1834 esset,
1256 1757 1292 1821 et
1321 1749 1546 1822 metuendum
1571 1769 1594 1818 a
1618 1767 1718 1842 rege,
1752 1745 1784 1816 si

160 1881 425 1967 repugnassent,
447 1872 572 1946 merito
590 1895 654 1944 suo
673 1879 858 1966 putarent;
877 1870 1105 1944 clandestinis
1121 1878 1196 1944 tum
1221 1871 1324 1944 civici
1348 1871 1385 1944 in
1402 1873 1490 1945 urbe
1508 1894 1590 1944 suos
1607 1869 1779 1954 haeretici,

160 2007 227 2069 tum
239 1996 391 2080 nobiles,
407 2020 469 2093 per
483 2019 596 2092 pagos
610 1997 774 2090 dispersi,
791 1996 943 2069 Livones
957 1995 1114 2068 consiliis
1131 2000 1302 2072 inducunt
1317 1998 1366 2071 ad
1383 1997 1668 2093 postulanduma
1685 1996 1781 2090 prin·

160 2123 243 2218 cipe,
258 2124 385 2196 ritibus
403 2123 476 2195 suis
495 2123 720 2215 moribusque
734 2121 894 2216 pristinis
906 2121 1026 2194 rivere
1040 2121 1106 2193 sibi
1124 2145 1187 2216 per
1208 2145 1287 2195 eum
1300 2130 1339 2195 ut
1361 2121 1479 2195 liceat.
1498 2121 1539 2193 ld
1553 2121 1649 2216 ipsos
1670 2119 1781 2192 fiden-

160 2245 224 2318 tius
236 2254 272 2318 et
284 2269 349 2318 suo
366 2244 481 2339 quasi,
500 2245 717 2338 sessioque,
732 2245 814 2339 jure
833 2245 1029 2338 exigentes,
1050 2246 1199 2340 rejectos
1214 2247 1290 2320 sine
1303 2271 1416 2332 mora,
1432 2249 1513 2321 Rex
1530 2248 1682 2319 monitos
1703 2269 1781 2320 esse

33 2407 34 2448 r
156 2369 277 2464 jubet:
302 2401 318 2431 a
335 2370 515 2464 antiquius
533 2369 643 2442 multo
659 2369 804 2441 Polonis
826 2371 1056 2464 superiusque
1069 2371 1129 2464 jus
1146 2392 1223 2442 esse
1249 2371 1287 2442 in
1305 2371 1472 2456 hirenes,
1499 2393 1604 2465 quam
1627 2392 1782 2464 unquam
1807 2365 1937 2459 stephani

163 2523 178 2556 a
198 2495 351 2568 Luthero
365 2495 484 2580 suerit,
501 2502 564 2567 aut
575 2495 682 2589 hujus
700 2493 828 2588 aequali
855 2494 976 2588 legum
1000 2494 1281 2590 religionumque
1305 2495 1510 2570 conditori:
1541 2496 1783 2570 meminissent
1807 2445 1953 2580 &gups-
2063 2557 2065 2562 ,

164 2647 178 2680 ιι
197 2622 280 2693 victi
294 2621 515 2714 subactique,
525 2619 586 2714 jus
600 2619 668 2691 sibi
681 2619 719 2690 in
732 2619 840 2690 armis
856 2640 935 2691 esse
951 2642 959 2688 :
976 2617 1166 2690 redderent
1173 2619 1249 2713 jam
1262 2620 1368 2694 bodie
1382 2643 1446 2694 sua
1464 2620 1647 2694 catholicis
1666 2645 1673 2692 :
1693 2627 1781 2694 tem·

164 2775 178 2805 κ
196 2747 289 2841 plum
302 2747 341 2818 in
354 2744 477 2841 primis
489 2743 743 2840 archiepiscopi
758 2743 854 2831 olim,
862 2745 938 2840 jam
953 2744 1013 2816 diu
1023 2745 1097 2816 suis
1105 2744 1231 2817 ritibus
1245 2747 1469 2840 profanatum
1485 2748 1783 2844 (1).Tergiversari

164 2899 179 2931 a
198 2873 253 2944 hic
265 2872 445 2968 Rigenses
467 2894 474 2941 :
493 2870 661 2944 damnare
679 2870 857 2942 fortunam
875 2893 975 2944 suam
991 2870 1162 2942 haeretici.
1182 2869 1264 2942 Jam
1287 2871 1348 2943 diu
1365 2872 1514 2958 nullum,
1534 2872 1642 2968 ajunt,
1660 2893 1782 2966 super-

164 3019 275 3070 resse
291 2997 328 3068 in
355 2996 498 3068 civitate
517 3017 581 3067 sua
609 2995 846 3080 catholicum
874 2994 1025 3089 triginta
1054 3016 1163 3088 prope
1190 2995 1295 3068 annis
1322 2996 1411 3068 nihil
1437 3005 1561 3070 eontra
1586 2994 1781 3093 Augustei
1810 3014 1956 3074 obluctan-

163 3141 292 3214 «rege,
313 3109 404 3191 'nihil
430 3118 586 3191 Henrico
612 3117 770 3204 Valesio,
801 3116 890 3188 nihil
919 3124 1043 3190 senatu
1075 3124 1111 3189 et
1136 3119 1322 3212 quiritibus
1341 3119 1480 3216 polonis
1498 3121 1780 3217 deposcentibus.
1808 3091 1955 3227 ffidffle'

163 3271 177 3302 κ
197 3244 267 3317 Sua
276 3245 352 3340 jam
370 3242 475 3315 hodie
489 3264 627 3314 sacrae
646 3242 840 3336 Stephane,
862 3251 967 3336 atque
987 3265 1030 3314 ex
1056 3265 1098 3315 eo
1117 3242 1256 3337 quidem
1274 3243 1357 3315 sano
1375 3245 1468 3339 ejici,
1488 3245 1527 3316 in
1552 3268 1621 3339 quo
1646 3247 1782 3321 tamdiu

163 3366 306 3440 «locum
336 3366 537 3462 cultumque
564 3390 665 3441 suum
699 3368 920 3440 habuissent.
943 3365 992 3438 At
1015 3389 1128 3461 neque
1155 3369 1185 3440 si
1215 3368 1327 3452 aliud,
1357 3393 1428 3442 non
1458 3371 1517 3442 ita·
1533 3379 1781 3466 augustum‚a

163 3517 177 3546 κ
195 3490 267 3563 suis
283 3489 390 3564 hodie
402 3491 642 3564 abalienatum
659 3491 766 3564 suerit
792 3492 995 3565 delubrum:
1017 3515 1128 3564 novos
1146 3517 1370 3590 possessores
1398 3497 1552 3568 retinere
1560 3496 1634 3591 jus,
1651 3495 1783 3571 locum·

163 3642 177 3672 κ
195 3636 259 3709 que
277 3616 336 3688 diu
350 3615 388 3686 in
402 3637 443 3687 eo
460 3637 562 3687 suum
583 3615 708 3700 tutari,
730 3639 833 3710 pesse
852 3641 859 3686 :
881 3638 976 3698 nam,
994 3625 1033 3688 ut
1054 3617 1092 3688 id
1109 3625 1253 3690 senatus
1271 3618 1369 3691 urbis
1396 3619 1499 3704 forat,
1520 3619 1657 3714 plebem
1673 3628 1782 3704 certe,

162 3768 176 3798 κ
196 3749 232 3811 ut
244 3763 322 3833 quae
337 3741 383 3812 sit
396 3739 444 3810 ad
455 3741 579 3812 turbas
597 3735 819 3824 concitatior,
837 3741 980 3812 minime
995 3762 1194 3836 passuram.

205 3892 221 3924 a
246 3865 393 3940 Monere
426 3865 483 3937 hie
503 3865 579 3960 J'am
609 3872 824 3960 postremum
848 3874 1072 3940 contumaces
1095 3868 1259 3962 princeps
1285 3865 1496 3962 (quanquam
1526 3866 1562 3938 id
1587 3866 1715 3960 ipsum,
1745 3873 1785 3939 ut

161 4017 176 4048 a
194 3992 375 4088 principie,
396 3992 623 4089 clementerl:
645 3992 806 4065 viderent
823 3991 1029 4087 diligentius
1044 3991 1236 4084 Rigenses,
1267 4013 1334 4085 que
1363 4012 1401 4062 se
1425 3989 1557 4084 judice,
1580 4011 1784 4090 aequm0an

161 4145 176 4175 c
194 4115 348 4210 iniquum
377 4116 591 4212 postulante,
626 4117 880 4190 contenderent
905 4140 913 4186 :
937 4138 1008 4204 sua
1041 4115 1235 4189 catholicus
1260 4117 1422 4212 princeps
1449 4123 1638 4210 repeteret,
1667 4138 1713 4189 an
1741 4117 1786 4189 ad

162 4267 176 4298 α
194 4239 310 4312 aliena
326 4240 447 4313 oculos
469 4240 640 4336 adjiceret
657 4247 841 4338 tyrannus.
862 4241 955 4316 Nam
974 4242 1078 4337 equid
1105 4242 1171 4336 ipsi
1189 4239 1370 4334 religionis
1387 4238 1528 4311 nomine
1540 4237 1788 4334 postularent?

161 4392 176 4422 s
196 4363 325 4458 templa
340 4364 407 4450 illi,
425 4387 505 4458 quae
519 4365 695 4437 Lutherus
709 4363 843 4438 scilieet
860 4372 921 4438 aut
950 4368 1134 4462 quisquam
1164 4371 1271 4436 sectae
1287 4363 1393 4457 hujus
1410 4361 1650 4434 condidissetl
1676 4362 1786 4457 Atqui

161 4519 176 4552 κ
193 4492 318 4565 aedium
334 4494 489 4588 parietes
506 4494 614 4566 etiam
630 4493 710 4588 ipsi,
728 4499 768 4565 ut
785 4497 982 4576 cernerent,
994 4491 1072 4585 jam
1088 4491 1294 4587 pervetusti,
1315 4491 1346 4564 si
1375 4491 1460 4587 quid
1476 4489 1573 4564 vocis
1591 4491 1778 4576 haberent,

161 4616 453 4692 «conclamarent
480 4619 625 4714 pariter,
659 4641 697 4692 se
726 4615 978 4690 catholicorum
1008 4637 1187 4690 sacrorum
1218 4617 1343 4689 ritibus
1373 4618 1419 4689 ab
1450 4615 1662 4688 antistitibus
1693 4613 1781 4696 suis,

161 4767 175 4798 r
194 4740 345 4815 initiatos
358 4765 450 4828 esse,
473 4744 612 4817 saeculis
629 4751 713 4817 ante
726 4743 835 4815 multo
853 4741 1027 4837 pluribus,
1048 4762 1151 4835 quam
1167 4763 1269 4812 suum
1286 4747 1349 4813 aut
1362 4740 1557 4814 Lutherum
1576 4735 1705 4810 Islebia
1724 4744 1786 4809 aut

161 4864 337 4939 «Genava
354 4867 537 4939 Calvinum
553 4866 591 4938 in
607 4867 721 4940 lucem
748 4866 942 4941 effudisset.
963 4865 1106 4938 Vellent
1128 4865 1247 4959 itaque
1269 4865 1355 4938 boni
1376 4865 1484 4948 cives,
1504 4886 1626 4958 regem
1643 4883 1783 4959 quoque

162 5015 176 5048 ι
194 4989 267 5084 ejus
292 4990 427 5064 fraudis
452 5013 528 5066 suaa
545 5014 623 5066 esse
640 4989 872 5086 participemt
891 4988 1079 5061 Enimvero
1098 5011 1170 5060 non
1187 4988 1265 5082 ejus
1290 4995 1403 5061 tantae
1428 4987 1522 5061 labis
1539 5009 1648 5060 causa
1664 5009 1703 5060 se
1721 4995 1786 5058 aut

196 5143 233 5215 tt)
249 5141 424 5220 Religionem
441 5145 606 5201 catholicam
625 5145 645 5201 it
665 5145 823 5202 restitutum
842 5145 1011 5216 Stephanus.
