4930 6634
673 789 733 857 262
1043 794 1321 866 Ltnutnlctmttt
1343 799 1556 864 sociareris
1576 800 1662 862 insu
1684 800 1937 863 statuminum

675 981 766 1056 fecto
785 985 955 1072 exercitu,
988 989 1244 1082 superveniret,
1265 987 1348 1066 duci
1375 987 1591 1064 exercituum
1622 988 1798 1062 Lituaniae
1826 987 1849 1060 J
1852 987 1959 1061 oanni
1977 986 2103 1062 Oarolo
2123 983 2299 1059 Chodkie·

567 1185 574 1202 ,
675 1107 760 1190 wicz
790 1108 894 1180 datur
928 1110 1120 1205 negotium.
1155 1112 1297 1186 Summa
1323 1111 1462 1212 imperii
1487 1111 1619 1184 tradita
1649 1113 1747 1208 regio
1777 1112 1927 1208 principi
1953 1111 2159 1196 Viadislao;
2182 1109 2301 1182 oblato

507 3021 610 3078 fflmh.

462 3235 611 3290 ‘lfflmm

506 3313 621 3368 decreto·

507 3395 586 3448 rmm

509 3595 634 3650 imma

505 3675 629 3746 hmfflm

679 1233 793 1308 eidem
822 1256 887 1328 per
916 1235 1079 1308 nuntium
1100 1239 1239 1310 romani
1262 1238 1457 1322 Pontificio,
1484 1239 1713 1311 Franciscum
1744 1239 1993 1322 Diotalevium,
2016 1237 2146 1311 vexillo
2181 1259 2298 1322 sacre,

676 1357 714 1430 in
736 1379 804 1452 quo
823 1365 900 1431 erat
913 1360 1052 1454 expieta
1064 1361 1148 1435 belli
1167 1385 1297 1440 causa:
1319 1363 1504 1458 religionis
1518 1363 1722 1436 christianae
1740 1363 1977 1446 simulacrum,
2006 1386 2092 1436 crux
2114 1361 2298 1448 salutaris,

677 1489 856 1576 epectore
885 1483 1014 1577 aquilae
1040 1484 1257 1560 Polonorum
1286 1487 1475 1588 gentilitiae
1505 1487 1673 1572 emicans,
1704 1494 1908 1584 attextaque
1940 1489 2017 1562 haec
2046 1495 2203 1561 tessera:
2231 1509 2300 1576 pro

674 1611 942 1696 occaecatas,
968 1609 1139 1684 adversus
1170 1613 1303 1690 scilicet
1331 1613 1471 1690 hostem
1500 1611 1683 1684 christiani
1718 1611 1869 1684 nominis
1900 1613 2203 1686 immanissimum.
2228 1610 2302 1685 Sed

677 1728 874 1816 Vladislao,
907 1755 1081 1827 generoso
1105 1733 1157 1805 illi
1192 1736 1354 1836 principi,
1382 1736 1509 1808 animis
1531 1737 1583 1808 uti
1617 1735 1690 1809 suis
1718 1736 1876 1808 nonfuit
1906 1737 2097 1830 integrum,
2131 1742 2301 1831 occupato

675 1849 846 1936 febribus,
875 1859 910 1925 et
943 1860 1017 1926 toto
1050 1854 1236 1928 terebelli
1265 1859 1482 1952 tomporein
1518 1860 1644 1930 castris
1676 1859 1830 1932 detento.
1865 1859 2010 1932 Summa
2045 1883 2131 1955 ergo
2164 1859 2302 1955 imperii

675 1974 849 2048 translata
866 1977 911 2048 ad
935 1976 1158 2052 Lituanicum
1188 1980 1313 2062 ducem
1334 1981 1357 2054 J
1360 2005 1511 2056 oannem
1530 1984 1717 2069 Carolum;
1743 1984 1860 2057 omnia
1877 1983 1935 2057 hic
1965 1985 2011 2057 ad
2030 2006 2131 2056 suum
2151 1983 2303 2056 maxime

676 2101 860 2174 arbitrium
872 2102 996 2174 habuit
1008 2101 1093 2175 belli
1112 2102 1273 2185 consilia.
1295 2105 1445 2179 ineunte
1460 2107 1591 2193 sextili,
1604 2093 1726 2181 castra¹
1736 2108 1832 2204 apud
1846 2109 2043 2181 Chotimum
2058 2115 2211 2181 metatus
2225 2115 2301 2180 est:

675 2230 825 2319 quatuor
860 2248 964 2320 supra
986 2225 1135 2321 triginta
1157 2227 1268 2305 millia
1297 2229 1453 2324 peditum
1479 2231 1721 2326 equitumque.
1753 2232 1894 2305 Accidit
1922 2231 2026 2319 forte,
2060 2239 2099 2304 ut
2123 2232 2168 2304 ad
2199 2232 2305 2304 istam

676 2374 831 2437 manum,
853 2351 978 2448 quibus
993 2353 1111 2426 nescio
1125 2351 1266 2447 impulsi
1284 2354 1415 2439 causis,
1434 2355 1594 2429 velitesa
1612 2355 1812 2450 Zaporovia
1830 2355 1954 2427 Cosaci
1972 2360 2097 2450 sponte
2119 2377 2158 2426 se
2175 2375 2305 2448 aggre-

677 2476 809 2572 garint,
833 2476 928 2548 facta
944 2473 1013 2547 sibi
1025 2475 1133 2548 armis
1146 2476 1205 2558 via
1225 2499 1290 2572 per
1307 2478 1441 2552 medios
1464 2481 1662 2554 'Parcarum
1690 2501 1834 2553 cuneos.
1870 2479 2065 2574 Conspectu
2083 2477 2181 2550 ducis
2200 2475 2305 2549 Polo·

679 2597 748 2672 nici
770 2598 941 2684 exercitu,
971 2605 1005 2670 et
1034 2622 1110 2692 prae
1127 2599 1201 2676 suls
1218 2605 1272 2671 tot
1310 2600 1464 2675 millibus
1505 2611 1718 2698 contempto,
1745 2603 1933 2676 victoriam
1960 2604 2159 2675 Osmannus
2177 2624 2240 2698 spe
2270 2608 2308 2675 et

679 2721 845 2818 opinione
863 2721 1058 2794 devoravit.
1085 2723 1196 2798 Primi
1221 2722 1377 2798 Polonos
1406 2726 1539 2821 praebia
1569 2728 1750 2802 lacessunt
1780 2728 1946 2813 barbari;
1979 2734 2016 2800 at
2043 2751 2106 2800 suo
2125 2726 2178 2798 illi
2201 2724 2308 2799 etiam

680 2829 787 2942 atque
815 2846 923 2921 etiam
943 2845 1165 2926 infortunio:
1195 2848 1334 2942 quoties
1360 2850 1538 2945 aggressi,
1568 2850 1674 2925 toties
1704 2873 1768 2946 per
1795 2851 1972 2946 insignem
1990 2855 2146 2942 stragem
2164 2868 2308 2920 suorum

681 2968 809 3043 aversi.
844 2970 1120 3064 Frequentiores
1145 2970 1228 3042 inde
1257 2994 1471 3066 congressus
1501 2995 1543 3045 ac
1561 2997 1691 3070 pugnae
1713 2975 1760 3046 ad
1788 2973 1877 3070 justi
1896 2975 2002 3047 etiam
2033 2972 2119 3046 belli
2137 2972 2304 3068 speciem.

682 3095 809 3170 Decies
826 3095 902 3168 acie
923 3095 1139 3179 dimicatum,
1172 3096 1354 3191 superiore
1379 3118 1518 3192 semper
1547 3098 1677 3200 yirtute
1708 3104 1908 3171 nostrorum
1926 3105 1961 3170 et
1978 3097 2143 3182 fortuna;
2164 3102 2202 3168 ut
2219 3093 2308 3189 ipsis

682 3217 785 3291 etiam
812 3217 973 3290 barbaris
1003 3219 1227 3296 menifestum
1256 3219 1358 3304 foret,
1387 3221 1552 3294 virtutem
1583 3221 1739 3294 divinam
1763 3221 1925 3294 facerea
1958 3220 2116 3293 Polonis.
2151 3220 2306 3299 Quartus

682 3341 855 3416 kalendas
881 3342 1056 3432 octobres,
1077 3343 1157 3416 divo
1173 3344 1382 3429 Venceslao‚
1404 3347 1507 3441 regni
1537 3345 1697 3418 Poloniae
1723 3353 1885 3440 patrono,
1907 3368 2021 3430 sacer,
2052 3345 2128 3416 dies
2145 3343 2212 3414 fuit
2231 3342 2308 3413 uni-

683 3489 795 3540 versae
813 3467 964 3542 fortunae
982 3468 1120 3542 bellicae
1133 3469 1368 3542 decretorius:
1390 3494 1434 3543 ea
1455 3471 1546 3556 lnce,
1567 3472 1612 3543 ab
1632 3471 1710 3564 ipso
1728 3467 1803 3542 fere
1828 3477 1906 3542 ortu
1924 3471 1970 3542 ad
1996 3491 2181 3564 vesperam
2195 3489 2306 3562 usque

682 3590 900 3713 totarnirtute
913 3593 1136 3668 continenter
1147 3601 1356 3688 pugnatum,
1373 3594 1525 3688 denique
1539 3593 1755 3668 debellatum
1773 3598 1837 3664 est.
1861 3593 1883 3664 J
1885 3614 1942 3663 am
1970 3592 2006 3664 in
2024 3591 2100 3664 acie
2118 3590 2309 3685 sexaginta

682 3733 827 3785 suorum
845 3712 955 3788 miliia
972 3737 1060 3808 quos
1092 3739 1185 3787 mars
1215 3715 1435 3810 perculisset,
1456 3717 1560 3812 plura
1585 3718 1695 3790 multo
1714 3741 1802 3813 quos
1832 3718 1912 3790 coeli
1930 3725 2121 3812 tempestas
2151 3714 2307 3810 bellique
2345 3702 2352 3712 ’

678 3836 911 3914 confecissent
938 3839 1172 3924 incommoda,
1205 3840 1365 3913 dolenter
1399 3843 1578 3936 spectabat
1596 3842 1739 3926 circum,
1765 3865 1840 3914 suae
1858 3842 2018 3915 victimas
2049 3841 2239 3936 impietatis
2271 3849 2308 3914 et

678 3962 1098 4058 superbiae,'0smannus.
1124 3964 1261 4036 Accidit
1278 3965 1427 4050 interea,
1449 3965 1601 4060 totisque
1631 3967 1757 4038 castris
1784 3966 1978 4061 dissipatur
1994 3965 2098 4052 fama,
2120 3966 2308 4038 imminere

678 4087 795 4181 ipsum
808 4109 929 4182 regem
947 4087 1223 4182 sigismundum,
1251 4112 1330 4160 cum
1357 4089 1477 4178 multis
1496 4090 1650 4162 millibus
1669 4113 1875 4186 summoque
1892 4089 2020 4162 robore
2039 4081 2307 4163 exercitus'nd

657 4211 755 4288 ,haec
781 4210 961 4305 disputare
991 4213 1028 4282 in
1046 4234 1109 4284 suo
1127 4211 1288 4294 concilio,
1308 4211 1514 4306 futurosque
1531 4219 1680 4286 eventus
1706 4214 1901 4308 praecipere
1932 4236 1976 4285 ex
2002 4212 2191 4308 praesenti:
2216 4211 2312 4284 tanti

621 4363 623 4368 ·
676 4334 773 4407 illam
791 4334 954 4408 videlicet
967 4336 1239 4408 christianorum
1255 4357 1397 4408 manum
1415 4359 1484 4407 non
1503 4337 1573 4408 vim
1587 4337 1690 4410 modo
1708 4337 1798 4410 tanti
1817 4337 1872 4408 sui
1891 4335 2065 4409 exercitus
2079 4334 2306 4421 sustinuisse,

506 5069 589 5126 Pacta

507 5147 655 5206 cambuta.

678 4459 740 4532 sed
762 4459 888 4531 funera
900 4460 1005 4532 etiam
1023 4459 1203 4532 Osmanno
1226 4459 1381 4534 edidisse
1397 4467 1472 4532 tam
1492 4460 1614 4533 multa.
1646 4460 1739 4540 Quid
1757 4483 1862 4556 porro
1881 4459 2037 4532 nonsibi
2067 4465 2267 4532 metuerent
2286 4481 2313 4531 a

678 4583 788 4676 copiis
802 4582 1019 4676 Sigismundi
1038 4584 1260 4657 recentibusl
1283 4584 1418 4656 Cadere
1445 4583 1563 4678 itaque
1585 4584 1712 4656 animis
1727 4585 1883 4669 barbari,
1907 4591 2012 4678 atque
2030 4592 2189 4678 spectare
2208 4581 2309 4668 alia;

679 4715 816 4780 tentare
833 4729 896 4802 per
925 4707 1076 4804 legatos,
1097 4717 1133 4782 et
1163 4709 1351 4782 convenire
1378 4706 1538 4780 Polonici
1569 4709 1818 4803 imperatorem
1835 4709 2036 4793 exercitus;
2065 4709 2123 4802 qui
2151 4707 2310 4803 denique

680 4831 775 4924 pacis
808 4830 1046 4916 conditiones,
1083 4855 1197 4928 nuper
1230 4833 1354 4904 sibia
1394 4831 1540 4904 Polonis
1583 4833 1735 4918 oblatas,
1770 4833 1965 4928 rejecerant
1999 4832 2163 4927 superbe,
2201 4832 2312 4906 modo

682 4933 825 5027 easdem
841 4953 909 5048 ipsi
930 4953 1023 5027 ultro
1041 4977 1200 5050 poscere.
2125 4933 2127 4937 ⁷

730 5076 851 5148 Obniti
876 5075 935 5148 diu
964 5083 1139 5152 nostrates
1170 5080 1429 5174 postulantibus
1460 5081 1651 5175 prudenter
1675 5104 1748 5154 non
1766 5088 1939 5175 poterant,
1968 5080 2132 5154 hostibus
2158 5078 2209 5150 illi
2238 5101 2317 5153 non

682 5200 785 5272 modo
815 5199 998 5273 inferiores
1029 5224 1187 5288 numero,
1221 5204 1283 5276 sed
1314 5203 1447 5276 viribus
1478 5205 1585 5277 etiam
1620 5204 1769 5277 maxime
1803 5227 1866 5299 per
1896 5205 2038 5288 famem,
2071 5211 2270 5276 commeatu
2291 5228 2317 5277 a
