4948 6654
650 837 711 902 242
1039 843 1313 905 LlTUANlCAllUlll
1336 844 1547 906 soclurnrls
1570 847 1656 908 JESU
1679 845 1930 908 HlSTORlARUlll

482 1037 546 1093 1616
636 1048 639 1056 ·
646 1029 721 1122 jam
739 1028 822 1102 inde
840 1035 945 1122 atque
962 1021 1081 1106 alacer
1094 1011 1196 1103 sunm
1216 1029 1300 1103 facit
1314 1031 1480 1104 officium.
1503 1032 1692 1105 Confessus
1715 1032 1781 1106 rite
1800 1031 1930 1105 delicta
1955 1035 2145 1128 poenitens,
2167 1035 2281 1132 ejurat

655 1151 773 1247 palam
792 1153 929 1226 Caluini
944 1154 1118 1238 haeresim,
1138 1155 1387 1228 reconciliatur
1404 1157 1544 1252 publice
1561 1155 1743 1228 Ecclesiae.
1778 1157 1867 1236 Quae
1888 1179 1960 1239 res,
1987 1167 2026 1230 ut
2044 1162 2279 1254 praesentibus

654 1283 728 1348 tum
747 1279 825 1373 regi
844 1286 879 1351 et
908 1278 1112 1373 proceribus
1131 1279 1314 1352 catholicis
1327 1303 1494 1375 magnam
1511 1281 1629 1354 attulit
1646 1280 1808 1352 laetitiam
1826 1281 1897 1366 ,sic
1923 1283 2070 1356 nimium
2094 1293 2275 1378 quantum,

656 1412 876 1500 contemptos
890 1407 940 1477 ita
953 1430 1032 1478 cum
1058 1405 1131 1479 suis
1147 1407 1336 1500 dogmatis,
1358 1405 1580 1479 conturbavit
1608 1405 1811 1478 haereticos.
1829 1405 1965 1480 Horum
1984 1407 2153 1481 Nicolaus
2170 1409 2279 1482 libros

654 1531 774 1615 etiarn,
806 1532 863 1604 vel
892 1532 1106 1626 conquisitos
1123 1533 1180 1604 vel
1212 1538 1402 1626 coemptos,
1431 1529 1467 1600 in
1490 1550 1615 1622 rogum
1640 1519 1817 1623 conjectos
1843 1531 1995 1615 exussit,
2032 1553 2100 1624 quo
2139 1541 2280 1606 caveret

654 1655 946 1750 imprudentibus,
969 1656 1108 1750 quidvis
1134 1656 1254 1750 legere
1285 1661 1320 1726 et
1346 1651 1498 1748 probare
1516 1650 1660 1745 paratis.
1681 1652 1781 1726 Fana
1809 1652 1845 1723 in
1865 1654 1938 1726 suis
1963 1654 2114 1749 oppidis,
2130 1653 2279 1726 coetibus

655 1779 905 1852 haereticorum
923 1782 1123 1875 profanata,
1157 1779 1340 1852 catholicis
1366 1775 1529 1849 restituit.
1565 1775 1771 1871 Complures
1796 1779 1956 1874 exemplo
1991 1803 2068 1865 suo,
2103 1779 2140 1852 in
2156 1780 2279 1875 primis

479 1905 626 2040 lssgpppngss·
655 1926 843 1998 germanos
877 1904 1005 1978 fratres
1027 1929 1123 1989 suos,
1138 1905 1345 2000 Georgium,
1364 1900 1563 1983 Albertum,
1584 1907 1619 1972 et
1650 1901 1878 1984 Slanislaum,
1915 1925 1937 1974 a
1967 1910 2064 1976 secta
2080 1904 2217 1976 Caluini
2234 1905 2279 1977 ad

346 2091 348 2094 .
478 2065 535 2120 g„
551 2065 624 2119 ,gg
653 2029 849 2102 Ecclesiam
876 2029 1060 2113 traduxit;
1092 2029 1175 2100 inde
1206 2035 1241 2100 at
1275 2027 1370 2122 ipsos
1402 2022 1590 2098 Societatis
1617 2033 1750 2096 nostrae
1780 2027 2052 2112 amantissimos,
2082 2029 2281 2122 optimeque

650 2153 792 2226 meritos
810 2152 999 2247 principes.
1034 2153 1117 2224 lam
1149 2159 1184 2226 et
1209 2151 1319 2246 legati
1346 2150 1381 2222 in
1399 2150 1552 2222 Galliam
1587 2149 1633 2220 ad
1666 2149 1858 2223 Henricnm
1875 2150 2072 2238 Valesium,
2089 2152 2281 2225 electuma

648 2277 790 2350 Polonis
817 2300 950 2371 regem,
983 2285 1018 2350 et
1048 2277 1117 2348 alia
1136 2275 1278 2372 publica
1296 2281 1465 2348 executus
1487 2293 1647 2358 munera,
1670 2271 1717 2344 ad
1739 2271 1945 2346 Palaestinae
1971 2273 2061 2360 loca,
2084 2275 2280 2349 Salvatoris

646 2401 760 2475 nostri
789 2402 952 2496 vestigiis
971 2410 1191 2488 consecrata,
1226 2400 1373 2473 visenda
1402 2421 1440 2470 sa
1460 2395 1608 2469 contulit
1629 2421 1635 2466 :
1657 2396 1789 2491 pietate
1813 2418 1878 2467 sna
1896 2406 2110 2490 provocatus
2127 2408 2163 2471 et
2179 2407 2275 2482 voto,

569 2520 571 2524 ⁴
647 2550 714 2620 quo
733 2549 772 2598 se
790 2527 1006 2608 devinxerat,
1027 2528 1150 2599 morbo
1164 2525 1354 2621 implicitus
1372 2524 1455 2596 olim
1481 2523 1627 2608 difficili,
1648 2527 1810 2621 quodque
1828 2527 1919 2599 alias
1943 2529 1979 2600 in
1998 2529 2103 2602 cartis
2116 2530 2200 2602 vitae
2216 2555 2277 2626 pa·

646 2648 779 2733 riculis,
798 2649 880 2722 belli
898 2649 1063 2731 maxima,
1084 2657 1158 2720 turn
1175 2649 1211 2719 in
1232 2648 1394 2730 Livonia‚
1423 2657 1498 2719 tum
1516 2650 1609 2743 apud
1628 2649 1809 2722 Polociam
1826 2651 1862 2721 in
1886 2651 2021 2724 Russia
2038 2679 2046 2738 ;
2066 2653 2126 2726 ibi.
2145 2652 2278 2749 glande

647 2777 737 2850 ictus
751 2785 868 2872 caput,
891 2776 1117 2870 dejectusque
1136 2797 1179 2846 ax
1198 2798 1300 2869 equo,
1318 2773 1437 2844 salvus
1455 2795 1499 2844 ex
1518 2794 1602 2845 casn
1620 2782 1737 2848 tamur
1757 2783 1793 2849 et
1806 2775 2003 2862 incolumis,
2024 2779 2153 2852 iterata
2170 2802 2275 2874 spon·

647 2904 746 2976 sione
764 2901 1000 2976 confirmarat.
1022 2900 1215 2971 Damnatus
1232 2897 1357 2994 itaqua'
1374 2898 1456 2982 voti,
1472 2921 1565 2970 anno
1588 2900 1681 2974 1582
1700 2902 1843 2972 inviam
1860 2925 1899 2974 sa
1917 2902 2024 2974 dedit.

696 3028 819 3102 Soluto
833 3026 997 3122 promissi
1012 3024 1095 3108 fide,
1115 3023 1235 3096 adan.
1258 3023 1351 3098 1584
1366 3023 1511 3097 revertit
1528 3023 1565 3095 in
1582 3022 1747 3118 patriam,
1759 3031 1884 3097 auctus
1898 3025 2026 3119 equitis
2039 3027 2131 3098 sacri
2151 3025 2276 3122 Sepul-

647 3153 723 3226 chri
744 3149 957 3246 insignibus.
979 3151 1018 3220 ln
1039 3157 1248 3220 ornamenta
1275 3148 1367 3220 sacri
1394 3149 1471 3243 ejus
1490 3146 1674 3241 Sepulchri
1697 3169 1824 3219 census
1851 3147 2049 3242 assignavit
2073 3157 2200 3232 certos,
2232 3173 2278 3222 ex

523 3343 556 3394 25
648 3275 796 3370 pecunia
809 3273 967 3347 Venetiis
982 3271 1153 3344 collocata
1171 3270 1420 3366 dependendus
1438 3276 1523 3362 quot
1541 3269 1656 3340 annis.
1679 3269 1943 3344 Nesvisiansam
1963 3294 2063 3346 suam
2082 3273 2273 3356 civitatem,

471 3425 563 3481 Pietas
649 3396 889 3492 suoprincipis
905 3392 1204 3490 gratulabundam
1218 3393 1349 3478 reditu,
1367 3391 1489 3465 revisit
1503 3391 1605 3464 nonis
1623 3391 1839 3485 quintilibus.
1858 3395 2083 3469 Domicilium
2101 3397 2149 3469 ibi
2163 3397 2276 3470 Sociis

471 3501 608 3635 &5⁶⁰⁸
648 3545 742 3595 anno
763 3523 857 3596 1586
870 3521 1038 3594 aedilicari
1056 3527 1221 3614 coeptum,
1241 3541 1300 3591 an.
1322 3518 1415 3592 1588
1427 3518 1653 3613 profligatum
1670 3527 1777 3611 atqua
1795 3519 2005 3594 absolutum.
2017 3523 2161 3596 Praedia
2175 3523 2275 3597 attri-

471 3657 564 3747 siense·
648 3647 734 3718 buta
748 3646 919 3739 Collegio,
942 3654 980 3716 ut
997 3654 1117 3718 essent
1134 3643 1316 3727 immunia,
1333 3644 1370 3715 in
1389 3643 1537 3715 comitiis
1555 3643 1659 3736 regni
1676 3644 1905 3738 generalibus
1922 3668 2016 3718 anno
2035 3647 2128 3721 1589
2142 3647 2270 3720 effecit.

471 3735 616 3884 pppfeegmm'
648 3767 854 3840 Incredibili
883 3766 1055 3838 charitate
1087 3765 1292 3862 complexus
1323 3768 1459 3848 Socios,
1480 3790 1522 3840 oa
1536 3783 1675 3861 quoque
1703 3769 1788 3863 ipsis
1821 3770 2007 3864 ingerebat
2030 3772 2135 3855 ultro,
2156 3795 2235 3867 quae
2252 3797 2276 3846 a

469 3894 536 3946 tum.
649 3897 857 3986 paupertate
891 3890 1141 3986 religiosorum
1160 3889 1391 3985 institutoque
1405 3891 1638 3962 abhorrerent
1655 3915 1663 3960 z
1681 3892 1796 3986 qualis
1822 3901 1899 3966 erat
1924 3895 2055 3967 abacus
2069 3894 2275 3990 illeargan-

545 4037 547 4040 ·
647 4029 737 4104 tens,
760 4017 818 4112 qui
834 4017 1017 4089 Sociorum
1034 4017 1115 4088 usui
1133 4016 1311 4087 confectus
1328 4014 1473 4098 fuisset3
1494 4012 1561 4085 nisi
1580 4012 1616 4084 id
1634 4017 1788 4089 muneris
1802 4018 1870 4110 ipsi
1888 4017 2038 4092 luissent
2062 4042 2137 4092 ase
2148 4021 2273 4114 depre-

644 4142 725 4216 cati.
749 4140 965 4235 Colligendis
984 4141 1020 4210 in
1039 4138 1252 4212 domicilium
1270 4136 1430 4232 pluribus
1443 4137 1584 4209 tertiam
1605 4139 1755 4228 aedificio
1775 4143 2074 4236 contignationem
2092 4144 2274 4238 imponere

644 4278 814 4343 statuerat
831 4298 839 4356 ;
861 4253 896 4341 id
913 4292 998 4342 varo
1013 4267 1187 4352 beneficii,
1203 4289 1306 4362 quam
1321 4264 1365 4336 ob
1379 4286 1465 4346 rem,
1480 4265 1612 4350 nescia
1635 4264 1729 4337 Socii
1745 4287 1814 4336 non
1824 4264 2074 4338 admittendum
2090 4273 2269 4362 putarent.

644 4389 867 4463 Commodius
886 4387 937 4459 illi
957 4387 1074 4472 hodie,
1097 4385 1190 4481 quod
1213 4385 1354 4458 volebat
1371 4386 1544 4469 conditor,
1575 4387 1789 4470 habitarent,
1820 4387 1979 4482 coeloque
1992 4389 2147 4483 puriore,
2169 4412 2272 4483 supe-

643 4496 757 4588 riores*
771 4515 850 4586 loco
868 4511 915 4584 ad
937 4519 1100 4606 stagnum
1115 4509 1275 4593 humido,
1295 4510 1507 4583 fruerentur.
1531 4511 1636 4583 Nunc
1650 4511 1686 4581 in
1705 4511 1853 4604 regione
1871 4512 1994 4584 domus
2012 4510 2144 4596 infima,
2160 4511 2271 4584 fundo

640 4638 824 4721 insalubri,
845 4636 950 4708 uvido
980 4635 1070 4706 coelo
1099 4635 1302 4727 nitrosoque
1330 4634 1559 4705 habitandum
1577 4641 1643 4706 ast.
1660 4634 1839 4706 AEdiliciis
1852 4634 1972 4728 templi
1992 4643 2026 4706 at
2046 4635 2170 4707 domus
2188 4657 2269 4730 per-

641 4762 755 4845 fectis,
790 4762 826 4832 in
852 4761 1011 4856 proximo
1042 4759 1087 4829 ab
1119 4758 1205 4830 urbe
1229 4758 1320 4852 jugo
1350 4755 1517 4829 sacellum
1543 4757 1655 4830 Beato
1684 4758 1911 4852 Archangelo
1945 4757 2121 4853 Raphaeli
2156 4757 2269 4853 (cujus

640 4885 807 4983 praesidio
828 4891 939 4956 tectus
953 4882 1186 4954 Palaestinum
1205 4881 1272 4954 iter
1297 4881 1505 4972 confecerat)
1532 4881 1730 4965 collocavit,
1764 4881 1991 4976 Gollegioque
2023 4879 2185 4952 attribuit
2217 4881 2265 4975 (1).

639 5009 708 5080 Hic
733 5029 869 5103 quoqne
888 5005 1093 5100 principem,
1125 5010 1164 5075 ut
1179 5004 1312 5077 lacerat
1328 5002 1364 5074 in
1400 5003 1520 5075 urbico
1552 5025 1615 5074 suo
1643 5004 1822 5076 fundando
1857 5003 2002 5099 templo,
2023 5003 2138 5098 ipsum
2170 5004 2266 5076 inter

637 5133 819 5230 operarios
837 5129 1025 5203 exhaurire
1038 5130 1182 5201 humum
1199 5154 1207 5212 ;
1228 5129 1355 5225 ipsum,
1384 5125 1600 5198 honorandis
1621 5149 1662 5198 eo
1680 5128 1804 5199 humili
1830 5149 1895 5200 sno
1913 5127 2108 5201 ministerio
2133 5147 2263 5200 novem

677 5271 719 5352 (1)
736 5273 765 5329 S.
783 5271 935 5346 Raphaelis
945 5270 1101 5337 sacellum,
1119 5269 1224 5326 ibidem
1239 5265 1305 5326 Divo
1323 5266 1449 5324 Michaati
1462 5274 1490 5324 el
1504 5264 1559 5335 RB.
1574 5265 1691 5344 Angelis
1706 5268 1866 5325 dedicatum
1883 5270 2028 5340 templum.
