4906 6642
746 807 853 867 LIBER
879 807 1014 868 PRIMUS
1038 807 1250 884 (titt-15⁷0).
1778 791 1817 856 27

192 997 356 1070 columen
371 991 550 1066 nascentis
567 992 671 1063 modo
688 990 725 1062 in
744 990 858 1085 patria
871 989 1063 1087 provinciae
1077 989 1244 1064 cecidisse
1258 988 1326 1062 sibi
1337 989 1450 1061 visum
1467 1011 1475 1059 ι
1494 1007 1574 1080 spes
1587 983 1667 1056 illas
1682 1002 1816 1062 omnes,
1850 984 1914 1040 uos

196 1142 286 1216 quas
303 1121 392 1192 adeo
409 1117 494 1191 felix
515 1116 653 1189 indoles
671 1138 737 1188 sua
750 1117 882 1189 fecerat
897 1117 1035 1212 patriae,
1053 1116 1191 1216 ablatas
1210 1137 1328 1188 secum
1346 1113 1500 1186 dolebat.

244 1243 501 1318 Desiderabant
519 1241 666 1335 collegae
681 1241 800 1312 vivum
821 1240 908 1311 illud
920 1241 1060 1334 pietatis
1079 1238 1294 1334 exemplum,
1321 1261 1388 1332 quo
1415 1234 1592 1332 praecipue
1618 1231 1663 1304 ad
1681 1229 1820 1302 virtutis
1851 1250 1981 1345 sactorum

193 1367 350 1440 studium
386 1366 638 1450 movebantur;
655 1387 765 1459 quare
801 1364 953 1458 aliquam
967 1365 1087 1458 utique
1103 1362 1279 1457 insignem
1296 1361 1460 1434 Stanislai
1472 1357 1696 1454 particulam,
1717 1360 1821 1449 caput
1850 1337 1999 1481 {edilred

193 1491 358 1577 maxime,
375 1492 411 1562 in
424 1491 515 1576 loco,
535 1489 664 1584 quoad
682 1488 923 1561 meditandum
937 1489 1187 1572 convenirent,
1204 1485 1469 1583 proponendum
1487 1483 1575 1565 sibi,
1597 1479 1818 1576 rogitabant;
1850 1491 1930 1544 laum.

189 1615 300 1710 idque
319 1616 459 1687 demum
477 1636 570 1686 anno
593 1605 1014 1709 1570peritud01phum
1037 1612 1240 1708 Aquaviva,
1261 1607 1446 1682 Nicolaum
1472 1604 1684 1678 Oborslrium
1711 1609 1746 1674 et
1771 1601 1824 1672 Si·

193 1761 335 1812 monem
355 1737 596 1834 Vysockium,
623 1737 728 1832 hujus
755 1736 889 1831 negotii
906 1745 1170 1830 procuratores,
1199 1737 1431 1830 impetrarunt
1455 1730 1616 1826 quidem,
1637 1727 1721 1808 sed,
1741 1727 1824 1820 quia

192 1865 374 1958 integrum
393 1864 509 1935 adhuc
537 1861 678 1934 omnino
702 1868 797 1934 esset
822 1884 969 1957 corpus,
1000 1869 1187 1956 partesque
1204 1860 1294 1932 bene
1310 1880 1427 1930 secum
1445 1855 1664 1928 cohaererent
1682 1874 1822 1932 omnes,

192 2009 252 2060 res
269 1989 348 2080 ipsa
360 1986 564 2060 facultatem
584 2008 654 2058 non
672 1985 808 2058 habuit.
825 1984 970 2080 Aliquot
988 1984 1114 2057 deinde
1128 1983 1242 2068 annis,
1263 1982 1379 2054 soluta
1393 1988 1532 2053 artuum
1545 1999 1726 2072 compage,
1745 1996 1826 2046 ossa

192 2109 396 2205 plumbeam
422 2111 459 2180 in
485 2132 608 2181 urnam
635 2109 801 2192 collecta,
832 2109 1064 2204 decenterque
1093 2108 1227 2212 locata;
1248 2112 1353 2200 caput
1371 2127 1455 2178 vero
1473 2103 1510 2174 in
1527 2102 1678 2174 oratorio
1704 2098 1825 2194 pietati

190 2233 378 2306 Sociorum
395 2233 605 2328 expositum.
623 2231 727 2305 Miris
752 2234 880 2306 exinde
895 2233 1006 2327 signis
1026 2231 1192 2306 Stanislai
1211 2231 1365 2324 dignitas
1381 2226 1548 2300 inclaruit
1566 2225 1613 2322 (1).

243 2357 326 2428 Jam
340 2356 539 2430 Stanislaus
552 2377 707 2428 mensem
722 2358 813 2429 inter
826 2357 976 2430 novitios
1004 2365 1183 2451 exegerat,
1201 2377 1327 2427 cumse
1349 2353 1494 2425 inferret
1516 2351 1639 2424 eodem
1661 2345 1840 2450 Varsevif

188 2479 356 2553 cius.Hic
374 2488 561 2574 antequam
569 2481 799 2576 acciperetur,
809 2482 890 2576 quia
907 2504 977 2554 non
991 2481 1151 2554 civilibus
1169 2487 1306 2552 tantum
1324 2481 1385 2554 sed
1404 2480 1510 2552 sacris
1532 2478 1638 2550 etiam
1654 2470 1822 2566 magiste-

188 2604 254 2676 riis
263 2601 454 2698 impeditus
468 2609 574 2688 esset,
597 2604 763 2699 expedire
777 2613 882 2700 atque
901 2606 990 2679 adeo
1002 2628 1090 2701 opus
1108 2627 1184 2678 esse
1198 2604 1409 2676 existimavit
1423 2601 1634 2698 praepositus
1666 2597 1822 2670 Societe-
1912 2592 1936 2644 ⁸·

189 2729 253 2813 tis,
287 2729 507 2801 vacationem
542 2727 770 2802 ecclesiastici
806 2731 963 2810 muneris
998 2731 1205 2825 veniamque
1230 2731 1305 2825 ipse
1341 2753 1363 2802 a
1406 2729 1550 2802 Summo
1580 2724 1753 2799 Pontifice
1783 2729 1823 2795 ut
1850 2675 1998 2813 gfflffi

189 2859 347 2949 peteret.
383 2852 530 2947 Accepit
552 2853 705 2948 benigne
740 2855 904 2927 Pontifex
931 2854 1134 2950 supplicam,
1171 2862 1320 2928 testatus
1356 2853 1516 2926 diserte:
1550 2849 1655 2923 “etsi
1681 2847 1820 2943 quidem
1850 2835 1980 2932 SPQ

188 3005 208 3038 κ
231 2976 380 3049 idoneos
408 2975 458 3047 ita
491 2976 607 3063 viros,
625 2979 734 3049 sacris
752 2979 788 3049 in
811 2979 971 3052 Ecclesia
993 2979 1152 3052 addictos
1171 2978 1311 3065 officiis,
1333 2983 1477 3074 cuperet
1502 2997 1580 3048 esse
1604 2995 1708 3068 quam
1742 2971 1819 3067 plu·
1849 2923 1966 3048 qqqcmr-

188 3129 206 3162 a
233 3100 363 3184 rimos;
384 3099 527 3194 probari
543 3107 663 3173 tamen
681 3102 903 3196 deprecantis
921 3127 964 3177 ea
994 3127 1140 3178 munera
1167 3103 1349 3177 consilium
1371 3129 1378 3176 :
1417 3100 1558 3198 quando
1576 3097 1727 3171 maxime
1748 3094 1823 3167 ani-

189 3254 207 3286 κ
232 3247 331 3296 mum
348 3223 394 3295 ad
411 3221 499 3294 illud
517 3223 598 3296 vitae
624 3224 824 3298 institutum
837 3227 985 3321 appulit,
1009 3252 1077 3322 quo
1096 3229 1126 3301 si
1147 3229 1272 3302 deinde
1288 3229 1339 3302 uti
1359 3227 1524 3309 voluerit,
1552 3222 1722 3318 praeclare
1746 3242 1825 3291 cum

190 3378 209 3409 κ
235 3349 306 3420 sibi
334 3356 408 3420 turn
434 3349 598 3420 adamato
630 3350 755 3421 Ordini
785 3359 859 3423 tum
895 3352 1065 3425 Ecclesiae
1096 3352 1321 3448 profuerit.»
1352 3354 1474 3447 ltaque
1493 3351 1610 3422 fausta
1627 3369 1706 3420 cum
1722 3366 1826 3440 prece

185 3473 373 3557 dimissus,
407 3496 486 3545 cum
516 3473 661 3578 aliquot
683 3475 756 3547 suis
788 3477 988 3560 comitibus,
1022 3501 1109 3571 quos
1136 3500 1279 3550 suorum
1301 3477 1377 3573 ipse
1396 3475 1604 3547 'imitatores
1629 3470 1825 3544 studiorum

184 3597 401 3681 adduxerat,
424 3596 461 3668 in
492 3605 622 3669 coetum
643 3597 855 3688 novitiorum
888 3599 1080 3695 colligitur.
1117 3600 1308 3674 Pulchrum
1328 3600 1365 3672 in
1398 3599 1465 3672 hoc
1487 3597 1594 3680 etiam
1615 3595 1692 3668 viro
1709 3593 1824 3668 Socie-

184 3723 276 3794 tatis
302 3720 434 3794 scholae
463 3721 558 3794 Deus
580 3723 778 3818 exemplum
796 3724 1033 3820 despicientiae
1052 3748 1169 3799 rerum
1197 3727 1423 3809 caducarum,
1443 3721 1639 3805 modestiae,
1658 3719 1823 3794 aliarum·

183 3867 259 3940 quc
276 3843 446 3917 virtutum
459 3844 655 3940 proposuit.
929 3932 935 3942 ¹
1435 3927 1439 3934 ,

239 3968 329 4040 Tam
346 3967 535 4040 illustrium
547 3991 678 4065 parens
693 3970 862 4058 virorum,
882 3972 1047 4057 Polonia,
1066 3974 1176 4069 digna
1189 3974 1265 4047 visa
1279 3983 1334 4047 est
1345 3970 1511 4046 Generali
1527 3970 1717 4043 Francisco
1731 3971 1818 4042 Bor·
1844 4025 1866 4079 t
1890 3959 1996 4092 Mffigius

186 4092 278 4188 giae,
299 4093 398 4187 cujus
414 4091 558 4165 utilitati
575 4094 643 4167 iret
661 4095 862 4180 consultum
886 4097 1099 4191 impensius;
1129 4120 1238 4192 quare
1255 4098 1317 4169 dat
1346 4095 1539 4192 negotium,
1559 4093 1817 4187 diligenterque
1844 4066 1997 4198 piovinciti.

184 4217 415 4290 commendat
442 4218 634 4291 Laurentio
661 4220 797 4313 Magio,
825 4220 1014 4315 praeposito
1040 4221 1248 4316 provinciali
1266 4245 1329 4316 per
1355 4217 1547 4303 Austrum,
1568 4219 1635 4290 iret
1651 4217 1689 4290 in
1706 4216 1815 4288 Polo·
1845 4185 1998 4331 alfegi&

185 4341 303 4427 nient
324 4341 457 4414 tradita
473 4365 539 4415 sua
559 4343 687 4418 rectori
705 4343 853 4438 Collegii
867 4345 1059 4440 Pragensis
1078 4345 1232 4419 Henrico
1246 4345 1435 4418 Blissemio
1452 4342 1499 4414 ad
1512 4350 1649 4437 tempus
1666 4341 1811 4438 provin-
1844 4343 1989 4400 ermber-

184 4467 260 4551 cia,
278 4475 326 4551 et,
345 4465 473 4561 siquid
490 4466 527 4538 in
545 4467 657 4542 Sociis
674 4467 731 4539 vel
747 4467 988 4563 Brunsbergae
1005 4470 1266 4544 desideraretur
1283 4470 1341 4544 vel
1359 4468 1547 4553 Pultoviae,
1563 4467 1725 4562 cognitor
1746 4465 1816 4538 dis-
1844 4421 1993 4556 mm,

233 4689 279 4774 (l)
300 4691 362 4752 Vid.
388 4697 414 4754 in
429 4692 490 4754 Vita
509 4697 592 4768 hujus
606 4695 766 4768 conscripta
789 4709 804 4752 a
823 4695 854 4753 P.
872 4690 972 4753 Adalb.
1000 4695 1160 4769 Tylkowsli
1180 4695 1229 4753 lib.
1249 4695 1277 4754 1.
1291 4692 1461 4753 stanislaum
1475 4691 1607 4754 Clemens
1626 4691 1689 4751 Vlll
1713 4693 1739 4750 in
1758 4693 1818 4751 suis

182 4802 298 4861 litteris
313 4801 606 4878 Beatumappcllarit.
636 4801 783 4862 Concessu
808 4803 885 4862 Pauli
908 4801 931 4858 V
952 4804 1043 4876 imago
1068 4802 1198 4860 stanislai
1219 4803 1253 4860 ad
1276 4803 1381 4862 cultum
1397 4803 1542 4876 proposita
1569 4816 1613 4860 an.
1640 4801 1730 4859 1605.
1755 4797 1822 4858 Cle·

184 4925 276 4968 mens
291 4907 328 4967 lll
348 4910 421 4968 diem
439 4911 476 4970 13
489 4914 618 4971 novemb.
635 4927 747 4970 sacrum
763 4910 850 4969 Beato
866 4912 1021 4990 assignavit
1042 4911 1140 4984 1670;
1158 4912 1184 4966 in
1200 4915 1336 4984 patronos
1360 4910 1489 4969 Poloniat
1509 4908 1613 4966 Beatos
1636 4909 1708 4966 idern
1725 4908 1820 4966 retulit

181 5033 237 5076 an.
257 5017 350 5076 1673.
363 5017 549 5079 Innocentius
562 5018 639 5092 lllll,
656 5024 759 5098 rogatu
771 5020 848 5096 regis
864 5020 961 5092 poloni
977 5019 1094 5076 loanttis
1120 5017 1171 5088 lll,
1193 5019 1294 5077 festum
1319 5017 1397 5078 Beati
1419 5033 1481 5076 eunt
1505 5021 1602 5075 octava
1617 5015 1818 5074 celebrandum

179 5127 359 5185 concessit:
377 5126 547 5186 Benedictus
562 5126 627 5185 lllll
642 5128 669 5184 iu
683 5126 802 5184 Sauetos
817 5126 912 5183 retulit
929 5141 975 5185 aa.
992 5125 1081 5193 1716,
1094 5127 1123 5182 d.
1141 5126 1157 5183 3
1178 5127 1347 5185 decembris.
1365 5124 1533 5184 Benedictus
1557 5121 1620 5181 XIV
1645 5123 1819 5180 decendium

180 5235 406 5295 absolventibus
418 5236 447 5293 in
462 5237 599 5295 bonorem
611 5235 699 5293 sancti
716 5235 798 5305 hujus
811 5234 964 5306 plenariam
975 5234 1117 5294 concessit
1134 5240 1314 5308 peecatorum
1325 5235 1526 5306 indulgentiam
1542 5245 1615 5291 anno
1635 5233 1723 5290 1756.
