4896 6650
484 1529 596 1586 Duabus

481 1608 509 1662 iu
519 1607 627 1664 Polouiu

482 1685 595 1754 synodis

482 1767 610 1824 interfuit.

661 872 720 940 132
845 931 848 936 .
1045 877 1320 940 urrunurcluun
1342 855 1554 938 sociemus
1574 875 1661 938 lusu
1682 875 1935 938 ursroamauu

659 1084 737 1134 rum
770 1068 806 1134 et
830 1068 966 1150 rector;
997 1062 1242 1136 haereticorum
1272 1062 1422 1156 insignis
1458 1061 1630 1146 domit0r;
1661 1059 1789 1133 litteris
1813 1060 1894 1133 Divi
1925 1060 2043 1134 Caroli
2072 1062 2273 1138 Borromaei

660 1185 860 1270 cardinalis,
903 1187 949 1258 ad
984 1186 1177 1260 Concilium
1205 1185 1451 1259 Tridentinum
1482 1185 1586 1270 datis,
1621 1185 1896 1260 commendatus.
1933 1185 2036 1260 Anno
2077 1189 2182 1272 1556,
2211 1212 2284 1284 quo

660 1304 763 1382 dirus
780 1311 963 1386 societatis
987 1333 1117 1405 parens
1135 1311 1297 1405 Ignatius
1314 1309 1510 1382 translatus
1527 1317 1592 1396 est,
1614 1309 1727 1406 pridie
1756 1311 1929 1385 kalendas
1949 1313 2112 1397 sextiles;
2144 1314 2283 1386 Lovicii

658 1433 695 1504 in
710 1434 860 1508 Polonia
879 1437 1038 1509 habitum
1052 1443 1107 1508 est
1124 1434 1318 1507 Concilium
1337 1433 1567 1530 provinciale,
1588 1432 1773 1506 aNicolao
1792 1435 2063 1531 Dzierzgovskio
2082 1437 2284 1511 Gnesuensi

659 1560 923 1657 archiepiscopo
957 1569 1127 1644 coactum,
1148 1559 1300 1655 praeside
1330 1555 1475 1654 Aloysio
1494 1559 1712 1652 Lipomanno
1735 1559 1898 1654 episcopo
1932 1562 2144 1648 Veronensi,
2177 1563 2283 1636 Sedis

658 1683 874 1779 Apostolicae
890 1685 1008 1780 legato
1040 1709 1062 1756 a
1095 1685 1222 1767 latere,
1244 1683 1517 1756 coercendorum
1531 1705 1639 1754 causa
1656 1683 1859 1768 haeresium,
1879 1691 1915 1756 et
1940 1684 2026 1758 cleri
2052 1685 2091 1757 in
2108 1685 2229 1759 officiis
2248 1695 2290 1759 et

658 1808 844 1904 disciplina
862 1808 1077 1882 continendi.
1097 1806 1200 1880 Anno
1227 1809 1432 1901 insequente
1454 1807 1546 1879 1557
1575 1806 1754 1878 celebrata
1780 1808 1862 1880 item
1888 1809 2148 1903 provinciarum
2177 1833 2288 1907 syno-

658 1929 724 2004 dus
755 1932 986 2018 Petricoviae;
1023 1937 1087 2027 per
1117 1953 1195 2004 eam
1227 1930 1407 2003 constituti
1438 1937 1589 2024 quatuor
1614 1930 1838 2025 inquisitores
1871 1933 2051 2006 haereticae
2082 1932 2285 2028 pravitatis.

615 2082 617 2086 ⁴
658 2055 821 2127 Interfuit
858 2056 998 2150 utrique
1027 2054 1243 2150 Alphonsus,
1287 2054 1504 2148 multumque
1531 2052 1679 2124 contulit
1708 2055 1754 2125 ad
1789 2054 2043 2129 restituendam
2074 2057 2289 2152 religionem

509 2228 515 2241 ·
606 2261 616 2272 ⁸
658 2178 866 2252 catholicam
883 2187 919 2252 et
930 2179 1184 2281 correctionem
1203 2175 1339 2250 morum
1352 2178 1389 2248 in
1407 2175 1569 2248 Polonia.
1594 2177 1673 2257 Vir,
1696 2183 1735 2248 ut
1756 2177 1924 2250 describit
1945 2180 2151 2264 Saochinus,
2169 2182 2290 2275 justae

482 2757 512 2811 P.
530 2677 615 2826 lirici

484 2833 571 2890 Socios
581 2832 626 2889 ad·

481 2911 556 2967 ducit
572 2927 603 2968 ax

481 2989 572 3046 Italia.
652 3023 657 3034 ·

657 2302 723 2374 suit
740 2303 900 2388 statura,
916 2304 1094 2392 firmarum
1105 2303 1251 2388 sirium,
1268 2302 1403 2374 laboris
1421 2301 1533 2372 omnis
1550 2300 1850 2394 patientissimus:
1873 2304 2056 2398 operarius
2074 2305 2188 2377 vineae
2211 2301 2288 2376 Do-

658 2427 743 2499 mini
761 2427 904 2500 sedulus
922 2434 958 2500 et
983 2427 1144 2522 frugifer,
1165 2427 1264 2524 cujus
1284 2426 1416 2498 similes
1434 2426 1565 2497 utinum
1580 2423 1742 2496 Ecclesia
1755 2433 1915 2498 numeret
1933 2427 2117 2520 plurimos

706 2551 739 2624 A
779 2553 942 2625 Romana
983 2560 1249 2647 procuratorum
1290 2550 1573 2644 congregatione
1609 2548 1877 2644 provincialium
1912 2551 2023 2623 redux
2056 2575 2148 2625 anno
2190 2555 2291 2630 1585

657 2677 812 2762 ineunte,
833 2699 943 2749 novas
969 2701 1043 2749 suae
1061 2675 1250 2772 provinciae
1280 2674 1399 2747 attulit
1420 2673 1599 2770 suppetias
1624 2674 1778 2747 lacobus
1804 2675 1964 2770 Vujekus
1983 2677 2285 2772 Vangrovickius,

657 2801 818 2874 adductis
835 2801 858 2873 J
861 2801 967 2873 oanni
988 2801 1163 2895 Campano
1182 2796 1390 2892 provinciali
1415 2806 1548 2892 septem
1569 2821 1612 2872 ex
1632 2797 1735 2871 ltalia
1752 2798 1889 2870 Sociis:
1911 2800 2082 2872 intereos
2105 2801 2141 2896 (1)
2160 2802 2292 2875 Fabri-

658 2927 713 3006 cio
732 2925 964 3007 Pallaricino‚
985 2905 1062 2994 viro
1083 2946 1102 2994 e
1127 2921 1319 3018 perillustri
1338 2921 1575 2995 Genuensium
1597 2926 1825 3016 patriciorum
1849 2926 1986 2999 familia
2016 2935 2105 3002 orto.
2123 2931 2295 3006 Philoso-

658 3051 777 3147 phiam
795 3052 853 3124 hio
874 3074 1101 3146 magnacum
1121 3049 1227 3121 laude
1252 3048 1422 3142 magister
1443 3047 1630 3143 explicavit
1650 3048 1848 3121 Posuaniae.
1870 3033 2057 3123 Varsaviae
2075 3051 2111 3123 in
2137 3054 2297 3128 comitirs

660 3176 860 3270 Stephanus
885 3199 961 3258 rex,
982 3175 1025 3246 de
1047 3172 1286 3247 confirmando
1313 3171 1517 3245 Poloccnsis
1545 3171 1694 3267 Collegii
1718 3197 1796 3246 ase
1812 3175 1958 3258 conditi,
1985 3183 2079 3248 statu
2101 3177 2227 3250 retulit·
2240 3179 2296 3250 ad

658 3301 854 3386 consilium,
877 3324 919 3374 ac
938 3301 1148 3373 Societatem
1166 3297 1203 3394 (a)
1219 3297 1273 3370 sic
1287 3297 1545 3369 commendavit
1564 3298 1712 3383 civibus,
1738 3305 1777 3370 ut
1788 3306 2008 3395 quantopere
2032 3325 2110 3375 eam
2135 3312 2291 3388 amaret,

659 3425 738 3521 ipsa
758 3427 866 3499 etiam
887 3426 1000 3498 oratio
1023 3447 1089 3498 sua
1116 3423 1222 3495 index
1248 3431 1351 3496 esset.
1383 3422 1436 3492 De
1465 3420 1608 3514 negotio
1636 3421 1821 3494 Polocensi
1849 3445 1973 3517 agens,
2004 3425 2181 3521 professus
2208 3435 2292 3515 est,

659 3561 816 3649 ereptam
833 3553 900 3626 sihi
917 3555 1027 3625 vitam
1042 3531 1160 3634 malle,
1181 3573 1286 3646 quam
1303 3569 1376 3618 non
1393 3546 1469 3640 ejus
1486 3545 1558 3615 voti
1571 3545 1625 3617 sui
1643 3545 1719 3616 fieri
1730 3554 1946 3640 compotem.
1968 3548 2052 3620 Non
2069 3552 2297 3625 concessisse

658 3679 770 3774 regiae
787 3677 959 3750 voluntati
978 3658 1048 3750 nou
1066 3676 1180 3772 potuit
1200 3673 1382 3746 hominum
1399 3668 1545 3742 invidia.
1565 3669 1690 3762 Neque
1714 3669 1968 3743 Polocensibus
1985 3679 2123 3746 tantum
2140 3673 2295 3750 donatio

658 3801 757 3896 regia
790 3801 907 3894 gentis
931 3821 1102 3872 consensu
1123 3797 1342 3878 confirmata,
1359 3795 1420 3867 sed
1439 3793 1475 3886 (3)
1493 3790 1722 3864 Vilnensibus
1738 3794 1842 3864 etiam
1859 3793 2062 3868 Academiae
2080 3798 2293 3894 privilegia;

659 3951 723 4024 per
745 3951 824 4022 quae
848 3933 988 3998 cautum
1017 3932 1072 3998 est
1099 3951 1106 3996 :
1135 3947 1178 3996 ne
1209 3919 1402 3996 Academia
1431 3918 1642 3991 cancellario
1675 3923 1835 3996 subesset
1857 3932 2003 3998 externo
2030 3952 2038 3998 :
2068 3952 2112 4002 ne
2138 3931 2296 4026 Collegii

660 4052 795 4148 praedia
816 4050 1000 4144 stipendiis
1025 4056 1143 4124 essent
1165 4044 1375 4118 militaribus
1406 4043 1612 4137 stativisque
1634 4044 1799 4118 obnoxia.
1823 4048 1931 4143 quue
1956 4051 2066 4144 ipsius
2087 4077 2173 4125 cura
2191 4057 2297 4149 prin-

660 4177 748 4272 cipis
777 4174 958 4257 effectum,
991 4173 1104 4246 Sociis
1124 4173 1161 4244 in
1182 4194 1245 4244 suo
1274 4167 1417 4261 negotio
1438 4168 1677 4254 cessantibus;
1710 4191 1823 4267 neque
1853 4171 1973 4246 dehis
2001 4174 2196 4262 laborabat,
2225 4182 2297 4274 qui

661 4309 830 4378 intererat
846 4300 1034 4374 conventui
1048 4297 1097 4392 ll),
1114 4297 1258 4370 nuntius
1277 4291 1475 4389 apontifice
1494 4293 1731 4378 Possevinus;
1748 4293 1829 4366 aliis
1847 4297 1989 4369 omnino
2004 4297 2063 4372 ille
2081 4300 2293 4391 distractuS,

662 4451 741 4523 quae
759 4426 895 4499 scilicet
922 4422 1116 4518 Gregorius
1139 4420 1183 4492 de
1206 4418 1379 4512 religione
1411 4413 1586 4488 catholica
1615 4414 1682 4485 sibi
1704 4416 1995 4490 commendasset.
2021 4420 2068 4492 Et
2093 4422 2296 4498 Possevino

663 4553 699 4623 in
717 4552 792 4646 ejus
814 4551 920 4624 etiam
938 4547 1185 4644 procuratione
1206 4543 1341 4638 negotii
1360 4540 1507 4613 multum
1523 4539 1588 4610 luit
1605 4538 1760 4625 invidiae,
1780 4541 1872 4635 quod
1893 4542 2115 4638 imperiosius
2131 4547 2296 4622 Romani

593 4715 595 4720 Α
663 4675 845 4750 Pontificis
867 4673 1010 4746 nomine
1026 4694 1145 4766 agere,
1167 4666 1376 4765 quibusdam
1397 4664 1596 4747 ridebatur,
1626 4665 1725 4758 isque
1752 4665 1868 4748 homo,
1895 4667 1932 4739 in
1958 4668 2091 4742 Ordine
2117 4695 2181 4742 suo
2207 4695 2297 4745 cum

663 4806 870 4896 paupertate
886 4797 1120 4868 humilitatem
1136 4792 1330 4888 protessus,
1350 4811 1393 4861 ea
1410 4789 1524 4860 obiret
1546 4809 1699 4870 munera,
1718 4812 1797 4883 quae
1814 4787 1901 4862 viris
1918 4793 2110 4887 superioris
2124 4796 2231 4867 etiam
2248 4797 2294 4869 in

664 4922 822 4997 Ecclesia
846 4919 1002 4994 subsellii
1019 4919 1135 4991 sorent
1154 4915 1369 4998 honorifica;
1395 4913 1557 5009 quodque
1577 4913 1714 4988 felicius
1746 4939 1896 5011 operosa
1917 4929 1953 4993 et
1976 4922 2087 4995 multa
2108 4947 2199 4996 unus
2225 4949 2299 5000 ne-

663 5049 762 5143 gotia
787 5045 1014 5140 transigeret,
1037 5064 1142 5138 quam
1163 5041 1219 5114 vel
1240 5040 1459 5134 susciperent
1475 5035 1607 5134 plures.
1633 5041 1739 5125 Hinc,
1767 5043 1857 5136 quod
1886 5047 2054 5139 consequi
2078 5047 2168 5120 solet
2196 5049 2296 5122 invi·

703 5197 746 5278 (l)
770 5199 800 5254 Ρ.
819 5196 1006 5255 pallavicinus
1020 5194 1104 5252 docel
1119 5192 1325 5266 philosophiam
1340 5160 1497 5247 hosnolre
1523 5219 1558 5231 -
1576 5189 1614 5264 (i)
1639 5189 1804 5250 loloccnsis
1821 5193 1939 5266 Collegit
1953 5183 2084 5254 'fundatio
2107 5200 2292 5261 confirmata.

664 5341 699 5350 -
711 5307 753 5382 (3)
775 5304 917 5363 Vilnensls
936 5303 1096 5362 Academia
1111 5297 1269 5376 privilegia.
1282 5329 1323 5342 -
1336 5291 1381 5376 (t)
1405 5297 1550 5356 Possevini
1573 5297 1669 5376 Legati
1685 5314 1759 5356 curre
1773 5302 1898 5358 subeunt
1913 5303 2057 5362 iuvidiam.
