4896 6650
605 768 664 834 102
984 775 1259 837 hl'l'UthtlAllUltl
1281 777 1495 839 SOClll'l'thS
1512 779 1598 842 issu
1624 778 1877 839 lllS'lOlllAllUltl

606 981 624 1016 κ
644 954 802 1028 oblatum
827 957 893 1030 sibi
923 980 944 1030 a
966 958 1112 1034 Polonis
1132 960 1235 1056 regni
1249 961 1360 1036 decus
1385 967 1447 1035 aut
1468 968 1605 1034 tantum
1634 983 1713 1034 cum
1742 960 1927 1034 Moscovia
1943 959 2028 1034 belli
2045 963 2231 1057 negotium

607 1081 855 1188 «suscepisse.
885 1081 923 1154 si
950 1083 1136 1158 macellum
1166 1084 1339 1160 Laterani
1364 1084 1400 1156 in
1425 1084 1513 1158 urbe
1547 1084 1801 1158 catholicorum
1819 1082 1975 1181 aliquod,
1995 1083 2028 1156 si
2046 1085 2235 1159 tabernam

610 1229 627 1262 κ
648 1202 769 1298 utique
786 1204 893 1278 lautis
920 1207 1010 1280 adeo
1036 1208 1144 1282 sacris
1166 1209 1240 1284 suis
1257 1217 1463 1306 poscerant;
1483 1208 1675 1282 cavendum
1687 1209 1723 1280 id
1742 1231 1881 1304 quoque
1897 1208 1990 1282 foret
2006 1209 2169 1305 principi,
2190 1231 2236 1282 ne

612 1351 628 1394 s
649 1324 731 1396 hinc
754 1325 934 1421 legitimus
948 1352 1130 1425 possessor
1155 1331 1289 1427 aliquid
1307 1331 1507 1406 detrimenti
1528 1337 1681 1426 caperet.
1704 1332 1787 1404 Jam
1805 1331 1917 1405 aedem
1934 1353 2072 1405 sacram
2091 1354 2237 1427 eamque

613 1476 629 1508 α
651 1449 868 1543 primariam,
890 1457 983 1530 uude
1013 1480 1078 1531 sua
1093 1458 1175 1530 novi
1193 1457 1382 1553 Evangelii
1411 1457 1517 1530 latius
1542 1455 1710 1551 vulgetur
1735 1455 1857 1551 pestis,
1883 1455 2005 1551 ejectis
2034 1479 2149 1551 nuper
2167 1478 2239 1551 ,per

615 1599 631 1632 u
653 1595 824 1649 summam
838 1578 1005 1676 injuriam
1030 1582 1227 1669 catholicis,
1247 1589 1353 1678 atque
1369 1583 1407 1654 in
1431 1581 1573 1653 ultimas
1598 1576 1696 1650 urbis
1712 1575 1870 1648 latebras
1887 1575 2076 1660 contrusis,
2096 1584 2135 1649 ut
2151 1575 2239 1647 obti-

616 1723 632 1756 κ
653 1706 762 1771 neant
786 1701 956 1791 haeretici,
977 1728 1017 1778 ac
1043 1729 1148 1803 porro
1182 1707 1419 1801 triumphent;
1441 1704 1619 1778 enimvero
1649 1702 1754 1787 istam
1784 1698 2031 1772 contumeliam
2056 1697 2240 1794 religionis
2275 1776 2277 1779 ,

616 1821 855 1938 -christianae
883 1835 957 1899 tam
982 1829 1189 1916 immanem,
1218 1832 1379 1927 siquem
1408 1829 1537 1914 alium,
1575 1825 1793 1921 Stephanum
1820 1822 2031 1897 Bathorium
2064 1823 2240 1897 sustinere

617 1971 635 2005 c
656 1943 750 2017 haud
764 1969 880 2043 posse.
898 1949 1192 2048 Obtemperarent
1219 1956 1343 2052 igitur,
1370 1956 1644 2046 mandatumque
1669 1972 1772 2049 suum
1790 1949 2018 2023 exhaurirent
2046 1949 2237 2034 continuo;

619 2094 635 2127 u
654 2089 769 2162 neque
787 2070 943 2161 duriora,
965 2099 1044 2171 quae
1056 2077 1133 2173 jam
1145 2081 1367 2152 contumacia
1385 2079 1431 2152 sit
1446 2078 1586 2160 merita,
1602 2082 1866 2173 expectarent.»

440 2202 561 2296 sarcino-
665 2189 721 2262 Illi
731 2193 840 2288 regiis
851 2197 1085 2293 nequicquam
1098 2202 1268 2298 obluctati
1284 2204 1453 2299 imperiis,
1469 2201 1608 2274 facilius
1627 2201 1664 2272 id
1682 2223 1786 2295 posse
1807 2199 1889 2284 rati,
1911 2199 2003 2293 quod
2017 2201 2238 2295 pugnabant,

441 2282 585 2420 {aff
615 2334 677 2407 per
690 2324 831 2389 nostros
845 2317 947 2406 effici,
963 2323 1110 2397 Petrum
1125 2327 1266 2424 Skarga
1280 2327 1504 2410 conveniunt,
1520 2324 1642 2396 sanum
1656 2324 1738 2396 Divi
1763 2323 1785 2395 J
1788 2322 1891 2396 acobi
1903 2321 2066 2419 Apostoh
2079 2346 2143 2417 pro
2163 2322 2242 2396 aede

438 2445 514 2537 junco
538 2443 588 2497 im·
614 2459 720 2531 quam
737 2440 818 2513 Rex
826 2443 952 2537 jubeat
969 2449 1072 2531 tradi,
1091 2442 1184 2522 ultro
1202 2451 1374 2539 offerunt;
1395 2452 1470 2546 ipse
1488 2471 1567 2522 cum
1585 2448 1697 2522 Sociis
1727 2447 1802 2520 suis
1828 2446 1912 2519 boni
1929 2446 2104 2532 consulat,
2124 2445 2245 2518 multis

442 2539 586 2657 &3¹52oesp
617 2570 720 2635 orant
744 2566 963 2660 suppliciter.
985 2571 1126 2656 Petrus,
1150 2597 1197 2648 ne
1223 2599 1328 2669 quam
1354 2573 1421 2647 sibi
1437 2573 1531 2645 cives
1557 2572 1723 2670 injuriam
1752 2568 1893 2642 nomine
1916 2569 2103 2642 Societatis
2121 2569 2244 2643 inferri

617 2701 823 2783 querantur,
852 2700 926 2766 tum
956 2700 1048 2792 quod
1072 2700 1332 2798 circumjaciam
1354 2723 1486 2784 aream,
1514 2696 1690 2769 domicilio
1723 2692 1958 2767 construendo
1990 2699 2238 2788 opportunam,

614 2816 763 2902 videret,
780 2821 872 2913 quod
892 2845 979 2918 pace
996 2826 1207 2921 Rigensium
1225 2831 1300 2915 fiat,
1321 2829 1550 2904 substitutam
1567 2845 1641 2895 rem
1665 2817 1802 2913 accipit.
1825 2843 1842 2878 κ
1859 2816 1916 2890 Ne
1933 2816 2015 2889 Rex
2040 2816 2182 2922 quictem
2206 2815 2244 2888 id

619 2966 637 3000 a
659 2962 698 3012 se
723 2942 878 3018 abnuere
903 2947 1007 3034 dixit;
1039 2953 1143 3025 modo
1169 2955 1340 3029 adsuunt
1370 2952 1464 3027 istud
1486 2952 1614 3023 donum
1646 2941 1859 3038 Rigensium
1880 2961 2058 3035 propensa
2076 2938 2122 3011 ad
2155 2938 2246 3012 bene

623 3092 640 3123 a
661 3068 867 3140 merendum
884 3071 1048 3148 voluntas
1066 3077 1234 3173 adjiceret
1258 3078 1461 3174 adjacentes
1488 3075 1608 3155 etiam,
1626 3075 1732 3162 atque
1749 3066 1837 3140 adeo
1850 3065 2060 3161 conjunctas
2081 3086 2161 3135 cum
2178 3061 2247 3136 hoc

623 3217 640 3250 a
660 3190 757 3278 fane,
779 3193 1062 3271 Cisterciensium
1085 3225 1199 3296 nuper
1214 3203 1392 3298 virgiuum
1409 3202 1504 3275 aedes
1520 3223 1599 3273 cum
1616 3189 1747 3284 templo
1773 3188 1906 3284 pariter
1928 3188 1974 3259 D.
1997 3187 2125 3258 Mariae
2143 3186 2250 3280 Mag-

447 3362 591 3432 Templum
623 3345 639 3378 u
660 3317 811 3392 dalenae.
833 3321 916 3395 Non
933 3325 1120 3400 obscurum
1139 3337 1217 3402 erat
1235 3330 1453 3424 Rigensibus
1471 3325 1639 3423 principis
1657 3322 1841 3396 consilium
1862 3341 1870 3393 ε
1902 3321 1993 3395 velle
2006 3322 2102 3394 hunc
2115 3319 2252 3393 scilicet

446 3442 582 3575 33¹3
625 3475 641 3507 u
663 3446 809 3521 Jesuitis
826 3452 1050 3546 gymnasium
1068 3455 1175 3526 etiam
1193 3454 1384 3538 collocare;
1406 3475 1515 3547 quare
1532 3449 1759 3524 vehementer
1776 3446 1884 3549 etiam
1906 3453 2012 3540 atque
2026 3447 2134 3520 etiam
2150 3446 2248 3541 rogi-

447 3601 577 3658 cacocex-
626 3601 643 3632 a
664 3576 753 3658 tant,
772 3577 988 3670 propositum
1002 3599 1105 3649 suurn
1117 3578 1200 3650 honi
1212 3578 1324 3650 civilis
1342 3600 1466 3650 amans
1483 3577 1654 3670 Princeps
1672 3573 1716 3645 de
1733 3572 1755 3644 J
1758 3571 1880 3645 esuitis
1898 3579 1937 3644 ut
1955 3571 2094 3644 omittat
2110 3595 2118 3644 :
2135 3595 2253 3666 neque

450 3687 505 3739 “¹¹-
627 3725 643 3758 κ
662 3696 756 3768 enim
769 3697 847 3770 fieri
863 3722 978 3794 posse,
995 3707 1034 3774 ut
1051 3701 1145 3774 inter
1160 3701 1338 3774 civitatem
1364 3724 1465 3774 suam
1494 3707 1530 3774 et
1550 3700 1646 3774 istud
1671 3700 1853 3772 hominum
1879 3720 1992 3793 genus
2018 3698 2206 3771 conveniat
2236 3723 2248 3770 ε

629 3850 645 3883 ιι
660 3823 737 3918 jam
749 3824 831 3896 hinc
845 3825 985 3897 omnino
997 3825 1077 3920 plus
1094 3827 1205 3922 pestis
1222 3828 1298 3900 fore
1315 3829 1345 3900 si
1361 3828 1484 3932 ludum
1500 3829 1606 3902 etiam
1613 3827 1793 3924 Juventuti
1810 3827 2015 3922 aperuerint
2032 3850 2040 3897 :
2067 3825 2145 3897 istis
2157 3824 2257 3898 vide-

628 3975 645 4007 «
664 3944 748 4018 licet
764 3945 837 4017 suis
851 3947 1052 4019 mortalium
1068 3948 1204 4022 artibus
1221 3951 1464 4026 circumveniri
1481 3953 1633 4025 maxime
1649 3948 1947 4033 adolescentulos,
1969 3956 2108 4043 atquea
2124 3947 2254 4042 patriis

628 4098 645 4130 a
664 4068 713 4182 ad
725 4070 916 4164 religiones
926 4071 1147 4165 peregrinas,
1162 4074 1352 4168 papisticas
1366 4076 1513 4162 scilieet,
1532 4078 1693 4152 incautos
1714 4078 1874 4165 traduci;
1893 4077 2025 4151 malum
2043 4079 2162 4173 itaque
2178 4078 2257 4150 suis

627 4225 643 4258 a
664 4195 838 4269 Livonum
852 4199 1093 4272 sanctitatibus
1109 4224 1187 4272 cum
1197 4201 1253 4274 his
1265 4225 1328 4298 per
1340 4203 1533 4299 principem
1546 4204 1677 4277 accersi
1690 4201 1948 4299 perniciemque
1962 4203 2206 4274 certissimam.
2232 4237 2254 4270 s

676 4323 759 4395 Non
775 4323 968 4418 injucunda
984 4345 1029 4396 ea
1046 4325 1257 4420 Rigeusium
1270 4329 1348 4399 visa
1368 4337 1423 4402 est
1440 4329 1622 4425 Stephano
1640 4329 1766 4413 oratio,
1787 4350 1893 4422 quam
1915 4335 1951 4401 et
1967 4348 2154 4422 procerum
2170 4348 2259 4398 con-

630 4457 773 4523 secutus
804 4456 859 4522 est
886 4449 980 4522 risus
1001 4475 1009 4522 :
1029 4473 1167 4546 nempe,
1184 4452 1276 4546 quod
1289 4453 1320 4526 is
1337 4433 1487 4529 maxime
1505 4459 1656 4550 optaret,
1672 4454 1708 4526 id
1726 4452 1903 4526 haereticis
1918 4451 2070 4526 maxime
2089 4450 2155 4522 sibi
2182 4473 2260 4522 me-

630 4577 822 4652 tuentibus.
842 4606 859 4639 «
880 4576 989 4675 Atqui
1006 4601 1087 4674 ego,
1108 4579 1233 4674 inquit,
1255 4579 1431 4672 Rigenses
1446 4577 1527 4662 mei,
1539 4577 1606 4649 hac
1623 4578 1701 4672 ipsa
1718 4576 1855 4650 ratione
1872 4575 1973 4648 vobis
1991 4574 2191 4648 consultum
2209 4596 2259 4646 eo

633 4733 651 4766 s
668 4725 774 4800 quam
790 4702 932 4798 optime.
948 4702 1093 4776 Vestrae
1105 4703 1163 4776 hic
1180 4704 1337 4798 ipsorum
1358 4701 1484 4774 salutis
1498 4701 1678 4796 negotium
1695 4700 1828 4795 agitur.
1842 4691 2048 4772 Aberrastis
2058 4699 2136 4793 jam
2147 4695 2264 4790 longe

635 4857 652 4890 u
673 4827 912 4924 imprudentes
929 4836 1061 4901 arecto
1086 4828 1171 4902 vitae
1187 4828 1393 4900 christianae
1413 4826 1587 4908 instituto,
1608 4845 1722 4896 caecos
1753 4821 1866 4895 secuti
1890 4822 2019 4906 duces3
2040 4843 2099 4904 en,
2120 4818 2178 4915 qui
2191 4841 2265 4893 vos

636 4987 652 5020 u
674 4956 856 5042 reducant,
876 4955 972 5028 viros
998 4954 1077 5028 cu'm
1099 4955 1290 5051 sapientes,
1312 4963 1385 5026 tum
1403 4951 1575 5046 apprime,
1603 4948 1689 5022 mihi
1715 4947 1861 5030 credite,
1894 4951 2037 5018 sanctos
2059 4969 2067 5017 :
2089 4967 2158 5016 non
2176 4942 2267 5016 illos

636 5115 653 5146 a
672 5083 763 5156 lucri
781 5081 886 5154 atilius
912 5081 969 5154 sui
994 5087 1201 5177 appetentes
1230 5104 1238 5151 :
1267 5079 1379 5175 ipsius
1410 5084 1540 5150 vestrae
1569 5073 1695 5147 salutis
1726 5054 1882 5166 cupidos,
1915 5070 2014 5166 pacis
2039 5068 2271 5165 justitiaque

637 5239 654 5274 a
680 5209 793 5283 omnis
820 5205 1111 5283 studiosissimos.
1132 5205 1241 5280 Nullo
1258 5205 1297 5278 hi
1313 5203 1437 5278 merito
1464 5225 1528 5275 suo
1553 5200 1647 5296 apud
1664 5221 1728 5273 vos
1745 5196 1921 5270 sustinent
1937 5194 2133 5281 invidiam;
2153 5217 2272 5290 quam
