4896 6650
688 821 795 882 LIBER
817 821 974 882 TERTIUS
996 819 1210 918 <isso-1590).
1707 818 1766 880 123

31 1049 32 1052 π
142 1007 349 1081 «vocandos
378 1005 502 1086 satius,
524 1004 584 1098 qui
613 1003 740 1097 opibus
767 1003 853 1088 suis,
886 1026 992 1098 quam
1029 1004 1080 1076 uti
1112 968 1364 1089 sustineantur,
1387 1003 1447 1098 qui
1476 1003 1673 1076 rationibus
1708 1024 1851 1100 sa51534

144 1165 156 1195 α
177 1132 260 1204 lutis
276 1130 427 1226 publicae
441 1127 635 1200 officerent.
660 1162 676 1192 η

184 1254 302 1330 Stulta
331 1251 471 1348 quidem
502 1250 576 1335 illa,
605 1249 940 1345 mendaciorumque
970 1252 1091 1347 plena,
1126 1257 1204 1323 erat
1232 1251 1384 1323 ministri
1414 1249 1633 1336 criminatio;
1658 1250 1777 1324 valuit·

31 1447 32 1454 ,
145 1378 245 1452 nihilo
263 1376 394 1457 minus,
414 1375 452 1446 in
469 1373 598 1468 vulgus
624 1397 680 1458 co,
710 1382 748 1444 nt
766 1375 1008 1447 excitarentur
1025 1375 1141 1447 turbas
1160 1375 1339 1448 continuo.
1361 1375 1382 1447 J
1386 1397 1442 1446 am
1458 1373 1510 1446 illi
1523 1375 1590 1446 hoc
1616 1375 1693 1470 ipso
1712 1376 1769 1449 dia

31 1525 32 1540 ¹
147 1504 204 1575 diri
220 1489 357 1596 aliquid
375 1505 659 1594 perpetrassent;
677 1499 745 1570 nisi
757 1499 793 1569 in
808 1506 929 1593 portas
944 1506 1017 1570 tum
1031 1498 1152 1594 templi
1166 1507 1241 1571 tum
1255 1498 1378 1571 domus
1392 1499 1532 1570 clausas
1545 1499 1766 1573 incidissent.

31 1626 32 1647 ¹
147 1624 421 1700 Praestolandnm
437 1623 558 1718 itaque
571 1623 752 1694 commotis
771 1629 848 1694 erat
866 1622 913 1696 ad
926 1629 1065 1718 tempus
1088 1623 1157 1695 diei
1175 1623 1392 1716 insequentis
1423 1624 1644 1707 matutinum,
1664 1624 1770 1718 idque

146 1751 308 1825 natalitiis
328 1749 523 1822 Salvatoris
554 1746 696 1818 Domini
722 1770 873 1830 sacrum,
904 1769 972 1842 quo
1000 1747 1150 1843 populus
1177 1746 1491 1820 fidelismaturius
1509 1771 1547 1819 se
1578 1751 1621 1821 ad
1646 1749 1770 1822 laudes

31 1855 32 1860 ἵ
148 1877 278 1948 Christo
296 1881 381 1947 nato
403 1854 599 1945 cantandas
625 1871 784 1944 conferre
802 1872 907 1956 solet,
929 1871 1145 1944 facinoribus
1163 1872 1236 1944 suis
1256 1872 1445 1944 meditatis·
1455 1873 1569 1968 magis
1588 1875 1766 1947 idoneum.

31 2079 32 2092 ,
149 2001 297 2083 Interim,
317 1994 465 2092 nequid
491 1993 653 2067 maleficii
673 1995 848 2079 omittant,
869 1995 962 2067 fores
986 1995 1107 2090 templi
1137 1995 1303 2068 sordibus
1330 1989 1527 2069 foedissime
1545 1997 1764 2084 condiniani,
1820 2013 1821 2016 ’

31 2099 32 2104 ¹
150 2123 423 2216 carminibusque
437 2143 537 2192 coeno
554 2121 631 2214 ipso
649 2119 863 2213 turpioribus
878 2118 1086 2214 conscriptis
1106 2119 1260 2214 opplent.
1275 2119 1392 2192 Primo
1412 2120 1501 2193 lucis
1514 2128 1684 2216 ternpore,
1705 2123 1766 2195 ubi
1790 2173 1880 2231 seres
1893 2175 1922 2227 cc

31 2291 32 2306 .
149 2249 303 2323 catholici
328 2248 374 2319 ad
400 2245 693 2341 comprecandum
713 2251 966 2326 convenerunt,
986 2243 1186 2338 irrumpunt
1203 2244 1239 2314 in
1257 2243 1370 2315 aedem
1394 2267 1532 2316 sacram
1550 2247 1764 2333 Lutherani;
1791 2251 1940 2322 sacrilegis·

31 2447 32 2452 ,
150 2379 243 2468 atque
260 2372 328 2444 hos
359 2369 487 2465 pugnis
512 2368 593 2440 illos
614 2367 793 2461 lapidibus
828 2367 1010 2460 dissipant.
1034 2367 1220 2439 Maleficiis
1246 2368 1397 2461 denique
1415 2368 1555 2462 fatigati
1586 2369 1622 2440 in
1648 2392 1769 2443 aream

31 2507 33 2588 ζ
150 2497 261 2594 templi
279 2519 317 2569 se
330 2501 510 2569 revocant.
536 2493 778 2566 Subducturus
795 2491 937 2562 interim
954 2490 1139 2585 sacrilegis
1157 2491 1354 2564 latronibus
1372 2492 1509 2586 reliqua
1522 2493 1679 2567 Michael
1692 2495 1771 2567 Mo·

31 2601 32 2618 ¹
151 2621 274 2706 nanus,
296 2619 438 2714 adjutor
452 2618 647 2702 Sociorum,
668 2615 831 2700 aedituus,
849 2615 943 2686 fores
965 2615 1086 2709 templi
1104 2614 1255 2687 occludit
1272 2615 1423 2711 placide.
1448 2618 1611 2690 Pervasit
1626 2628 1773 2714 repento

152 2745 320 2818 civitatem
346 2743 391 2814 de
408 2741 559 2816 tumultu
577 2762 696 2812 rumor
716 2764 724 2810 :
747 2761 790 2810 ex
816 2739 977 2811 omnibus
1002 2739 1088 2811 vicis
1114 2739 1160 2809 ad
1189 2738 1338 2833 Collegii
1357 2739 1583 2827 domicilium,
1609 2741 1709 2836 quasi
1727 2743 1774 2814 ad
1846 2777 1859 2804 ν

152 2867 383 2966 oppugnanda
407 2867 565 2939 hostium
590 2870 721 2948 castra,
752 2863 985 2935 concurritur.
1006 2861 1221 2946 Maledictis,
1251 2863 1355 2934 minis
1381 2864 1570 2937 furentium
1597 2867 1774 2962 armisque

152 2995 263 3065 omnia
290 2992 551 3065 circumsonant
562 2965 581 3074 ;⁴
592 2987 681 3060 nihil
705 2989 784 3082 jam
801 2969 945 3081 propius
963 2987 1077 3070 abest,
1098 3007 1202 3080 quam
1217 2995 1256 3058 ut
1269 2986 1504 3081 effringantur
1520 2989 1642 3085 templi
1660 2999 1695 3063 et
1713 2991 1772 3063 do·

153 3121 267 3193 micilii
279 3122 386 3205 fores,
403 3127 555 3215 natoque
582 3118 761 3192 Salvatori
773 3117 1014 3190 innocentium
1042 3119 1217 3212 sanguiue
1234 3118 1431 3214 perlitatur.
1453 3122 1523 3194 Sed
1539 3123 1575 3194 in
1594 3146 1636 3197 eo
1654 3125 1775 3200 furore

153 3247 305 3318 meditati
335 3245 468 3339 aliquid
498 3242 635 3316 consilii
664 3240 731 3314 fuit
757 3240 930 3314 maleficis
954 3241 1172 3315 :eliciendos
1202 3243 1254 3314 illi
1280 3244 1377 3339 prius
1395 3245 1556 3319 Sociose
1587 3248 1773 3336 domicilio,

152 3393 253 3462 quam
274 3370 410 3464 reliqua
443 3368 496 3440 vis
528 3366 729 3448 inferretur,
762 3371 991 3448 censuerunt;
1025 3389 1094 3458 qno
1121 3373 1224 3461 pacto
1263 3367 1492 3442 adhiberetur
1516 3371 1610 3465 apud
1634 3372 1773 3467 judices

152 3494 324 3567 calumnia
340 3520 348 3566 :
369 3493 465 3588 ipsos
483 3490 639 3584 hospites
652 3489 698 3561 ad
714 3490 829 3561 levem
841 3488 1041 3560 circitorum
1054 3499 1186 3563 motum
1203 3492 1417 3566 tumultuose
1431 3504 1586 3569 armatos
1600 3497 1771 3591 erupisse.

196 3617 369 3691 Omnibus
386 3638 473 3710 ergo
503 3612 699 3694 maleficiis,
720 3611 844 3706 quibus
871 3613 1094 3686 obsessorum
1124 3615 1292 3708 patientia
1317 3615 1491 3704 vincatur,
1520 3642 1594 3691 rom
1618 3627 1770 3694 tentant.

152 3741 296 3813 immisit
313 3763 352 3813 se
370 3737 497 3832 aliquis
514 3737 552 3808 in
569 3759 630 3809 eas
651 3735 840 3808 furentium
858 3740 1006 3816 turmas,
1026 3735 1073 3807 ad
1090 3739 1320 3810 coercendam
1334 3740 1446 3837 plebis
1460 3740 1630 3815 insaniam
1647 3744 1776 3818 missus

152 3863 404 3938 aconsulibus.
429 3859 604 3936 Rem'hic
626 3859 731 3932 etiam
745 3858 875 3930 malam
899 3858 1058 3944 abstulit,
1087 3861 1215 3948 misere
1238 3865 1367 3957 pugnis
1393 3865 1615 3962 calcibusque
1637 3867 1778 3965 aplcbc

152 3991 326 4062 concisus.
360 3986 546 4060 Gaudebat
573 3982 713 4054 interim
739 3981 832 4070 domi
864 3982 1077 4068 Lemlrenus,
1098 3991 1134 4056 ct
1156 4008 1231 4058 suae
1258 3986 1328 4058 rim
1358 3987 1581 4083 eloquentiae,
1602 4014 1672 4085 qua
1703 4013 1778 4063 rem

151 4112 360 4207 praeclaram
376 4109 466 4182 adeo
479 4109 517 4181 in
534 4105 660 4180 animis
678 4104 805 4177 civium
823 4103 1041 4199 perfecisset,
1057 4107 1150 4181 inter
1175 4132 1302 4182 uxores
1318 4133 1401 4184 suas
1419 4112 1636 4207 ancillasque
1649 4112 1779 4209 glorio·

152 4259 209 4308 sus
227 4236 439 4308 mirabatur.
462 4231 671 4326 Effringitur
692 4229 842 4321 denique
867 4228 990 4323 templi
1002 4229 1131 4324 janua;
1152 4230 1351 4327 irrumpunt
1376 4242 1450 4308 toto
1473 4236 1629 4330 agmine.
1649 4237 1779 4312 Morio·
1851 4265 1854 4270 ¹

152 4385 245 4443 num,
263 4367 341 4433 tota
354 4360 528 4453 jactatum
546 4354 636 4438 aede,
657 4373 766 4448 prope
783 4352 1046 4437 contrucidant;
1070 4376 1157 4426 rasa
1173 4356 1296 4450 templi
1314 4365 1348 4430 et
1377 4358 1628 4454 supellectilem
1645 4368 1681 4435 ct
1701 4383 1780 4434 aras

154 4490 187 4555 ct
199 4485 310 4579 signa
327 4504 430 4555 sacra
455 4478 512 4552 vel
536 4477 721 4573 diripiunt,
741 4474 799 4547 vol
816 4474 996 4548 confracta
1018 4477 1238 4551 conculcant.
1257 4480 1343 4553 Inde
1368 4480 1462 4554 fores
1481 4483 1646 4556 domicilii
1671 4483 1781 4557 insul·

152 4615 254 4682 tare:
276 4629 395 4702 noque
408 4603 537 4676 milites
562 4599 817 4697 praesidiarios,
839 4599 898 4692 qui
928 4622 1007 4672 cum
1024 4600 1190 4696 praefecto
1210 4625 1274 4675 suo
1305 4614 1544 4691 accurrerant,
1560 4607 1630 4679 vim
1650 4609 1783 4681 frustra

152 4731 399 4826 prohibentes
421 4748 533 4821 nequa
551 4725 663 4796 minas
677 4723 1068 4818 magistratusmorari,
1085 4725 1167 4819 quin
1181 4725 1330 4821 argutiis
1348 4727 1454 4800 etiam
1471 4729 1675 4824 praefectum
1691 4730 1781 4803 ludi·

152 4853 251 4928 ficari
269 4853 438 4926 inficetis
468 4849 635 4924 Pluribus
653 4847 780 4919 deinde
807 4869 850 4919 ex
867 4869 949 4919 arce
964 4849 1113 4934 vocatis,
1144 4850 1299 4925 latrones
1317 4852 1478 4949 dispulsi,
1510 4855 1785 4960 praesidiumque

31 5059 32 5066 .
158 4979 282 5052 domui
315 4978 529 5073 impositum.

31 5185 32 5204 ,
197 5103 423 5199 Respirante
449 5124 493 5174 cx
526 5123 568 5175 eo
593 5102 744 5174 tumultu
774 5101 896 5175 Socios
937 5099 1106 5196 postridie
1146 5101 1267 5174 visunt
1296 5101 1484 5196 Consulem
1514 5131 1532 5164 u
1565 5107 1782 5192 renuntiant,

31 5213 32 5296 ζ
154 5227 329 5300 «dixisse
368 5227 444 5322 jam
478 5249 558 5300 reos
597 5249 739 5299 causam
772 5227 809 5298 in
845 5225 1037 5320 praetorio:
1074 5233 1199 5299 actum·
1230 5250 1294 5323 per
1333 5251 1394 5300 eos
1419 5231 1594 5302 sententia
1634 5231 1787 5303 omnium
