4948 6654
673 788 780 847 trouu
805 786 965 846 TERTIUS
989 787 1204 864 (ttae-1590).
1247 777 1250 784 ’
1629 850 1634 860 ,
1702 777 1761 842 155

129 982 206 1074 regi
220 987 424 1073 expectatus
437 987 473 1050 et
485 979 636 1061 civibus,
653 976 800 1050 illustris
814 973 875 1047 illo
891 974 1055 1048 Lucifero
1077 972 1243 1058 mirabili,
1260 972 1371 1044 multo
1388 971 1453 1044 fnit
1465 969 1757 1066 jucundissimus.
1790 976 1853 1031 1⁵88
1875 1059 1881 1070 ἱ

132 1104 310 1178 Odensior
340 1105 397 1174 hic
427 1101 532 1197 paulo
562 1102 675 1175 Sociis
704 1101 836 1174 nostris
876 1099 1014 1170 venisse
1039 1097 1134 1170 visus
1165 1097 1288 1191 :quod
1314 1096 1560 1176 Possevinum,
1581 1117 1684 1190 quem
1715 1093 1761 1164 ab
1788 1058 1884 1194 iffi
1901 1061 1938 1112 οῖ’

134 1229 280 1302 Claudio
309 1227 477 1301 Generali
509 1228 707 1324 flagitabat,
744 1250 814 1299 non
845 1225 1070 1318 impetrasset
1094 1221 1276 1305 comitem3
1301 1219 1441 1292 tametsi
1472 1220 1524 1290 vir
1556 1218 1696 1312 sapiens
1728 1216 1764 1287 id

135 1353 247 1446 ipsum
264 1351 349 1422 boni
375 1351 558 1423 consulere
575 1357 736 1445 poterat;
757 1371 871 1445 neque
896 1347 988 1420 enim
1008 1347 1156 1419 obscure
1174 1345 1344 1418 Claudius
1354 1345 1536 1440 proposuit
1549 1344 1766 1416 difficultatis

137 1499 263 1550 causas
290 1474 485 1572 postulanti
514 1501 522 1548 :
548 1505 564 1535 a
586 1474 702 1548 alieno
720 1474 907 1568 plerosque
933 1471 1089 1545 Polonos
1115 1495 1138 1544 a
1169 1471 1364 1544 Posseviuo
1394 1493 1472 1543 esse
1499 1470 1630 1555 animo,
1661 1469 1766 1564 hujus
1864 1549 1868 1558 .

138 1633 152 1662 ι
174 1601 286 1696 ipsius
315 1600 412 1694 regis
440 1599 659 1694 sigismundi
680 1597 836 1692 negotio,
863 1597 965 1692 cujus
982 1604 1121 1692 partem
1138 1593 1314 1667 Antonius
1332 1618 1445 1688 nuper
1457 1596 1562 1689 jussu
1582 1593 1765 1666 Pontificis

138 1755 152 1786 a
172 1722 399 1798 sustinuisset
417 1724 552 1808 odiose,
574 1723 727 1796 offensos
754 1725 944 1798 haereticos
961 1727 998 1796 iu
1017 1725 1140 1821 primis
1158 1746 1337 1818 proceres,
1360 1724 1396 1794 in
1415 1722 1620 1798 memoriam
1651 1719 1766 1814 suspi-

140 1880 155 1909 ι
174 1849 316 1921 cionum
338 1855 374 1920 et
403 1845 558 1932 invidiae,
595 1855 783 1943 conspecto
809 1851 965 1936 homine,
993 1851 1192 1938 redituros;
1228 1851 1374 1946 reliquis
1404 1835 1519 1922 videri
1547 1871 1666 1945 posse,
1702 1849 1769 1921 hoc

142 2001 156 2034 κ
174 1981 277 2068 pacto
295 1971 437 2044 venisse
455 1970 661 2056 Antonium,
694 1979 732 2044 ut
750 1996 788 2046 se
812 1976 888 2068 regi
905 1975 1082 2069 propinet,
1102 1998 1236 2071 suaque
1265 1982 1300 2047 et
1318 1973 1518 2058 Societatis,
1535 1974 1563 2045 si
1587 1995 1656 2068 qua
1671 1978 1770 2044 exta·

142 2123 157 2155 a
172 2103 253 2169 rent
269 2096 305 2166 in
321 2095 528 2190 principem,
546 2095 671 2166 merita
688 2098 908 2170 commendet
924 2098 1159 2194 importunus.
1187 2099 1468 2170 Domesticorum
1487 2098 1593 2169 etiam
1619 2096 1656 2166 iu
1687 2095 1770 2167 aula

144 2249 158 2280 u
177 2221 277 2316 regia
295 2220 542 2314 theologorum
560 2217 684 2292 officiis
716 2220 930 2294 Societatem
960 2223 1041 2295 odia
1058 2222 1248 2295 multorum
1274 2223 1437 2295 subiisse.
1460 2221 1543 2293 Non
1561 2222 1671 2316 igitur
1688 2221 1769 2292 sub-

144 2373 158 2402 «
178 2343 359 2416 mittendis
376 2345 520 2438 insuper
545 2352 582 2416 et
599 2345 831 2418 obtrudendis
850 2345 964 2418 Sociis
994 2346 1278 2419 malevolentiam
1306 2347 1488 2419 hominum
1505 2367 1584 2418 esse
1597 2342 1771 2416 lacessen-

145 2497 159 2528 α
178 2468 270 2540 dam.
291 2503 308 2534 n
330 2467 413 2540 Non
432 2490 531 2562 aeque
545 2468 717 2564 simplici,
733 2477 840 2566 atque
858 2471 1058 2557 afferretur,
1079 2480 1223 2567 accepta
1236 2472 1353 2543 animo
1371 2471 1573 2555 excusatio;
1590 2467 1772 2565 querelam

143 2619 182 2669 ea
200 2594 389 2684 difficultas
419 2617 630 2689 sensumque
660 2597 807 2670 offensae
833 2598 993 2670 intimum
1025 2616 1088 2693 per
1106 2598 1328 2670 occasionem
1355 2595 1537 2670 cardinali
1568 2594 1703 2668 elicuit.
1725 2595 1772 2668 Et
1860 2657 1865 2666 .

147 2733 221 2797 erat
234 2725 310 2819 ejus
323 2723 554 2819 querimoniae
571 2725 758 2798 audiendae
776 2727 915 2798 occasio
933 2726 1083 2798 crebra:
1105 2726 1236 2822 quippe
1250 2724 1365 2798 nostri
1395 2723 1513 2820 legato
1532 2725 1600 2796 iter
1616 2723 1771 2804 facienti,

147 2849 202 2920 ubi
234 2847 370 2920 occurri
400 2853 564 2942 poterat,
592 2870 613 2920 e
643 2847 829 2920 domiciliis
863 2848 1081 2944 evigilabant
1110 2851 1148 2922 in
1180 2871 1236 2932 eo,
1262 2855 1301 2920 ut
1318 2871 1418 2921 suam
1435 2847 1654 2921 voluntatem
1683 2845 1774 2918 anti·

147 2971 220 3042 stili
253 2969 377 3042 officiis
394 2969 556 3041 omnibus
573 2971 836 3066 approbarent:
859 2972 1001 3044 excitati
1015 2973 1059 3044 ad
1087 2972 1125 3064 id
1146 2980 1283 3046 mature
1313 2996 1377 3068 per
1406 2973 1544 3045 litteras
1570 2995 1593 3042 a
1624 2969 1772 3044 Claudio

147 3092 326 3178 dimissas;
346 3092 453 3188 idque
475 3116 553 3164 cum
573 3093 617 3164 ob
648 3093 760 3186 ipsius
786 3095 997 3190 dignitatem
1032 3095 1145 3190 legati
1158 3105 1233 3168 tum
1255 3103 1401 3191 propter
1414 3095 1585 3191 praeclara
1602 3095 1640 3168 in
1654 3096 1772 3169 Socie-

149 3225 256 3289 tatem
280 3217 408 3290 merita
435 3217 557 3288 fratris
584 3219 652 3301 sui,
672 3219 824 3292 loannis
853 3220 1112 3294 Aldobrandini
1138 3220 1341 3293 cardinalis.
1362 3220 1418 3294 Ea
1447 3220 1581 3292 scilicet
1608 3227 1776 3293 tumeret

151 3337 329 3412 Sociorum
344 3339 381 3411 iu
396 3339 548 3412 Polonia
560 3341 726 3426 conditio,
748 3350 787 3414 ut
805 3344 850 3414 ab
868 3345 937 3429 his,
965 3345 1077 3439 iisque
1103 3345 1333 3439 principibus,
1354 3351 1558 3418 amarentur
1570 3344 1772 3440 plurimum,

145 3455 378 3538 ‘laudarentur
408 3465 560 3560 publice,
580 3465 815 3541 invitarentur
832 3469 1016 3564 promissis
1046 3469 1166 3540 multis
1184 3470 1230 3540 ad
1263 3468 1488 3563 suscipienda
1517 3470 1553 3540 in
1580 3469 1671 3543 aulis
1701 3472 1775 3544 suis

150 3592 261 3665 officia
277 3620 285 3679 ;
301 3594 348 3665 ab
366 3594 437 3667 illis
455 3603 591 3680 contra,
625 3597 751 3698 quibus
769 3595 919 3668 maxime
949 3616 1049 3666 suam
1067 3591 1198 3664 afflavit
1214 3598 1350 3686 pestem
1375 3590 1535 3676 haeresis
1559 3600 1776 3698 vexarentur

149 3743 192 3792 ex
208 3721 391 3793 industria.
413 3721 507 3794 Ante
532 3721 621 3794 alios
651 3693 1137 3815 benevolentia'sigismundi
1167 3715 1205 3787 in
1233 3715 1446 3789 Societatem
1463 3718 1623 3791 testatior
1640 3719 1778 3792 animos
1856 3736 1895 3792 58.

151 3845 346 3918 invidorum
361 3848 486 3920 urebat
498 3849 673 3958 maxime.¹
683 3852 820 3922 Praeter
836 3847 1060 3922 Bernardum
1079 3842 1316 3927 Golinslxium
1332 3866 1353 3916 e
1367 3842 1544 3917 Societate
1556 3844 1775 3940 theologum,
1805 3815 1949 3952 {siffis

150 3993 218 4064 quo
237 3969 398 4066 princeps
428 3973 473 4044 ad
503 3997 622 4045 sacras
651 3975 889 4047 consessiones
909 3972 1085 4054 utebatur,
1111 3967 1394 4044 concionatorem
1412 3991 1455 4038 ex
1481 3969 1604 4040 eadem
1629 3969 1776 4055 familia,
1808 3973 1933 4048 quamob

151 4115 310 4188 eumque,
331 4118 434 4190 quem
460 4096 618 4169 haeretici
645 4098 802 4170 odissent
832 4098 997 4192 pessime,
1020 4098 1166 4168 Petrum
1191 4094 1335 4189 Skarga
1362 4095 1428 4166 sibi
1458 4095 1609 4168 adscivit
1633 4119 1709 4169 rex.
1741 4098 1780 4168 ld
1808 4052 1951 4195 ffissud

152 4217 329 4292 enimvero
344 4219 553 4304 adversarii,
571 4221 774 4315 utquisque
791 4221 949 4293 lesuitas
976 4221 1233 4294 aversabantur
1250 4220 1415 4304 maxime,
1435 4221 1487 4290 ita
1499 4219 1660 4294 ferebant
1673 4219 1782 4292 mole·

152 4345 327 4432 atissime;
349 4348 487 4420 tametsi
505 4348 555 4432 hi,
576 4355 611 4419 et
624 4355 749 4441 suapte
762 4346 948 4431 modestia,
964 4352 1000 4420 et
1027 4341 1164 4415 Claudii
1183 4343 1329 4427 monitu,
1346 4343 1397 4414 ita
1417 4364 1482 4414 sua
1508 4344 1783 4416 moderabantur

158 4471 285 4558 officia,
301 4479 352 4555 ut,
374 4471 545 4545 offerente
563 4495 602 4545 se
615 4473 720 4545 etiam
740 4472 846 4558 ultro,
863 4473 1081 4568 benignitate
1096 4472 1270 4567 Principis
1285 4481 1320 4545 et
1336 4475 1588 4547 consuetudine
1606 4483 1789 4548 uterentur

159 4621 265 4692 quam
281 4598 487 4694 parcissime
505 4624 512 4670 :
529 4621 609 4692 quae
626 4599 768 4671 interim
782 4601 936 4672 muneris
953 4600 1069 4672 forent
1083 4601 1150 4685 sui,
1179 4600 1317 4674 obirent
1333 4608 1497 4690 streuue;
1517 4603 1555 4675 in
1569 4606 1787 4678 occasionem

159 4723 345 4818 religionis
363 4725 605 4818 propagandae
618 4723 743 4795 intenti
761 4725 926 4811 maxime,
943 4723 1074 4796 nullam
1100 4725 1240 4821 profani
1256 4734 1394 4820 partem
1407 4729 1542 4824 negotii
1555 4703 1785 4824 attingerent:

160 4870 336 4920 memores
350 4847 514 4942 denique,
535 4849 570 4919 in
595 4871 637 4922 ea
655 4855 756 4920 tanta
775 4873 813 4923 se
834 4851 1044 4922 constitutos
1069 4874 1148 4924 esse
1173 4852 1265 4939 luce,
1288 4854 1449 4926 omnibus
1479 4855 1524 4927 ad
1559 4857 1668 4928 vitam
1693 4863 1789 4930 recte

161 4971 417 5047 instituendam
442 4972 613 5066 exemplis
646 4973 718 5044 suis
745 4973 991 5066 praelucerent.
1022 4976 1217 5070 Propterea
1244 4977 1323 5071 pius
1339 5001 1404 5050 rex
1436 4978 1569 5051 arctius
1587 4981 1789 5074 arctiusque

161 5097 349 5190 complecti
367 5096 513 5180 Socios,
530 5103 565 5169 et
583 5097 794 5170 Societatem
809 5098 979 5169 adversus
998 5100 1187 5194 injuriosos
1200 5102 1326 5197 opibus
1338 5101 1431 5175 tueri
1447 5105 1621 5176 omnibus.

216 5221 364 5317 Derpati
392 5243 413 5292 e
443 5243 508 5294 suo
526 5221 685 5315 Collegio
704 5222 797 5294 Socii
815 5222 1062 5295 desiderarunt
1084 5223 1126 5294 P.
1142 5224 1316 5297 loannem
1342 5224 1565 5311 Fumarium,
1585 5229 1701 5300 virum
1714 5252 1792 5300 cum
