4906 6642
706 811 815 872 ursas
837 811 974 872 suiuus
998 811 1210 887 (raca-asro),
1716 803 1757 868 35

151 992 367 1090 «magnificis
383 1012 551 1089 peraequa
567 999 623 1066 est
640 992 766 1088 portio.
787 993 867 1066 Rex
885 991 1030 1066 Polouis
1047 1015 1092 1066 ex
1109 992 1253 1065 arbitrio
1271 1015 1279 1062 :
1301 990 1373 1064 suis
1395 989 1527 1062 scilicet
1551 988 1663 1062 lectus
1680 989 1752 1062 sul·
1777 987 1841 1043 1569

151 1119 315 1215 «hagiis;
336 1117 464 1214 quique
480 1116 603 1213 praesit
625 1116 770 1204 civibus,
790 1139 862 1190 non
886 1117 1047 1212 imperet.
1073 1119 1196 1214 ltaque
1213 1116 1308 1188 haud
1322 1114 1408 1198 scio,
1432 1115 1550 1186 utrubi
1573 1135 1647 1186 suae
1672 1112 1753 1210 plus

151 1276 165 1307 ι
181 1245 271 1340 genti
287 1243 402 1317 laudis
420 1267 427 1314 :
449 1241 542 1338 quod
560 1264 682 1336 regem
699 1241 765 1314 sibi
780 1241 916 1336 eligant
933 1240 1072 1325 Poloni,
1089 1265 1135 1314 an
1152 1243 1246 1339 quod
1263 1265 1306 1315 ex
1319 1240 1406 1336 ipsis
1420 1239 1629 1314 electoribus
1642 1238 1759 1333 quivis

151 1399 165 1430 ι
181 1391 237 1444 rex
253 1389 330 1442 esse
348 1367 471 1461 possit.
501 1365 623 1438 Electo
641 1389 664 1437 a
681 1388 719 1439 se
737 1365 886 1462 principi
909 1389 950 1439 ea
968 1365 1135 1440 exhibent
1159 1366 1286 1451 officia,
1307 1387 1387 1460 quae
1414 1364 1530 1439 media
1552 1371 1634 1436 sunt
1657 1364 1756 1436 obse·

152 1495 348 1589 «quentiam
364 1492 456 1566 iuter
474 1499 510 1564 et
527 1491 751 1576 servitutem3
772 1499 880 1585 utque
911 1490 943 1564 ei
977 1490 1132 1563 subdunt
1161 1513 1199 1563 se
1228 1495 1352 1586 sponte
1383 1512 1460 1576 sua,
1480 1490 1530 1564 sic
1554 1488 1752 1585 imperium,

151 1619 264 1714 «quod
282 1617 519 1715 tyrannicum,
542 1616 635 1710 quod
661 1615 798 1709 regium
824 1615 882 1701 sit,
903 1613 977 1710 pati
1002 1615 1098 1687 haud
1127 1621 1299 1711 possunt:
1319 1613 1408 1686 nihil
1424 1615 1543 1709 itaque
1560 1637 1624 1688 rex
1640 1621 1757 1709 potest

153 1743 376 1827 adseruare,
398 1741 489 1836 quod
507 1739 594 1812 civis
612 1737 738 1812 Poloni
755 1739 966 1811 immunitati
982 1738 1125 1812 officiat.
1148 1771 1165 1805 a
1186 1741 1228 1811 ln
1252 1760 1330 1811 eam
1347 1761 1422 1812 rem
1439 1739 1629 1812 constituta
1650 1738 1757 1811 Sena·

150 1865 219 1940 terii
233 1873 268 1940 et
284 1865 468 1960 Equestris
486 1863 627 1936 Ordinis
645 1862 813 1949 cousiha;
833 1863 870 1934 in
888 1861 1014 1958 quibus
1039 1861 1210 1959 quidlibet
1232 1861 1387 1955 negandi
1405 1869 1465 1934 aut
1481 1861 1657 1935 statuendi
1681 1862 1757 1934 uni·

150 1990 270 2084 cuique,
290 1990 350 2084 qui
366 2012 411 2061 ex
427 1987 574 2062 concilio
592 1989 650 2071 sit,
673 1995 826 2082 potestas
843 1987 1001 2080 integra;
1022 2009 1086 2059 rex
1103 1994 1209 2082 caput
1226 1991 1293 2070 est,
1314 2007 1442 2080 corpus
1468 1991 1632 2071 senatus;
1652 1985 1757 2080 hujus

151 2137 220 2210 pars
231 2114 392 2209 princeps
405 2111 581 2208 episcopi;
601 2119 706 2210 atque
720 2111 757 2184 hi
771 2110 912 2206 quidem
929 2111 1031 2204 pauci
1048 2167 1056 2196 ,
1076 2117 1116 2183 ut
1133 2109 1192 2205 qui
1209 2109 1280 2182 sint
1292 2115 1546 2205 praepotentes;
1567 2108 1758 2182 secundum

150 2237 205 2310 hos
228 2237 386 2333 palatini,
406 2236 500 2332 iique
516 2235 649 2332 plures,
669 2243 721 2308 tot
739 2235 883 2321 scilicet,
903 2239 987 2330 quot
1004 2235 1154 2331 majores
1170 2234 1374 2330 provinciae,
1392 2234 1430 2306 in
1448 2257 1533 2329 quas
1548 2233 1758 2307 universitas

151 2360 238 2456 regui
253 2361 432 2434 dividitur.
459 2360 644 2434 Palatinos
675 2365 938 2455 consequuntur
964 2357 1162 2447 castellani,
1191 2359 1296 2432 certis
1322 2357 1525 2454 regionibus
1553 2357 1755 2454 praepositi;

149 2483 205 2558 hos
220 2483 368 2580 denique
385 2484 537 2558 ministri
554 2492 667 2558 status
685 2490 752 2558 etc.
1842 2557 1875 2614 18

190 2609 251 2682 His
267 2608 372 2697 adde,
392 2631 471 2705 quae
489 2609 533 2682 de
551 2607 695 2681 Polonis
714 2608 748 2702 (1)
766 2610 809 2681 Ρ.
831 2609 1033 2683 Nidendorf
1049 2629 1239 2704 germanus
1262 2614 1383 2681 noster
1408 2607 1444 2679 in
1470 2628 1575 2702 opere
1595 2629 1658 2679 suo
1676 2629 1758 2702 geo·
1782 2639 1853 2694 h„
1867 2599 1915 2692 130·

150 2733 324 2829 graphica:
349 2763 366 2796 κ
386 2755 590 2828 generosos,
610 2732 736 2827 inquit,
758 2733 901 2827 spiritus
931 2734 974 2806 ab
1004 2733 1090 2830 ipsis
1115 2754 1205 2828 pene
1236 2733 1419 2805 cunabulis
1445 2731 1614 2804 hauriunt
1631 2728 1757 2804 Poloni
1782 2713 1900 2848 ¹&ng

152 2855 331 2944 “nobilem
351 2856 476 2952 quibus
501 2857 663 2952 precaria
679 2857 753 2929 vita
769 2879 863 2929 mors
881 2857 1015 2954 quaevis
1032 2856 1167 2952 poti0r;
1187 2856 1333 2930 libertas
1353 2864 1388 2930 et
1404 2857 1478 2928 vita
1498 2856 1622 2929 eodem
1648 2877 1756 2950 passu

151 2979 366 3055 ‘ambulant
386 2981 572 3075 Nusquam
596 2980 761 3054 nobilitas
777 2981 995 3068 honoratior,
1021 3003 1195 3076 nusquam
1211 2979 1416 3054 liberalibus
1434 2979 1626 3074 disciplinis
1642 2977 1758 3074 magis

151 3130 166 3162 ι
181 3103 323 3204 exculta,
345 3126 519 3199 nusquam
536 3104 724 3200 potentior.
747 3105 842 3184 Quos
859 3105 938 3200 ipsa
954 3106 1098 3192 creavit,
1113 3105 1258 3200 regibus
1265 3105 1350 3199 jura
1362 3103 1572 3199 praescribit.
1593 3102 1676 3174 Una
1688 3125 1758 3173 vox

150 3227 353 3300 «omnium
375 3228 522 3314 servire,
545 3227 752 3322 ignavorum
770 3227 975 3306 animalium
991 3237 1058 3318 est,
1079 3235 1115 3304 et
1139 3229 1344 3324 subjugum
1360 3227 1465 3300 mitti.
1490 3227 1573 3300 Non
1594 3225 1760 3299 sortimur

150 3351 386 3440 ‘libertatem
413 3353 475 3426 sed
492 3353 723 3426 communiter
752 3354 955 3449 accipimus.
973 3355 1087 3434 Quam
1103 3353 1241 3427 fortiter
1258 3359 1353 3426 stent
1379 3374 1445 3450 pro
1469 3351 1539 3426 fide
1569 3350 1756 3439 catholica,

150 3502 164 3533 ⁸
180 3483 323 3550 testabar
339 3477 519 3551 districtus
533 3477 598 3550 sub
612 3475 807 3573 Evangelio
825 3477 976 3573 gladius,
998 3486 1064 3552 etc.
1076 3513 1093 3545 a
1111 3478 1166 3550 lta
1182 3476 1316 3550 scilicet
1329 3476 1527 3571 superiores
1541 3476 1609 3548 aevi
1621 3483 1759 3548 nostra-

146 3607 191 3672 tes
217 3601 424 3698 religionem
451 3600 660 3676 catholicam
684 3599 844 3676 solebant
872 3601 1043 3698 profiteri.
1065 3601 1112 3673 Et
1124 3601 1255 3675 Sfortia
1274 3601 1527 3688 Pallavicinus,
1543 3623 1563 3674 e
1581 3601 1759 3675 Societats

145 3723 321 3798 cardinalis
350 3725 414 3822 (a):
439 3754 455 3786 a
472 3725 598 3821 ecquid
615 3724 779 3810 Polonia,
812 3725 1026 3822 Polonisque
1056 3726 1200 3821 regibus
1230 3724 1423 3820 vectigales
1453 3724 1646 3821 provinciae
1675 3725 1757 3798 huic

149 3849 352 3923 -sodalitati
382 3849 568 3945 propitiael
599 3849 741 3944 Dispice
760 3849 995 3923 ¹Academiam
1012 3850 1321 3946 praeclarissimam
1350 3850 1574 3938 Vilnensem,
1608 3873 1628 3922 a
1655 3848 1762 3921 nobis·
1783 3887 1854 3942 usus
1865 3887 1931 3940 m„

147 3973 476 4047 administratam:
496 3973 629 4068 dispice
658 3981 712 4047 tot
740 3973 896 4068 insignia
926 3975 1097 4070 Collegia,
1116 3981 1169 4048 tot
1194 3974 1383 4070 magnifica
1408 3973 1553 4070 templa,
1574 3997 1653 4070 quae
1670 3972 1758 4044 inibi
1783 3962 1927 4097 ffifll'fl·

146 4097 406 4190 «possidemus.
429 4097 570 4181 Quaere,
590 4120 676 4168 num
702 4097 903 4192 Stephanus
928 4097 1140 4186 Bathoreus‚
1171 4098 1410 4195 Stephanique
1436 4119 1618 4171 successor
1644 4095 1757 4190 Sigis·
1843 4085 1882 4228 la·

145 4223 323 4294 ¹‘mundus
341 4222 408 4306 ΙΙΙ,
429 4221 585 4316 antiquae
610 4221 752 4316 pietatis
769 4222 806 4293 in
824 4221 1041 4317 amplissimo
1068 4223 1228 4296 Poloniae
1252 4247 1378 4319 regno,
1398 4223 1566 4296 haeretica
1588 4220 1757 4315 supersti-
1783 4248 1854 4304 naus
1876 4213 1931 4304 'Re-

142 4345 265 4416 chone
295 4345 482 4440 discerpto,
514 4353 739 4440 reparatores
768 4346 900 4430 eximii,
928 4369 992 4442 per
1017 4346 1107 4419 alios
1124 4346 1253 4420 milites
1280 4347 1497 4443 frequentius
1533 4336 1597 4418 aut
1619 4343 1756 4417 felicius
1782 4331 1934 4464 {3⁰¹³OEsp

142 4474 379 4541 «novatorum
395 4469 536 4564 agmina
561 4469 841 4564 profligaverint.
862 4469 919 4541 An
945 4493 1017 4542 non
1042 4471 1123 4566 ipsi,
1144 4495 1189 4544 an
1207 4494 1277 4543 uon
1304 4470 1452 4565 reginae,
1473 4493 1516 4542 an
1535 4492 1606 4540 non
1622 4467 1755 4562 regalis

142 4593 391 4688 rSigismundi
420 4593 560 4666 soboles
585 4617 629 4667 ex
654 4601 777 4666 nostra
808 4593 984 4668 Societate
1006 4595 1074 4666 sibi
1105 4596 1226 4690 legere
1257 4601 1514 4669 consueverunt
1531 4593 1756 4667 conscientiae

140 4718 420 4802 «moderatores,
443 4741 486 4790 ac
502 4718 614 4790 divini
635 4718 734 4790 verbi
751 4719 952 4813 praeconesl
973 4719 1066 4799 Quid
1088 4719 1206 4793 multis
1225 4744 1313 4816 opus
1327 4722 1406 4793 estl
1431 4719 1645 4792 faustissime
1664 4718 1757 4814 ejus-

144 4840 251 4916 ·dem
275 4843 468 4940 progenies
494 4843 688 4916 Casimirus
709 4841 821 4938 (cujus
847 4865 961 4938 nuper
992 4843 1219 4938 inauguratio
1250 4843 1411 4916 Poloniae
1427 4867 1564 4939 pacem,
1595 4843 1760 4938 religioni

170 5013 210 5096 (Ι)
231 5018 265 5076 V.
284 5021 314 5078 in
326 5019 488 5096 Appendice
499 5016 549 5078 lib.
565 5021 593 5080 5.
604 5018 667 5078 Vid.
683 5023 819 5092 praeterea
836 5017 898 5090 eius
912 5019 1026 5090 generis
1038 5019 1111 5092 apud
1128 5019 1264 5076 Thomam
1280 5017 1407 5091 Bozium,
1424 5017 1613 5098 Eugubinum‚
1633 5017 1762 5093 Congre-

136 5125 245 5192 sah'ouia
278 5125 403 5186 oratorii
419 5128 625 5203 presbyterum,
640 5111 676 5185 de
692 5124 787 5204 Signis
801 5123 938 5184 Ecclesia
964 5127 1031 5184 tomi
1046 5124 1177 5201 secundi,
1193 5127 1281 5201 partis
1306 5127 1422 5185 alterius
1450 5128 1499 5184 lib.
1531 5127 1582 5201 al,
1598 5141 1660 5200 cap.
1679 5127 1707 5187 7.
1722 5156 1761 5170 -

136 5225 171 5305 lit
190 5231 219 5292 ln
228 5235 468 5296 vindicationibus
481 5235 632 5296 societatis
646 5229 727 5311 Jesu,
741 5248 804 5308 cap.
823 5233 875 5295 ult.
892 5247 958 5311 pag.
973 5233 1043 5291 ⁴01.
