4896 6650
663 777 772 838 urana
795 777 983 837 SECUNDUS
1002 776 1214 854 (ssu-isso).
1737 770 1777 836 73

98 1005 103 1014 ·
156 963 371 1038 «videaur.
402 965 479 1046 Quo
512 972 627 1037 actum
655 972 720 1050 est,
750 972 790 1038 ut
825 964 959 1037 Hosius
991 964 1067 1038 orbi
1098 964 1291 1037 christiano
1315 963 1421 1038 valde
1453 986 1601 1058 magnus
1636 965 1774 1036 esset...
1806 963 1870 1020 1579

159 1120 176 1150 ⁶⁶
198 1092 412 1164 Caeterorum
437 1097 569 1164 mortes
594 1087 764 1184 privatos,
793 1089 872 1161 haec
888 1111 959 1160 una
977 1109 1197 1160 communem
1219 1087 1406 1183 quemdam
1431 1085 1562 1160 luctum
1588 1086 1626 1157 in
1652 1083 1780 1156 animis
1830 1073 1838 1104 ²

159 1247 176 1276 a
197 1204 332 1311 piorum
350 1215 527 1288 excitavit.
550 1215 606 1286 Ex
622 1237 769 1309 quorum
788 1237 855 1308 ego
881 1213 1009 1286 litteris
1028 1218 1063 1283 et
1090 1210 1189 1284 libris
1213 1212 1364 1284 ducenta
1380 1210 1454 1283 fere
1471 1210 1672 1283 testimonia
1689 1232 1779 1304 prae·

164 1370 179 1400 a
201 1339 310 1425 clara,
338 1363 417 1411 cum
434 1338 543 1411 animi
567 1338 637 1410 mei
661 1337 855 1432 voluptate,
875 1336 1023 1430 collegi;
1052 1335 1178 1430 quibus
1195 1334 1260 1420 illi,
1278 1335 1380 1430 quasi
1397 1332 1657 1428 conspiratione
1673 1331 1777 1419 facta,

160 1464 306 1537 «totius
333 1463 449 1535 laudis
478 1471 514 1536 et
538 1461 664 1558 gloriae
689 1463 938 1558 principatum,
969 1483 1048 1534 cum
1076 1461 1114 1532 in
1139 1458 1236 1531 cultu
1263 1459 1403 1555 pietatis
1423 1465 1498 1530 tum
1518 1459 1555 1529 in
1573 1457 1781 1530 excellentia

158 1619 174 1648 ι
196 1585 380 1672 doctrinae,
397 1587 604 1660 attribuunt.
632 1586 704 1659 Alii
717 1586 917 1660 columnam
943 1584 1113 1672 Ecclesiae
1138 1589 1279 1668 vocant,
1307 1581 1369 1655 alii
1396 1589 1641 1654 ornamentum
1667 1581 1779 1656 Colle·
1870 1635 1873 1642 -

158 1743 174 1774 κ
196 1713 248 1808 gii
275 1711 515 1785 Cardinalium
544 1711 650 1794 sacri,
675 1711 737 1782 alii
764 1709 988 1806 splendorem
1014 1708 1123 1780 euriae
1148 1708 1331 1792 Romanae,
1361 1706 1423 1779 alii
1447 1706 1646 1802 polonicum
1675 1706 1779 1802 patri·

160 1868 177 1897 c
198 1837 354 1922 archam,
375 1835 437 1908 alii
461 1857 580 1907 senem
598 1825 681 1910 vere
697 1834 1010 1918 Abrahamiticum
1032 1833 1093 1904 alii
1118 1831 1285 1905 malleum
1308 1831 1568 1914 haereticorum,
1589 1830 1651 1914 alii
1668 1807 1781 1918 nostri

153 1959 361 2054 «temporis
390 1958 626 2054 Augustinum
654 1958 893 2054 appellant...
925 1958 1051 2051 Neque
1078 1956 1165 2028 mihi
1195 1956 1231 2026 in
1257 1958 1324 2028 hoc
1356 1955 1616 2052 praedicationis
1648 1980 1780 2051 genere

145 2115 163 2145 α
184 2082 502 2180 pertimescendum
516 2105 594 2155 esse
607 2083 759 2167 videtur,
784 2105 829 2154 ne
848 2081 1241 2176 dulcedinediuturnae,
1257 2103 1337 2175 quae
1353 2079 1440 2151 mihi
1453 2103 1531 2152 cum
1546 2079 1656 2152 Hosio
1671 2081 1779 2153 inter-

155 2241 172 2272 κ
193 2210 312 2295 cessit,
333 2209 598 2282 consuetudinis
624 2208 804 2292 delinitus
825 2209 994 2280 libentius
1019 2207 1098 2278 haec
1124 2205 1242 2276 omnia
1265 2204 1462 2300 praedicare
1485 2204 1528 2276 de
1553 2206 1614 2277 illo
1641 2207 1775 2291 ridear,

147 2361 164 2396 u
185 2357 289 2431 quam
305 2334 444 2419 verius;
465 2357 544 2406 cum
561 2333 612 2405 ita
634 2333 840 2416 communis,
861 2332 911 2404 ita
929 2338 1114 2414 constans,
1135 2329 1186 2402 ita
1203 2317 1374 2425 perpetua
1391 2329 1437 2400 sit
1452 2329 1606 2416 omnium
1622 2331 1665 2404 de
1682 2329 1777 2404 illius

147 2489 163 2520 κ
185 2459 318 2556 pietate
339 2458 470 2553 opinio,
492 2466 531 2529 ut
549 2458 614 2531 etsi
630 2457 847 2552 praecipuum
864 2477 943 2529 esse
972 2478 1089 2527 meum
1115 2477 1198 2548 erga
1223 2439 1323 2526 illum
1349 2453 1504 2542 studium
1530 2477 1621 2541 esse.
1634 2454 1774 2543 debeat,

151 2617 167 2646 u
188 2607 279 2680 pene
296 2591 416 2656 tamen
435 2583 620 2678 aequaliter
637 2607 716 2655 cum
735 2582 874 2655 caeteris
887 2581 1050 2653 videatur
1064 2580 1210 2652 versari.
1228 2578 1346 2674 Atque
1363 2579 1420 2651 his
1435 2602 1501 2675 ego
1514 2579 1656 2676 interim
1670 2583 1776 2656 rebus

149 2743 165 2773 α
187 2718 225 2784 et
249 2709 521 2804 cogitationibus
547 2708 584 2779 in
611 2708 679 2780 hac
702 2707 853 2780 orbitate
884 2729 963 2778 mea
993 2728 1049 2778 me
1079 2704 1271 2778 consolor:
1293 2705 1387 2800 quod
1414 2705 1620 2799 amplissimi
1648 2707 1776 2802 quique

150 2866 167 2896 κ
190 2843 297 2930 atquo
314 2833 438 2929 optimi
455 2832 521 2905 viri
540 2832 584 2903 de
603 2831 714 2904 Hosio
732 2838 854 2903 nostro
873 2831 1075 2926 opinantur,
1096 2852 1168 2901 non
1185 2851 1287 2902 secus
1303 2852 1346 2901 ao
1364 2829 1407 2902 de
1431 2829 1573 2903 homine
1596 2853 1616 2904 c
1635 2831 1724 2904 coelo
1742 2833 1779 2905 in

148 2989 164 3020 a
189 2967 323 3031 terram
339 2957 387 3028 ad
405 2955 555 3030 salutem
574 2955 780 3050 reipublicae
799 2945 1002 3027 christianae
1019 2953 1165 3048 delapso
1182 2977 1189 3024 :
1206 2976 1336 3027 voce...
1358 2955 1419 3027 Me
1436 2955 1530 3048 quod
1544 2955 1691 3042 attinet,
1712 2957 1778 3030 etsi

148 3115 163 3145 a
186 3082 276 3154 mihi
293 3080 473 3154 secretarii
493 3088 528 3152 et
544 3080 727 3153 familiaris
745 3101 873 3152 numen
892 3102 986 3150 mors
1004 3078 1081 3171 ejus
1108 3078 1266 3170 abstulit,
1288 3078 1420 3150 cultum
1436 3086 1555 3151 tamen
1576 3102 1664 3175 erga
1680 3080 1780 3154 illum
1841 3137 1845 3146 .

149 3238 166 3269 a
188 3215 227 3280 et
253 3206 517 3281 observantiam
546 3213 582 3279 et
608 3206 785 3278 diuturnae
811 3203 1073 3276 consuetudinis
1104 3204 1149 3275 ad
1182 3201 1439 3276 benevolentiae
1475 3205 1680 3278 memoriam
1708 3229 1780 3282 non

152 3362 170 3393 a
194 3311 352 3404 ademit:
370 3330 571 3425 quominus
589 3352 667 3402 eam
684 3336 821 3422 tantam
838 3327 1005 3423 pietatem
1022 3335 1057 3399 et
1075 3327 1297 3422 sapientiam,
1319 3334 1392 3400 tam
1409 3328 1611 3401 inusitatam
1629 3330 1778 3405 clemen·

150 3487 168 3519 «
191 3460 295 3537 tiam,
312 3462 386 3528 tam
414 3454 608 3527 ferventem
634 3454 856 3539 charitatem,
885 3460 959 3525 tam
977 3475 1096 3525 raram
1121 3452 1372 3538 humilitatem,
1400 3462 1538 3527 tantum
1564 3455 1714 3552 denique
1743 3457 1780 3528 in

148 3613 165 3643 a
189 3603 326 3674 magna
346 3585 535 3674 potestate
549 3601 667 3652 rerum
683 3578 838 3650 omnium
852 3578 994 3649 modum
1012 3577 1140 3650 tacitus
1153 3577 1248 3673 apud
1265 3569 1308 3651 te
1320 3579 1503 3674 praeterire
1520 3581 1706 3675 potuerim.
1722 3581 1780 3656 Ad

146 3739 164 3768 a
188 3712 391 3778 extremum
408 3697 527 3775 autem
545 3709 580 3775 te
602 3701 709 3774 etiam
735 3709 840 3796 atque
867 3701 970 3774 etiam
995 3709 1095 3797 peto;
1124 3709 1354 3797 posteaquam
1380 3726 1436 3775 me
1465 3703 1679 3778 calamitatis
1704 3706 1807 3799 ejus·

145 3862 163 3893 ι
186 3827 381 3902 acerbitate
398 3826 449 3897 ita
466 3825 617 3898 fractum
634 3848 676 3898 ac
694 3825 868 3920 dejectum
882 3847 960 3898 esse
978 3825 1089 3909 vides,
1105 3832 1145 3897 ut
1162 3848 1233 3896 non
1251 3825 1366 3902 solum
1386 3826 1493 3898 animi
1513 3829 1575 3899 sed
1601 3835 1637 3900 et
1661 3813 1792 3901 vultus

143 3987 161 4016 a
183 3962 224 4028 et
239 3952 369 4024 frontis
393 3958 429 4023 et
449 3949 629 4024 oculorum
658 3950 872 4023 hilaritatem
901 3951 938 4022 in
967 3949 1218 4044 sempiternum
1250 3957 1388 4045 tempus
1419 3951 1614 4038 amiserim;
1646 3976 1692 4024 ne
1722 3953 1779 4025 me

145 4110 163 4140 κ
191 4074 496 4150 consolationibus
513 4075 584 4147 tuis
602 4075 868 4170 orationumque
886 4073 1092 4145 destitutum
1109 4073 1287 4167 praesidiis
1306 4073 1481 4169 relinquas
1503 4100 1510 4146 :
1532 4077 1594 4148 sed
1612 4076 1678 4150 has
1695 4077 1797 4149 vitae·

145 4235 163 4265 u
186 4209 325 4275 nostrae
349 4201 528 4283 tenebras,
548 4198 606 4273 vel
623 4199 740 4294 potius
758 4199 864 4270 istum
881 4203 1042 4294 nostrum
1064 4217 1256 4282 carcerem,
1278 4199 1348 4270 imo
1366 4205 1514 4271 mortem
1539 4197 1644 4272 funus
1671 4207 1706 4272 et
1727 4199 1778 4271 ci-

145 4359 164 4390 «
189 4348 311 4410 neres,
332 4345 412 4396 cum
434 4322 479 4394 ad
493 4321 606 4395 altare
625 4324 692 4397 Dei
710 4324 862 4409 steteris,
879 4323 916 4394 in
934 4321 1112 4396 sacrificiis
1130 4321 1200 4393 tuis
1219 4321 1315 4394 illius
1333 4322 1490 4403 Bonitati
1507 4325 1776 4402 commendes...

143 4483 162 4514 a
190 4452 275 4545 Ego
291 4445 447 4521 vicissim
465 4446 529 4518 tibi
546 4447 745 4542 impendam
762 4447 943 4521 charitatis
961 4446 1113 4520 officium
1137 4446 1232 4541 apud
1251 4447 1474 4520 venerandos
1497 4447 1562 4521 SS.
1593 4446 1778 4542 Apostolo-

144 4603 163 4634 α
188 4553 273 4644 rum
290 4571 437 4643 cineres.
460 4569 587 4642 Romae
612 4592 734 4643 mense
761 4571 938 4644 decembri
968 4570 1073 4664 1579.
1104 4605 1120 4635 s

200 4695 292 4770 Haec
313 4695 358 4768 de
384 4718 448 4767 suo
474 4702 666 4790 nostroque
691 4695 802 4768 Hosio
830 4692 1028 4766 Stanislaus
1054 4693 1220 4782 Roscius,
1250 4694 1537 4790 religiosissimus
1563 4698 1618 4769 vir
1643 4721 1686 4771 ac
1703 4724 1781 4794 per·

141 4845 256 4921 quarn
273 4820 445 4896 eruditus.

200 4947 250 5021 At
269 4949 312 5021 de
330 4945 667 5020 Resciocardinalis
682 4945 859 5046 Baronius
877 4945 914 5016 in
927 4945 1097 5042 suistadi
1113 4943 1245 5015 mensis
1263 4942 1348 5014 maii
1365 4941 1483 5016 uotis:
1508 4973 1524 5004 κ
1547 4945 1779 5035 stanislaum,
1825 4985 1829 4994 ·
1865 4978 1905 5034 33,

151 5106 170 5135 a
190 5051 325 5168 inquit,
345 5071 512 5146 Reseium
531 5073 567 5146 S.
589 5070 700 5143 ΚΕ.
725 5071 1017 5166 protonotarium,
1034 5073 1156 5167 optimi
1169 5072 1264 5146 illius
1283 5081 1390 5167 atque
1407 5073 1600 5147 doctissimi
1615 5076 1782 5150 Stanislai
1806 5059 1894 5115 &⁸⁰55
1929 5045 1931 5050 V

159 5231 180 5260 α
206 5195 395 5270 cardinalis
412 5195 604 5282 alumnum,
619 5196 664 5268 ob
680 5217 815 5298 morum
834 5196 1016 5290 egregiam
1029 5195 1267 5291 integritatem
1286 5207 1321 5269 et
1346 5195 1523 5292 insignem
1552 5200 1784 5274 eruditionem
1805 5139 1873 5193 rsus.

1495 5322 1651 5394 Ιιο
