4948 6654
624 823 683 889 156
1014 827 1289 889 LlTUANlCdliUlll
1312 828 1524 890 soclnsnrls
1545 827 1631 890 JESU
1655 826 1910 889 fflssonlnsuu

453 1022 516 1078 1588
625 1013 722 1107 apud
738 1012 964 1098 domesticos,
983 1021 1058 1086 tum
1085 1014 1179 1109 apud
1197 1021 1363 1089 externos
1396 1013 1654 1089 existimatione
1670 1014 1868 1086 sanctitatis
1885 1013 2079 1109 praecipua.
2097 1011 2259 1088 Sedecim

452 1182 482 1236 p·
499 1106 595 1235 dbis·
625 1161 737 1211 annos
751 1141 872 1234 exegit
883 1140 978 1213 inter
991 1140 1126 1226 Socios,
1142 1141 1179 1212 in
1197 1140 1387 1212 multorum
1399 1133 1567 1211 itinerum
1584 1143 1620 1209 et
1632 1136 1791 1209 laborum
1807 1136 1978 1231 patientia
1995 1162 2004 1221 ;
2025 1142 2132 1210 aetate
2148 1137 2257 1210 etiam

451 1275 564 1392 ἓξὲξ·
624 1265 732 1350 fessa,
753 1290 833 1361 quae
848 1267 1040 1362 requietem
1066 1268 1276 1363 postularet,
1309 1269 1439 1362 agendi
1469 1265 1613 1348 utiliter,
1644 1270 1680 1335 et
1705 1261 1932 1334 addiscendae
1958 1260 2095 1333 interea
2120 1261 2257 1356 linguae

452 1421 571 1490 nespas.
624 1388 800 1474 livonicaa
816 1414 885 1484 quo
902 1390 1063 1486 pluribus
1080 1391 1191 1465 ferret
1210 1415 1325 1487 opem,
1346 1392 1571 1486 percupidus.
1593 1386 1734 1458 Primus
1750 1385 1810 1456 hic
1824 1384 1938 1458 Sociis
1952 1385 1988 1455 in
2007 1383 2169 1469 Livonia,
2188 1384 2256 1458 sibi

451 1593 482 1648 st
506 1514 546 1568 6⁰·
625 1515 859 1600 successuris,
892 1523 1006 1588 morte
1037 1539 1102 1588 sua
1128 1515 1327 1609 sepulcrum
1359 1515 1508 1612 aperuit.
1542 1510 1747 1605 Complures
1773 1507 1859 1580 alibi
1886 1531 1981 1580 mors
2012 1509 2186 1580 contrusit
2217 1506 2256 1580 in

451 1607 596 1728 effim-
623 1639 810 1734 puticulos.
830 1641 972 1737 Duplici
998 1642 1097 1715 aditu
1115 1642 1317 1737 pestilentia
1345 1645 1382 1717 in
1413 1644 1579 1738 regiones
1604 1646 1745 1710 nostras
1758 1635 1958 1731 penetravit
1974 1659 1983 1705 :
2000 1636 2045 1706 ah
2064 1635 2200 1708 oriente
2220 1635 2254 1707 in

448 1766 583 1884 ξέἷζῃξξζ
623 1763 791 1836 Russiam
808 1765 854 1836 ad
874 1765 1082 1839 inferiorem
1096 1765 1319 1838 Poloniama
1336 1766 1524 1839 Vallachia
1545 1791 1553 1837 :
1572 1767 1607 1836 in
1621 1763 1858 1858 Superiorem,
1879 1785 1922 1834 ac
1939 1762 2067 1835 deinde
2093 1761 2129 1832 in
2149 1762 2257 1835 Prus-

450 1907 596 1963 Brunsber-
623 1886 724 1972 siam,
745 1888 953 1974 Masoviam,
978 1899 1014 1963 et
1044 1889 1244 1962 Lituaniam
1271 1891 1458 1962 aGedauo
1488 1911 1552 1983 per
1569 1887 1798 1972 commercia;
1828 1887 2154 1982 Brunsbergenses,
2182 1888 2257 1982 jam

450 1989 596 2137 {ffffiffffi
624 2012 806 2107 superiore
834 2035 929 2086 anno
964 2021 1132 2098 tentatos,
1168 2016 1233 2086 hoc
1267 2037 1350 2087 vere
1383 2015 1528 2087 ineunte
1560 2013 1750 2106 corripuit;
1783 2011 1992 2094 Vilnenses,
2027 2010 2149 2084 adulto
2177 2013 2256 2106 jam

450 2146 565 2200 tereuna
623 2147 805 2211 autumno.
840 2138 979 2209 Horum
996 2137 1193 2232 Collegium
1218 2137 1482 2223 Academicum,
1504 2137 1659 2233 periculo
1677 2143 1811 2209 mature
1829 2143 2013 2231 occupato,
2046 2136 2083 2208 in
2114 2136 2256 2209 diversa

626 2263 850 2346 distractum;
881 2263 1001 2357 paucis
1027 2263 1065 2334 in
1094 2264 1180 2335 urbe
1198 2262 1344 2348 relictis
1366 2265 1412 2336 ad
1429 2249 1635 2358 praestanda
1667 2261 1850 2334 charitatis
1882 2261 1998 2333 officia
2024 2260 2255 2346 mortalibus;

627 2395 733 2480 atque
751 2384 788 2456 hi
802 2384 956 2478 quidem,
976 2407 1085 2480 opera
1103 2385 1241 2459 miseris
1257 2386 1429 2481 praeclare
1446 2388 1543 2471 data,
1559 2385 1694 2457 animas
1712 2383 1882 2479 periculis¹
1892 2385 2039 2456 devotas
2063 2383 2100 2455 in
2114 2383 2259 2457 tumulis

627 2510 844 2608 sepultorum
866 2533 888 2582 a
918 2533 957 2584 se
974 2511 1186 2606 profudere:
1213 2511 1266 2583 illi
1291 2533 1412 2585 omnes
1439 2511 1483 2583 ad
1515 2533 1636 2594 unum,
1667 2507 1864 2582 salubriore
1880 2511 1957 2604 jam
1987 2508 2258 2606 circumquaque

627 2636 729 2722 coelo,
752 2636 892 2708 domum
918 2635 964 2706 ad
984 2635 1188 2709 intermissa
1207 2659 1355 2710 munera
1389 2659 1510 2708 mense
1538 2632 1717 2708 februario
1736 2616 1875 2707 iediere
1898 2635 2106 2708 incolumes.
2127 2637 2169 2707 In
2183 2634 2256 2708 suis

625 2784 689 2856 per
713 2761 750 2831 id
783 2767 921 2854 tempus
956 2759 1094 2832 damnis
1123 2761 1358 2833 numerabant
1393 2759 1705 2852 Bruusbergenses
1741 2758 1921 2830 interitum
1956 2757 2030 2830 cari
2062 2758 2258 2854 patrissui

506 2929 546 2984 61.
624 2884 808 2956 duodecim
841 2878 954 2958 annos
985 2884 1145 2969 rectoris,
1179 2892 1330 2980 quatuor
1364 2884 1452 2956 ahos
1482 2884 1562 2956 aliis
1600 2880 1804 2953 muneribus
1841 2904 1920 2953 cum
1952 2880 2057 2954 laude
2087 2882 2258 2970 defuncti,

448 3012 576 3104 viduan-
602 3007 781 3103 ¹Philippi
805 3009 1077 3082 Vidmanstadii.
1108 3009 1224 3082 Natus
1255 3011 1291 3082 in
1318 3005 1458 3095 Suecia,
1491 3012 1620 3106 oppido
1646 3011 1681 3082 N
1684 3011 1860 3106 elligensi,
1890 3035 1912 3084 a
1941 3013 2091 3108 parvulo
2120 3012 2261 3085 honesti

448 3091 595 3228 fflsse,
624 3155 761 3217 amans,
791 3135 917 3208 studiis
942 3134 1083 3231 pietatis
1122 3135 1276 3218 deditus
1304 3135 1399 3208 laetae
1424 3135 1555 3208 indolis
1584 3135 1804 3222 adolescens,
1839 3143 1875 3210 et
1906 3138 1952 3210 ad
1983 3160 2087 3211 omne
2114 3138 2259 3210 virtutis

448 3252 597 3384 ffifflffl·
625 3256 821 3352 exemplum
848 3266 1073 3352 experrectus
1103 3283 1111 3330 :
1144 3258 1293 3332 Viennae
1316 3261 1352 3332 in
1379 3261 1526 3335 Austria
1550 3281 1644 3333 anno
1676 3259 1770 3334 1552
1795 3261 1832 3333 in
1862 3261 2084 3356 disciplinam
2119 3269 2259 3336 nostro·

624 3407 704 3456 rum
734 3382 899 3466 traditus,
920 3382 1080 3456 homines
1105 3384 1291 3457 Societatis
1317 3387 1425 3481 coepit
1443 3407 1672 3482 cognoscere,
1692 3408 1808 3458 mores
1835 3389 2029 3483 suspicere,
2058 3387 2153 3461 etin
2181 3387 2259 3459 dies

625 3531 742 3582 amare
766 3507 892 3602 magis.
910 3508 1012 3581 Nihil
1036 3509 1103 3581 hoc
1129 3509 1329 3582 mortalium
1355 3534 1487 3605 genere
1514 3522 1550 3586 et
1566 3512 1726 3585 instituto
1753 3513 1867 3588 visum
1893 3522 1947 3588 est
1973 3515 2040 3586 sibi
2060 3497 2256 3610 pulchrius·

625 3633 715 3706 Suos
740 3633 859 3727 itaque
885 3633 960 3727 ipse
986 3655 1104 3739 mores
1128 3633 1347 3709 conformare
1368 3637 1674 3712 :benevolentiam
1703 3639 1855 3710 Patrum
1881 3661 1944 3733 per
1975 3662 2040 3711 sua
2065 3645 2101 3712 et
2125 3639 2262 3713 littera-

624 3781 701 3830 rum
719 3766 754 3829 et
775 3757 916 3851 pietatis
940 3757 1057 3832 studia
1083 3757 1176 3831 serio
1203 3758 1401 3853 colligere:
1425 3761 1575 3857 denique
1602 3763 1663 3856 qui
1689 3785 1801 3856 nuper
1828 3785 1873 3836 ex
1899 3762 2155 3836 consuetudine
2181 3787 2261 3834 cum

624 3885 815 3982 gentilibus
839 3885 1017 3958 haereticis
1042 3886 1228 3981 religiosos
1259 3887 1518 3980 aspernabatur
1542 3887 1716 3974 homines,
1750 3899 1855 3985 atque
1881 3892 1970 3964 adeo
1987 3892 2112 3985 ‘ipsum
2138 3913 2262 3964 eorum

623 4011 824 4085 declinabat
841 4031 1037 4094 occursum,
1058 4010 1226 4084 Societati
1251 4010 1344 4082 ultro
1367 4033 1406 4083 se
1429 4009 1568 4084 offerre.
1590 4012 1785 4086 cunctante
1809 4014 1963 4109 praeside
1981 4014 2202 4109 provinciali,
2222 4016 2261 4087 in

623 4159 729 4210 cursu
748 4136 824 4229 ejus
851 4133 988 4206 consilii
1015 4135 1070 4206 sui
1098 4158 1197 4208 mora
1214 4135 1328 4208 omnis
1347 4136 1435 4208 adeo
1449 4135 1557 4230 longa
1582 4136 1659 4208 visa
1676 4145 1730 4210 est
1740 4138 1877 4232 juveni,
1906 4147 1945 4209 ut
1968 4161 2079 4234 prope
2107 4140 2264 4214 tabuerit

624 4258 813 4334 desiderio.
846 4259 979 4331 Factus
1010 4258 1161 4356 denique
1188 4262 1261 4333 voti
1287 4283 1429 4357 compos
1461 4263 1687 4336 isseretio
1714 4285 1827 4336 nonas
1853 4264 2013 4346 martias,
2030 4285 2122 4335 anno
2149 4265 2265 4338 aetatis

624 4407 698 4456 suae
724 4383 872 4479 septimo
898 4382 1047 4467 decimo,
1067 4405 1139 4456 non
1155 4405 1257 4457 secus
1273 4409 1316 4458 ac
1341 4384 1372 4456 si
1407 4393 1586 4459 recreatus
1612 4409 1631 4460 e
1653 4387 1774 4459 morbo
1803 4388 1904 4480 gravi
1930 4388 2067 4482 sibique
2100 4395 2259 4474 renatus,

626 4510 749 4582 hilaris
784 4510 879 4596 inde,
908 4510 1096 4604 animoque
1129 4511 1175 4582 ad
1210 4511 1328 4582 omnia
1372 4510 1549 4607 expedito,
1582 4511 1748 4583 traditam
1786 4511 1853 4584 sibi
1888 4534 1910 4582 a
1942 4511 2101 4583 tirocinio
2135 4513 2266 4584 artium

452 4689 516 4745 1589
627 4635 837 4730 optimarum
862 4633 956 4706 viam
982 4634 1097 4706 tenuit
1122 4634 1324 4729 diligenter.

506 4766 547 4822 62.
675 4759 765 4838 Quae
799 4780 863 4853 per
894 4758 1092 4854 hybernum
1125 4766 1262 4853 tempus
1298 4758 1444 4854 depulsa
1472 4759 1663 4855 frigoribus
1689 4761 1836 4845 abierat,
1864 4762 2008 4855 gravior
2038 4768 2130 4856 post,
2157 4762 2261 4856 junio

449 4851 580 4985 {pappa
623 4891 773 4960 exeunte
789 4882 874 4956 anni
904 4883 1008 4967 1589,
1029 4891 1154 4956 renata
1183 4885 1325 4957 vexavit
1347 4885 1536 4957 Vilnenses
1556 4885 1770 4977 pestilentia,
1791 4907 1917 4979 resque
1935 4909 1957 4957 a
1983 4885 2098 4958 Sociis
2116 4886 2260 4958 domum

452 5005 567 5077 gravio.
624 5009 791 5096 reversis,
811 5011 871 5081 vix
888 5008 970 5080 dum
988 5009 1151 5082 resarciri
1169 5011 1314 5102 coeptas,
1336 5008 1524 5104 plerasque
1541 5008 1587 5080 ad
1610 5031 1828 5083 communem
1853 5009 2147 5082 scholasticorum
2165 5007 2262 5081 utili-

603 5133 734 5212 'tatem
752 5139 796 5211 de
822 5139 962 5232 integro
982 5137 1172 5220 institutas,
1193 5136 1417 5211 disturbavit.
1439 5135 1545 5208 Haud
1576 5137 1635 5208 diu
1665 5136 1784 5230 itaque
1808 5159 1852 5209 aa
1875 5137 2057 5230 voluptate
2083 5137 2135 5209 uti
2159 5136 2261 5208 licuit

623 5263 797 5340 defunctis
814 5260 984 5357 periculo,
1013 5284 1117 5356 quarn
1135 5261 1201 5332 sibi
1218 5261 1275 5332 vel
1293 5267 1459 5333 revocata
1476 5258 1523 5329 ad
1549 5258 1704 5330 studium
1724 5260 1895 5354 juventus
1921 5262 2137 5344 academica,
2155 5257 2213 5332 vel
2232 5283 2254 5334 e
