4948 6654
628 884 688 950 176
1014 880 1289 941 ulvunulcnnuu
1311 881 1520 942 sociareris
1542 883 1626 942 lusu
1650 881 1901 942 utsvculnuun

450 1087 513 1141 1596
674 1099 690 1130 e
713 1070 762 1142 Ut
779 1070 902 1162 cuique
920 1064 1119 1138 mortalium
1136 1063 1237 1138 dulce
1257 1065 1370 1159 ipsum
1383 1071 1437 1136 est
1451 1065 1547 1158 pacis
1566 1088 1692 1138 nomen
1708 1072 1813 1158 atque
1828 1063 2038 1147 concordiae,
2059 1089 2141 1158 quae
2156 1067 2246 1139 mul-

449 1202 592 1295 Legatire·
626 1222 642 1252 a
663 1193 786 1288 tiJugis
811 1190 892 1263 boni
910 1189 1089 1260 fortunata
1118 1189 1310 1282 sitparens
1331 1187 1407 1259 :sic
1432 1188 1510 1281 regi
1528 1210 1665 1283 quoque
1691 1195 1812 1261 nostro
1841 1187 2078 1260 serenissimo.
2115 1189 2247 1262 Gratus

447 1287 578 1416 ffiiffim
625 1349 641 1380 u
663 1319 728 1390 fuit
757 1317 1002 1414 jucundusque
1020 1315 1160 1386 omnino
1189 1316 1221 1386 is
1251 1315 1409 1400 nuntius,
1443 1337 1544 1408 quern
1576 1314 1679 1385 annis
1710 1313 1838 1384 abhinc
1867 1311 1982 1382 tribus
2012 1314 2247 1386 evenerabili

446 1442 481 1494 ll⁸
495 1440 571 1493 diffl·
626 1473 642 1503 v
665 1445 771 1515 Patre
784 1438 1065 1533 metropolitam,
1087 1439 1131 1510 ab
1146 1438 1364 1510 antistitibus
1384 1438 1567 1522 universio,
1596 1445 1741 1532 atquea
1771 1436 1871 1508 vobis
1894 1435 2014 1520 etiam,
2037 1437 2247 1532 Leopolien·

445 1515 590 1652 ἓξέἔξξᾱῖἀ
625 1593 641 1624 ιι
663 1566 754 1636 sium
780 1571 815 1636 et
838 1561 1137 1633 Premisliensium
1166 1560 1332 1655 episcopi,
1354 1559 1515 1654 quodque
1541 1582 1604 1630 vos
1622 1559 1689 1652 ipsi
1706 1557 1833 1630 litteris
1846 1558 1972 1630 vestris
1996 1559 2243 1644 confirmastis,

445 1692 497 1731 ³¹¹¹·
624 1713 640 1744 α
661 1687 824 1781 princeps
850 1691 1055 1778 acceperat:
1077 1684 1113 1753 id
1131 1685 1261 1756 scilicet
1287 1685 1380 1777 apud
1407 1707 1469 1755 vos
1495 1685 1721 1755 constitutum
1740 1704 1830 1764 osse,
1849 1689 1887 1752 ut
1904 1703 1992 1774 gene
2009 1683 2100 1754 ritus
2114 1685 2237 1769 vestri,

627 1841 643 1871 κ
664 1835 777 1884 sacrae
790 1811 901 1905 regiae
914 1809 1091 1906 majestati
1107 1810 1276 1903 subjecta,
1293 1813 1338 1882 ad
1357 1811 1531 1883 Romana
1549 1811 1795 1882 auctoritatem
1813 1806 1996 1889 Ecclesiae,
2015 1807 2062 1878 ad
2075 1831 2246 1882 summum

628 1959 645 1992 v
666 1932 821 2026 ejusdem
853 1928 1071 2010 Pontificem,
1103 1935 1269 2022 tanquam
1298 1934 1343 2005 ad
1373 1942 1476 2029 caput
1506 1958 1605 2006 suum
1632 1932 1745 2004 divisa
1772 1931 1940 2010 membra,
1974 1938 2241 2025 aggregentur;

623 2083 639 2116 α
660 2055 782 2128 nuntio
791 2056 868 2150 jam
892 2055 998 2126 hodie
1014 2054 1148 2125 Graecis
1167 2062 1202 2127 et
1227 2079 1289 2129 suo
1304 2049 1695 2155 Constantinopolitano
1718 2056 1932 2150 patriarchae
1958 2057 2119 2129 remisso.
2136 2056 2191 2126 Ad
2208 2055 2246 2128 id

623 2207 639 2239 a
661 2180 812 2262 consilii,
830 2177 922 2271 quod
932 2177 1042 2259 scilic,
1060 2177 1159 2269 regia
1175 2179 1343 2272 majestas
1358 2182 1591 2254 sollicitavite
1606 2187 1700 2252 secta
1718 2188 1837 2252 vestra
1854 2180 2041 2252 neminem.
2060 2180 2246 2252 Gaudebat

623 2329 639 2359 α
660 2299 801 2372 interim
820 2301 895 2393 spei
925 2299 1062 2393 plenae,
1084 2321 1146 2393 per
1164 2321 1241 2371 eam
1273 2303 1485 2399 religionum
1506 2314 1541 2379 et
1565 2305 1763 2376 animorum
1789 2304 2069 2398 conjunctionem
2083 2304 2170 2389 fore,
2204 2312 2243 2375 ut

623 2452 639 2482 a
661 2420 786 2516 gloriae
804 2422 932 2493 divinae
949 2421 996 2492 ad
1009 2421 1274 2510 incrementum,
1295 2428 1502 2500 mortalibus
1520 2426 1567 2498 ad
1586 2427 1736 2501 salutem
1754 2433 1789 2500 et
1806 2427 1937 2498 bonum
1950 2429 2131 2507 ciuitatum
2148 2451 2241 2499 com·

623 2581 639 2613 v
660 2575 764 2624 mune
781 2558 878 2624 recta
896 2551 998 2622 detur
1016 2551 1073 2622 via
1098 2558 1203 2645 atque
1222 2554 1396 2647 expedita.
1417 2555 1578 2628 Tenebat
1594 2551 1700 2634 idem,
1721 2549 1803 2644 quid
1826 2549 1935 2620 animi
1950 2549 2018 2621 hac
2036 2549 2073 2620 in
2089 2571 2129 2621 re
2146 2552 2240 2622 esset

625 2709 641 2740 a
661 2676 898 2750 illustrissimo
911 2675 1160 2772 palatinehuic
1173 2676 1443 2771 Kijoviensium,
1456 2686 1670 2773 quantopere
1683 2677 1786 2748 annis
1799 2676 2039 2770 superioribus
2049 2677 2238 2760 curaverit,
2325 2727 2331 2734 -

628 2833 644 2866 a
666 2826 750 2876 usus
768 2804 875 2874 etiam
893 2823 1000 2896 opera
1019 2800 1197 2873 Pontificii
1213 2801 1322 2895 legati
1341 2801 1536 2887 Possevini,
1565 2811 1604 2875 ut
1620 2801 1814 2896 Gregorius
1841 2802 1931 2874 XIII
1950 2800 2130 2896 negotium
2148 2801 2242 2874 idem

627 2927 872 3020 «susciperet,
901 2923 1156 3018 diligenterque
1174 2927 1365 3019 expediret.
1389 2927 1553 3003 Meminit
1582 2956 1731 3027 quoque,
1760 2933 1847 3005 istas
1877 2932 2089 3027 religionum
2119 2941 2239 3027 partes

621 3081 638 3114 a
651 3053 728 3148 jam
741 3049 825 3122 clim
838 3048 954 3121 studio
968 3049 1140 3142 majorum
1153 3071 1309 3135 suorum,
1327 3045 1488 3126 Poloniae
1500 3077 1637 3150 regum,
1653 3057 1691 3128 in
1704 3057 1781 3128 istis
1789 3057 2015 3152 provinciisa
2030 3055 2237 3129 Florentino

568 3267 574 3278 ι
622 3203 639 3236 v
660 3173 816 3248 Concilio
834 3195 952 3246 secum
964 3171 1155 3267 aliquando
1173 3171 1348 3246 coaluisse
1366 3181 1424 3247 :ut
1437 3177 1611 3252 eashodie
1629 3181 1759 3274 pariter
1777 3182 1814 3252 in
1829 3204 1937 3252 unum
1950 3180 2109 3275 colligat,
2127 3180 2237 3253 enim-

621 3327 637 3357 «
658 3320 742 3370 vero
762 3297 894 3392 satagit
911 3319 975 3390 pro
998 3317 1061 3367 suo
1075 3295 1224 3368 addictae
1243 3298 1317 3369 Deo
1335 3298 1526 3374 voluntatis
1552 3303 1676 3382 officio.
1700 3304 1777 3375 Hoc
1794 3304 1945 3388 favente,
1965 3328 2043 3377 cum
2056 3305 2158 3377 initia
2164 3305 2239 3400 jam

625 3453 641 3484 v
663 3422 929 3517 processissent,
950 3420 1206 3514 rediissentque
1220 3423 1336 3494 Roma
1350 3421 1496 3493 istorum
1510 3423 1620 3518 legati
1633 3427 1845 3512 antistitum,
1863 3426 2110 3521 gratulabatur
2122 3427 2240 3520 cupie-

624 3575 640 3606 u
662 3547 790 3638 batque
803 3545 879 3638 ipse
892 3543 1069 3636 palatinus
1089 3544 1207 3628 etiam,
1242 3547 1513 3637 quamprimum
1539 3558 1669 3641 posset,
1700 3553 1779 3644 cogi
1805 3550 1978 3646 synodum
2003 3550 2114 3635 hanc;
2135 3551 2241 3644 idque

626 3689 681 3737 «a
708 3689 792 3760 rege
809 3665 977 3760 proximis
1007 3665 1157 3736 comitiis
1185 3665 1382 3759 flagitabat,
1416 3668 1570 3740 studium
1586 3694 1688 3742 suum
1714 3681 1749 3744 et
1776 3696 1913 3744 ornnem
1931 3694 2075 3766 operam
2093 3671 2140 3742 ed
2157 3694 2239 3745 eam

624 3818 641 3850 a
662 3791 934 3886 promovendam
953 3787 1140 3883 pollicitus

671 3943 688 3974 a
708 3912 905 4008 Appetente
922 3910 1119 4006 praestituto
1147 3918 1338 3983 conventus
1357 3913 1426 3999 die,
1447 3916 1539 3988 idem
1562 3917 1738 4011 palatinus
1766 3916 1925 4013 pluribus
1943 3923 2025 3990 ante
2044 3917 2237 4002 mensibus,

625 4063 642 4096 «ι
663 4057 728 4107 suo
743 4042 778 4107 et
789 4033 958 4106 nobilium
977 4034 1167 4128 provinciae
1175 4034 1354 4107 Volhiniae
1372 4037 1499 4108 civium
1517 4042 1669 4127 nomine,
1691 4065 1752 4136 per
1773 4041 1925 4113 delectos
1939 4041 1985 4111 ad
2003 4041 2039 4111 id
2059 4041 2243 4113 internun-

623 4185 640 4217 κ
661 4158 742 4244 tim,
756 4157 925 4230 Mathiam
944 4157 1177 4230 Malinskium
1191 4166 1226 4230 et
1239 4158 1469 4231 Laurentium
1486 4158 1766 4255 Dyrwinslrium,
1779 4165 1892 4258 primo
1906 4163 2041 4256 gratias
2057 4163 2132 4256 regi
2146 4184 2243 4248 sere-

627 4311 644 4344 κ
664 4283 808 4354 nissimo
823 4303 886 4375 pro
900 4282 1035 4376 synodo
1049 4280 1183 4352 indicta
1201 4281 1274 4374 egit
1286 4282 1462 4377 ampliter,
1483 4282 1610 4359 deinde
1628 4289 1802 4384 flagitavit
1823 4313 1830 4360 :
1852 4289 2003 4383 primum
2021 4288 2174 4382 quidem,
2198 4257 2261 4360 ne'

622 4436 638 4467 u
660 4406 716 4478 cui
734 4414 882 4488 armato,
896 4405 1014 4478 multis
1032 4407 1160 4500 stipato
1175 4404 1399 4490 satellitibus
1417 4407 1564 4479 consilio
1580 4409 1659 4482 huic
1672 4410 1794 4483 liceret
1807 4411 1996 4496 interesse;
2013 4434 2083 4505 quo
2097 4409 2245 4482 liberius

622 4562 639 4592 α
663 4539 781 4627 patres
795 4531 952 4625 religiosi
970 4531 1043 4601 suis
1058 4531 1101 4602 de
1119 4529 1225 4601 rebus
1240 4531 1332 4602 inter
1346 4555 1384 4604 se
1400 4532 1635 4628 disceptarent
1654 4557 1661 4603 :
1682 4534 1845 4616 alterum,
1872 4541 1909 4604 ut
1925 4540 2069 4626 apertus
2086 4539 2180 4604 esset
2196 4531 2245 4602 ad

623 4685 639 4716 a
660 4657 728 4727 hoc
737 4655 913 4727 comitium
928 4654 1051 4748 cuique
1064 4652 1383 4748 aditusquuslibet
1400 4655 1506 4726 etiam
1520 4654 1702 4749 religionis
1712 4653 1928 4749 professione
1945 4652 2130 4724 dissidenti
2147 4676 2155 4723 :
2170 4659 2243 4722 ter-

622 4807 638 4838 «
659 4780 812 4862 tium,ne
825 4779 893 4850 hoc
906 4778 1004 4849 aditu
1018 4777 1264 4872 prohiberetur
1274 4777 1498 4873 Nicephorus
1513 4779 1671 4865 Graecus,
1685 4803 1705 4853 e
1720 4778 1936 4851 ChotImensi
1950 4800 2061 4872 nuper
2070 4774 2245 4862 custodia,

620 4931 636 4961 α
659 4903 810 4996 inquam
827 4925 905 4974 cum
918 4900 1149 4972 Rossvanoin
1160 4898 1606 4995 Vallachiaccmprehenso
1617 4904 1794 4998 conjectus
1809 4901 2050 4996 erat,elapsus
2071 4923 2078 4969 :
2098 4897 2165 4968 nisi
2184 4897 2246 4968 de-

621 5055 637 5086 e
659 5026 764 5119 nique
778 5023 882 5118 (quod
895 5029 1019 5115 quarto
1032 5022 1109 5093 loco
1124 5023 1320 5119 petebatur)
1333 5025 1424 5096 inter
1436 5009 1689 5120 disceptatores
1704 5035 1890 5122 partesque
1905 5047 1966 5120 per
1981 5024 2153 5119 synodum
2163 5045 2248 5095 cou-

623 5180 639 5210 α
660 5151 809 5232 venerit,
821 5149 998 5241 integrum
1013 5155 1050 5219 ut
1068 5154 1174 5233 esset,
1195 5148 1240 5219 ab
1259 5171 1299 5221 ea
1321 5149 1368 5220 ad
1395 5151 1577 5244 generalia
1591 5149 1696 5243 regni
1715 5149 1856 5219 comitia
1874 5169 2077 5242 provocare.
2099 5145 2155 5215 Ad
2168 5145 2249 5216 haec

625 5309 642 5340 a
663 5276 745 5373 quid
755 5274 1000 5349 serenissimus
1012 5275 1174 5370 princeps
1188 5277 1410 5369 respondeat,
1420 5276 1609 5349 enlitteras
1626 5297 1706 5347 suas
1713 5273 1854 5369 publico
1869 5271 1987 5367 sigillo
1999 5271 2246 5378 communitas.
