4930 6634
727 787 834 846 nisus
854 737 1018 848 octavos
1044 789 1256 862 (roso-roco).
1769 787 1828 852 297

208 982 360 1047 «autem
381 973 531 1069 (solatur
547 973 606 1044 hic
620 994 659 1045 se
677 993 829 1066 suosque
845 977 967 1044 noster
985 968 1141 1065 Clagius)
1158 969 1195 1066 (1)
1220 971 1308 1066 ipsae
1327 993 1464 1064 quoque
1482 969 1569 1042 tiliae
1583 968 1679 1044 illius
1692 972 1830 1045 radices
1858 985 1920 1046 1631
2004 943 2009 951 ¹

208 1129 225 1160 a
245 1100 375 1172 excisae
400 1106 474 1171 tum
487 1099 639 1172 fuissent
655 1122 662 1168 :
680 1100 856 1171 Marianae
872 1105 992 1169 tamen
1011 1096 1137 1170 Lindee
1153 1095 1306 1182 radices,
1333 1094 1459 1189 quibus
1476 1094 1539 1166 illa
1560 1094 1729 1168 divinitus
1743 1097 1830 1170 nite·

209 1253 226 1285 u
242 1224 359 1310 batur,
381 1233 416 1298 et
441 1247 686 1320 huncquoque
704 1225 839 1310 nititur,
876 1247 1053 1320 nunquam
1084 1229 1143 1296 aut
1164 1221 1303 1296 excindi
1332 1229 1395 1294 aut
1412 1221 1528 1306 evelli,
1553 1230 1615 1294 aut
1633 1224 1739 1296 etiam
1755 1224 1832 1297 loco

209 1377 225 1410 κ
247 1349 382 1422 moveri
400 1355 604 1445 potuerunt.
626 1348 750 1442 ltaque
763 1373 835 1422 non
857 1350 977 1422 haurit
993 1348 1056 1421 illa
1073 1348 1214 1443 quidem
1236 1347 1397 1443 amplius,
1416 1370 1529 1442 neque
1546 1347 1581 1418 in
1596 1357 1758 1421 truncum
1776 1349 1833 1421 vel

191 1503 224 1536 -u
240 1495 358 1546 ramos
386 1472 525 1544 derivat
539 1473 707 1544 haustum
725 1475 770 1546 de
782 1482 889 1546 terrae
905 1474 1005 1546 venis
1023 1472 1206 1545 humorem
1224 1499 1232 1558 ;
1253 1479 1290 1544 at
1307 1472 1428 1544 haurit
1450 1471 1494 1544 de
1519 1471 1609 1544 coelo
1627 1496 1781 1558 succum,
1799 1483 1836 1546 et

209 1629 226 1660 c
241 1597 344 1692 large
362 1596 525 1669 omnibus
546 1596 700 1691 partitur
713 1598 918 1671 mortalibus
932 1597 1128 1670 uberrimos
1151 1597 1278 1692 gratiae
1297 1596 1425 1669 divinae
1443 1598 1549 1669 rivos.
1568 1598 1650 1671 Non
1664 1599 1755 1670 viret
1771 1598 1836 1671 illa

212 1749 229 1782 κ
245 1721 388 1817 quidem
395 1721 474 1816 jam
491 1720 645 1815 pristina
666 1721 794 1793 florum
812 1729 875 1794 aut
887 1721 1059 1794 foliorum
1077 1719 1301 1794 frondiumve
1315 1720 1523 1794 amoenitate
1542 1729 1577 1794 et
1594 1722 1710 1816 gloria
1724 1750 1732 1810 ;
1747 1723 1838 1797 viret

212 1819 230 1910 s
243 1847 356 1920 nihilo
387 1847 503 1918 minus
536 1869 578 1918 ac
608 1846 710 1939 viget
730 1845 861 1918 divinae
895 1843 1069 1918 fructibus
1103 1845 1344 1919 beneficentiae
1363 1855 1398 1920 et
1423 1847 1618 1941 largitatis.
1640 1848 1724 1921 Non
1749 1849 1839 1944 tegit

214 2000 231 2032 κ
251 1970 435 2043 frondibus
466 1969 611 2043 eductos
639 1970 675 2040 in
707 1969 818 2043 altum
845 1993 865 2042 e
888 1961 1062 2043 laterculo
1094 1971 1269 2065 parietes;
1304 1978 1338 2042 at
1361 1971 1518 2066 protegit
1541 1972 1693 2045 coelestis
1712 1973 1838 2067 gratiae

212 2097 371 2170 «umbra
401 2095 561 2191 populos
581 2094 736 2189 undique
767 2094 955 2166 adductos.
984 2097 1068 2168 Non
1097 2096 1234 2190 praebet
1261 2095 1386 2190 apibus
1412 2095 1549 2170 dulcem
1581 2097 1626 2169 ad
1661 2097 1839 2172 mellificis

213 2250 230 2282 α
246 2244 384 2306 rorem;
405 2227 442 2293 at
455 2199 593 2316 praebet
610 2218 814 2292 hominibus
832 2219 976 2314 largum
1001 2218 1048 2291 ad
1073 2220 1164 2293 bene
1183 2220 1359 2315 agendum
1379 2221 1550 2317 beateque
1569 2223 1769 2311 vivendum,
1787 2207 1835 2297 di·

214 2376 231 2409 «
246 2347 410 2416 vinorum
423 2341 630 2415 auxiliorum
645 2343 803 2415 imbrem.
819 2379 835 2410 n
855 2344 1005 2426 Harum,
1022 2344 1176 2438 inquam,
1187 2350 1223 2416 et
1241 2344 1406 2417 similium
1424 2346 1650 2420 meditatione
1668 2348 1711 2422 dc
1726 2349 1840 2424 Linde

212 2493 279 2543 sua
295 2493 416 2542 rerum
434 2469 514 2565 pius
552 2489 664 2541 senex
696 2490 775 2540 sese
810 2490 963 2562 suosque
981 2468 1199 2548 consolatur.
1222 2469 1319 2547 Quas
1333 2469 1409 2564 ejus
1421 2470 1611 2566 impietatis
1630 2497 1706 2546 suae
1732 2467 1840 2548 sacri-

211 2593 287 2688 legi
299 2593 418 2665 ultrici
454 2592 584 2664 divinae
604 2592 756 2688 justitiae
781 2615 905 2687 poenas
941 2591 1131 2665 dederint:
1153 2592 1278 2686 quibus
1309 2593 1435 2666 deinde
1462 2595 1587 2668 Lindae
1621 2619 1696 2670 suae
1725 2599 1840 2673 locum

214 2717 330 2812 Virgo
350 2716 465 2789 Beata
483 2715 670 2788 illustrarit
691 2715 1013 2809 commendaritquc
1048 2715 1176 2811 populo
1202 2716 1298 2790 fideli
1324 2717 1513 2804 beneficiis,
1545 2728 1584 2793 ut
1602 2745 1681 2816 quae
1693 2722 1841 2798 aliorum

214 2841 355 2937 scriptis
381 2841 561 2958 celebrata
592 2847 674 2912 sunt
691 2840 741 2936 (a),
761 2840 882 2912 omitto
904 2867 911 2924 ;
932 2841 978 2912 ad
1001 2863 1059 2912 res
1094 2841 1190 2936 ipsas
1216 2841 1365 2915 instituti
1391 2845 1504 2917 nostri
1538 2853 1574 2919 et
1596 2850 1764 2944 temporis
1786 2874 1842 2925 me

219 2988 358 3040 revoco.
392 2965 597 3059 Nonaginta
626 2963 776 3058 amplius
805 2965 850 3035 ab
874 2964 1009 3036 excidio
1036 2987 1148 3037 sacrae
1178 2965 1266 3038 tiliae
1287 2990 1397 3040 annos
1427 2969 1519 3041 divae
1552 2971 1681 3046 Matris
1706 2975 1844 3070 agellus

219 3089 372 3162 incultus
386 3089 500 3184 jacuit
520 3114 529 3173 ;
550 3088 776 3161 solitudinem
793 3087 861 3160 loci
891 3111 1059 3183 suamque
1078 3089 1259 3162 catholicis
1274 3091 1403 3163 circum
1420 3093 1559 3166 colonis
1577 3096 1839 3186 miserantibus,

219 3212 414 3286 visentibus
433 3214 555 3285 crebro
568 3212 674 3286 etiam
700 3219 774 3284 tum
790 3212 853 3283 illa
871 3213 1012 3297 rudera,
1046 3220 1081 3286 et
1100 3212 1254 3309 antiqnae
1280 3214 1420 3309 pietatis
1440 3240 1693 3314 munerumque
1708 3221 1842 3296 divino·

219 3360 297 3410 rum
314 3343 543 3410 monumenta
559 3337 652 3408 inter
668 3358 711 3408 ea
742 3337 983 3430 ruspantibus.
1001 3336 1196 3409 Commovit
1214 3361 1257 3411 ea
1275 3362 1333 3412 res
1355 3340 1473 3413 studia
1484 3349 1562 3415 tum
1581 3346 1736 3442 episcopi
1753 3346 1843 3421 Var-

221 3463 364 3536 miensis
382 3462 534 3553 Simonis
555 3460 763 3546 Rudnickii,
785 3469 872 3546 tum,
903 3462 1132 3554 queantistes
1150 3463 1208 3535 hic
1232 3463 1451 3538 familiariter
1469 3467 1645 3554 utebatur,
1674 3470 1843 3565 Stephani

222 3585 441 3669 Szadurskii,
463 3584 553 3680 regii
565 3585 602 3656 in
615 3583 698 3656 aula
712 3585 930 3679 Sigismundi
945 3586 998 3659 Ill
1013 3587 1206 3660 secretarii.
1224 3588 1293 3660 Hic
1310 3589 1365 3661 sui
1389 3591 1541 3664 maxime
1555 3593 1664 3664 animi
1677 3593 1841 3690 impulsu,
1873 3637 2020 3696 sinduald

221 3710 435 3810 cogitatione
453 3731 607 3805 curaque
638 3709 778 3803 pietatis
797 3710 952 3804 antiquae
969 3711 1008 3783 in
1027 3734 1128 3784 suum
1143 3712 1268 3786 Lindae
1289 3713 1518 3788 restituendae
1534 3716 1650 3790 locum
1667 3729 1843 3816 suscepta,
1874 3725 1950 3778 curat
1961 3721 2020 3775 Lin-

220 3834 384 3930 persequi
400 3856 522 3906 omnes
540 3833 627 3918 viaS,
651 3833 778 3926 quibus
792 3842 953 3928 speraret
969 3857 1021 3918 se,
1041 3837 1258 3931 propositum
1269 3861 1371 3910 suum
1384 3861 1488 3935 posse
1501 3843 1679 3936 consequi.
1701 3843 1736 3916 N
1738 3845 1847 3939 egotii
1873 3799 1996 3932 ξᾷᾞῐζξ.

221 3958 412 4054 plurimum
422 3957 619 4031 lacessebat
631 3957 854 4052 procuratori
867 3957 925 4053 pio
943 3959 1132 4033 haereticus
1146 3961 1225 4056 agri
1233 3962 1326 4034 beati
1339 3985 1534 4057 possessor,
1553 3964 1635 4038 Otto
1647 3966 1845 4057 GrobenuS,
1876 3956 1947 4010 dam.

221 4087 278 4154 vir
286 4082 432 4167 nobilis,
450 4091 665 4164 nummatus,
683 4089 790 4154 sectae
804 4081 897 4151 idem
910 4081 1107 4154 lutheranae
1127 4083 1291 4178 pertinax
1308 4093 1459 4159 amator.
1480 4086 1570 4160 Rem
1589 4088 1650 4160 ille
1666 4092 1849 4165 catholicis

221 4211 422 4282 hominibus
440 4233 571 4292 caram,
606 4233 648 4281 ac
667 4211 739 4280 suis
765 4208 996 4302 religionibus
1012 4232 1119 4304 porro
1143 4209 1403 4298 celebrandam,
1424 4213 1521 4286 nullo
1539 4237 1578 4289 se
1595 4215 1850 4291 redhibitnrum

220 4335 335 4431 pretio
355 4336 531 4408 obstinate
565 4335 778 4407 affirmabat.
805 4332 922 4406 Altius
952 4333 1117 4408 nimirum
1147 4334 1199 4408 illi
1218 4335 1446 4410 lutheranicae
1476 4340 1572 4413 virus
1593 4351 1713 4430 sectae,
1733 4343 1770 4416 in
1784 4369 1852 4440 qua

223 4470 329 4535 natus
358 4467 588 4554 versatusque
617 4459 732 4532 adhuc
761 4467 867 4542 esset,
904 4461 1110 4547 inhaeserat,
1150 4473 1253 4557 quam
1284 4472 1323 4535 nt
1364 4461 1615 4541 idolomaniam
1641 4470 1853 4550 Lindensem

223 4589 349 4684 (neque
367 4587 460 4658 enim
478 4607 594 4667 secus,
624 4591 728 4678 atque
755 4583 912 4680 ejusdem
942 4588 1098 4659 mandrae
1129 4587 1309 4682 gregales,
1336 4589 1468 4662 sentire
1495 4612 1537 4662 ac
1555 4591 1652 4687 loqui
1673 4594 1749 4690 ipse
1778 4604 1853 4670 tum

225 4714 377 4812 poterat)
407 4738 472 4788 sua
489 4713 724 4831 qualicunque
738 4715 880 4786 tandem
908 4735 1016 4808 opera
1033 4711 1249 4807 postliminio
1280 4723 1474 4802 revocaret,
1491 4723 1554 4788 aut
1579 4720 1740 4792 revocari
1756 4730 1853 4816 pate·

228 4852 341 4918 retur.
379 4844 463 4930 Sed,
508 4867 588 4938 quae
618 4843 742 4915 studiis
782 4839 1035 4934 conatibusque
1066 4836 1236 4933 Stephani
1271 4837 1376 4910 nullis
1418 4840 1512 4912 vinci
1544 4849 1696 4936 poterat,
1746 4849 1857 4944 regiae

225 4973 371 5048 tandem
400 4970 619 5068 sigismundi
645 4971 698 5042 Ill
731 4969 933 5043 auctoritati
966 4965 1140 5040 concessit
1174 4962 1313 5078 Ottonis
1344 4967 1551 5060 pertinacia.
1588 4971 1757 5068 Accipere
1777 4997 1857 5069 pre·

267 5120 313 5204 (t)
328 5123 424 5183 Lindre
449 5122 589 5192 Mariana,
618 5120 732 5190 bibli,
750 5137 776 5180 c.
795 5122 824 5181 6.
840 5151 882 5165 -
899 5119 939 5196 (s)
965 5119 998 5177 V.
1015 5118 1169 5178 Historiam
1199 5116 1348 5177 Pressiaea
1368 5115 1478 5177 loanne
1512 5110 1609 5179 leone
1630 5122 1738 5182 decano
1768 5141 1854 5185 cano·

233 5233 299 5291 nico
310 5232 510 5292 Gndstedicnsi
523 5231 637 5301 editam,
651 5231 699 5288 tib.
714 5229 855 5288 llindam
867 5228 990 5303 Thema,
1004 5224 1106 5304 Clagit,
1121 5225 1170 5284 lib.
1188 5221 1227 5281 ll.

1721 5337 1755 5391 38
