4896 6650
649 806 690 875 80
1017 814 1291 876 LITUANICARUM
1313 811 1526 876 SOCIETATIS
1546 817 1632 877 IESU
1656 814 1910 876 slsuofllsauu

478 1005 543 1060 1579
659 1021 676 1053 a
697 992 950 1088 Argutatorem
968 1019 1059 1084 esse,
1081 999 1207 1094 quique
1231 997 1268 1069 in
1286 997 1523 1092 disputatione
1552 1019 1669 1071 rerum
1696 997 1775 1091 plus
1803 996 1869 1068 sibi
1896 1005 2063 1080 sumeret,
2087 1021 2192 1093 qnam
2219 1025 2285 1077 sua

477 1114 576 1245 {iffi
593 1113 624 1246 ln
660 1147 676 1178 u
700 1119 854 1192 humana
880 1121 993 1194 omnis
1009 1121 1143 1195 valeret
1169 1120 1359 1216 sapientia;
1382 1120 1502 1216 itaque
1527 1119 1638 1192 multa
1666 1144 1689 1193 a
1719 1145 1757 1195 se
1782 1121 1900 1194 vocari
1929 1122 1966 1194 in
1984 1126 2276 1214 controversiam,

394 1252 399 1264 '
477 1267 623 1323 abituros·
656 1271 671 1302 u
696 1243 824 1337 negari
841 1244 970 1330 multa;
990 1268 1101 1317 novas
1128 1269 1214 1341 quas
1244 1245 1363 1317 nescio
1381 1244 1471 1316 alias
1498 1243 1689 1338 religiones
1714 1243 1805 1317 velle
1831 1245 2063 1319 architectari.
2086 1247 2278 1338 Dolebant,

478 1345 573 1401 sevini.
657 1397 673 1430 a
696 1391 780 1450 rem,
799 1375 898 1440 tanto
926 1391 1038 1464 nuper
1060 1369 1255 1441 institutam
1285 1367 1442 1462 negotio,
1462 1375 1535 1441 tam
1564 1367 1667 1439 facile
1697 1365 1924 1454 dissolutam;
1946 1369 1996 1442 ric
2025 1372 2205 1465 populum,
2227 1375 2279 1448 sic

659 1520 675 1552 a
696 1513 861 1586 proceres
884 1491 1071 1587 plerosque
1095 1493 1267 1564 animatos
1283 1489 1405 1576 fuisse,
1426 1498 1478 1576 ut,
1500 1491 1530 1562 si
1550 1513 1614 1562 rex
1630 1492 1706 1587 ipse
1729 1515 1805 1566 rem
1829 1492 1921 1565 serio
1948 1499 1984 1566 et
2008 1492 2163 1568 fidentur
2180 1521 2275 1570 com·

655 1645 671 1676 a
693 1617 820 1711 plexus
853 1624 959 1702 esset,
984 1619 1093 1690 multo
1123 1619 1271 1704 minore,
1292 1639 1397 1710 quam
1428 1617 1496 1688 sibi
1525 1615 1683 1711 fingebat
1708 1615 1797 1710 ipse,
1819 1615 1962 1710 negotio
1997 1617 2122 1711 religio
2150 1628 2277 1694 sancta

657 1769 673 1800 ιι
694 1739 833 1835 templis
851 1741 924 1812 suis
941 1763 1122 1836 regnoque
1147 1742 1300 1837 potuerit
1316 1743 1468 1816 restitui.
1489 1743 1571 1816 Iam
1597 1742 1704 1814 hodie
1729 1763 1805 1814 rem
1824 1765 1963 1815 omnem
1979 1744 2086 1816 ivisse
2102 1767 2246 1838 pessum
2268 1773 2276 1820 ε

657 1893 673 1923 α
694 1863 871 1936 redditum
888 1886 966 1937 esse
978 1863 1155 1938 haereticis
1174 1867 1409 1962 gymnasium.
1432 1868 1660 1941 Iuventatem
1673 1865 1770 1938 illam
1787 1865 1971 1960 praeclaris
1988 1865 2064 1940 istis
2080 1870 2276 1964 magistris,

655 2015 670 2044 a
692 2006 806 2078 agnos
820 1983 925 2078 lupis,
935 1986 1169 2058 commissam.
1180 1988 1420 2064 Fortunarent
1435 1992 1573 2077 saltem,
1585 1989 1767 2086 optabant,
1782 2012 1864 2062 suas
1881 1989 2132 2067 Varszeviclrio
2147 1993 2279 2090 Superi

654 2136 670 2167 α
692 2115 727 2179 et
744 2107 941 2204 Vyssockio
968 2129 1090 2193 curas3
1112 2108 1171 2202 qui
1190 2109 1258 2183 duo
1276 2115 1370 2208 apud
1396 2113 1556 2209 raginam
1585 2135 1663 2186 cum
1686 2112 1823 2184 duobus
1848 2113 2089 2188 sacerdotibus
2114 2117 2273 2204 novitiis,

653 2263 669 2294 a
690 2234 836 2307 Alberto
871 2242 905 2308 et
933 2235 1131 2331 Arnulpho,
1152 2239 1372 2324 restiterant;
1393 2237 1617 2332 meliorisque
1642 2238 1677 2306 in
1706 2236 1833 2310 Suecie
1861 2236 2012 2310 fortunae
2040 2241 2182 2315 nuntios
2202 2245 2279 2317 suis

654 2385 668 2415 u
691 2355 891 2429 civitatibus
904 2358 1060 2454 hospites
1074 2360 1311 2435 restituerent.
1331 2359 1541 2432 Solabantur
1554 2382 1592 2431 se
1606 2357 1760 2432 vicissim
1775 2359 1867 2432 Socii
1882 2361 2122 2438 recordatione
2136 2375 2273 2454 eorum,

653 2509 669 2540 a
693 2485 771 2576 q'uae
789 2481 979 2561 insuauia
993 2484 1222 2576 pertulissent
1248 2486 1432 2582 religionis
1449 2508 1570 2572 causa,
1591 2507 1738 2581 quaeque
1757 2486 1831 2558 Deo
1851 2486 1941 2558 bene
1957 2487 2118 2583 juvante,
2136 2487 2274 2564 effecis-

653 2635 669 2665 α
691 2612 771 2677 sent
783 2627 866 2700 :per
885 2628 963 2678 eam
977 2607 1193 2680 occasionem
1206 2608 1404 2686 institutum
1419 2636 1497 2686 esse
1510 2637 1532 2686 a
1547 2612 1720 2706 Gregorio
1734 2611 1826 2684 XIII
1842 2612 2065 2686 seminarium
2077 2615 2275 2690 formandis

654 2758 670 2788 a
692 2727 843 2800 alumnis
875 2729 922 2800 ad
955 2754 1055 2826 opem
1087 2732 1279 2836 ⁴aliquando
1313 2735 1489 2808 laboranti
1526 2735 1663 2809 Sueciaa
1689 2735 1882 2821 ferendam,
1901 2738 2100 2833 complures
2127 2740 2268 2816 adoles·

653 2883 669 2914 e
692 2863 809 2928 centes
835 2856 999 2951 virosque
1027 2855 1073 2928 ad
1102 2857 1284 2951 religionis
1311 2859 1494 2934 catholicae
1520 2867 1556 2932 et
1584 2859 1725 2954 pietatis
1756 2860 1910 2932 studium
1947 2861 2142 2949 traductos
2173 2863 2272 2938 labe-

651 3009 667 3041 κ
688 2979 854 3053 factatam
880 3003 958 3054 esse
986 2983 1134 3054 Lutheri
1164 2982 1457 3061 existimationem
1491 2994 1526 3061 et
1551 2987 1751 3083 opinionem
1782 2985 1825 3058 de
1856 2985 2096 3060 ministrorum
2121 3011 2269 3062 snorum

654 3140 670 3171 a
693 3110 853 3183 doctrina
897 3111 1186 3207 praejudicatam,
1235 3112 1377 3186 relictos
1428 3117 1543 3184 certos
1578 3111 1706 3207 populo
1741 3109 1881 3184 libellos
1923 3118 1958 3200 et
1993 3113 2157 3186 certain
2190 3116 2270 3187 ani-

648 3262 664 3294 s
694 3236 760 3307 mis
788 3235 923 3308 semina
949 3234 1103 3330 pietatis.
1128 3271 1145 3302 a

692 3358 894 3432 Iucundum
919 3339 1057 3454 quoque
1086 3366 1162 3431 erat
1190 3359 1391 3433 meminisse
1417 3357 1632 3432 incredibilis
1658 3357 1734 3451 ejus
1760 3357 1981 3442 constantiae,
2006 3358 2273 3453 perdurantium

472 3499 619 3591 russanen·
645 3483 759 3556 adhuc
775 3484 813 3555 in
826 3482 908 3564 fide,
925 3483 1097 3576 virginum
1111 3483 1202 3554 divae
1220 3484 1386 3578 Birgittae
1404 3482 1697 3567 Vastenensium;
1714 3488 1819 3576 atque
1838 3482 1913 3576 ejus
1926 3481 2074 3569 laetitias,
2091 3484 2273 3582 triumpho

471 3579 619 3715 ζ’ζῖῗῃξο
644 3613 780 3696 similis,
815 3634 857 3683 ex
883 3610 1035 3683 adventu
1071 3635 1111 3684 eo
1143 3613 1354 3686 Sociorum:
1377 3611 1468 3682 diem
1499 3606 1654 3680 tenebris
1689 3605 1774 3690 suia,
1807 3612 1911 3700 atque
1940 3607 2056 3679 subito
2087 3607 2274 3682 meridiem

471 3739 588 3830 oportun·
646 3733 822 3830 quendam
840 3741 954 3805 ortum
968 3734 1158 3806 credebant
1171 3734 1255 3818 illae,
1276 3733 1362 3804 visis
1380 3732 1530 3828 primum
1548 3731 1678 3802 nostris
1695 3731 1907 3825 hospitibus.
1928 3731 2274 3826 Frequentissimum

473 3820 523 3871 ω’
644 3869 720 3935 erat
736 3859 1094 3954 florentissimumque
1115 3858 1305 3954 aliquando
1333 3857 1531 3952 virgineum
1550 3854 1649 3939 illud,
1670 3854 1828 3949 pluribus
1855 3855 1984 3926 abhinc
2011 3855 2151 3926 saeculis
2168 3856 2274 3928 insti-

644 3993 758 4058 tutum
773 4009 795 4058 a
809 3986 915 4058 beata
931 3985 1097 4080 Birgitta‚
1112 3986 1306 4080 Collegium
1321 4011 1329 4071 ;
1344 3986 1421 4079 jam
1434 3992 1518 4056 tunc
1535 3984 1704 4078 temporis
1717 4005 1862 4054 numero
1876 3983 2095 4077 hospitarum
2114 3983 2162 4054 ad
2183 3985 2274 4057 duo-

640 4108 811 4203 deviginti
829 4108 982 4192 redacto,
1005 4109 1118 4203 ipsum
1146 4107 1271 4192 solum,
1288 4109 1419 4180 amoeni
1441 4109 1553 4181 instar
1578 4109 1615 4180 in
1636 4106 1779 4179 horrida
1797 4106 1898 4202 sylva
1917 4105 2062 4188 hortuli,
2083 4104 2274 4199 pulchrum

638 4234 783 4327 Deoque
797 4239 937 4327 gratum
951 4233 1142 4304 visebatur.
1158 4211 1320 4324 Pra'eerat
1332 4231 1414 4304 huic
1432 4231 1621 4303 Catharina
1638 4229 1834 4314 Benedicti,
1847 4229 1948 4324 virgo
1967 4235 2074 4302 aetate
2086 4235 2269 4323 provecta,

645 4358 738 4430 inter
763 4379 903 4428 sorores
929 4355 1130 4452 religiosas,
1160 4355 1260 4450 quasi
1290 4361 1404 4428 mater
1434 4377 1553 4449 apum,
1584 4353 1758 4448 magistra
1787 4375 1938 4436 morum,
1963 4359 1998 4424 et
2024 4350 2273 4425 sanctimoniae

639 4483 756 4553 vivum
780 4483 854 4553 suis
872 4481 1052 4576 exemplar
1074 4507 1080 4553 :
1099 4503 1210 4553 annos
1229 4480 1449 4552 continenter
1467 4477 1634 4551 tredecim
1652 4476 1773 4549 functa
1795 4475 1908 4548 officio
1934 4475 2115 4548 antistitae.
2135 4476 2274 4555 Quere-

639 4609 769 4680 bantur
787 4607 884 4702 ipsas
902 4607 970 4679 sibi
987 4606 1128 4679 relictas
1148 4629 1240 4689 esse,
1258 4608 1378 4701 etjam
1397 4606 1456 4677 diu
1474 4603 1688 4702 praestolari,
1708 4602 1768 4697 qui
1790 4601 1997 4696 magisteria
2014 4623 2079 4674 sua
2096 4603 2274 4698 religiosa

638 4741 712 4806 tum
741 4731 808 4802 sibi
838 4731 875 4802 in
904 4731 1039 4825 primis,
1060 4737 1134 4801 tum
1161 4753 1249 4816 suae,
1271 4736 1309 4802 ut
1333 4736 1473 4814 vocant,
1495 4729 1688 4825 priorissae,
1709 4731 1776 4802 rite
1802 4730 1858 4803 vel
1883 4729 2086 4824 abrogaret,
2108 4728 2273 4804 suffectis

636 4857 731 4942 aliis,
748 4855 817 4940 vel,
838 4852 908 4925 nisi
920 4852 957 4922 id
975 4851 1053 4924 fieri
1069 4860 1201 4946 posset,
1220 4855 1427 4926 auctoritate
1449 4855 1629 4949 pontificia
1649 4853 1892 4938 confirmaret;
1913 4853 2042 4926 deinde
2067 4853 2201 4948 septem
2228 4855 2275 4927 in

642 5006 705 5056 suo
731 4981 882 5075 collegio
910 4991 1049 5051 sorores
1075 4978 1134 5049 diu
1162 4981 1315 5074 opperiri
1333 4979 1565 5068 sacerdotem,
1582 4979 1677 5076 apud
1693 5001 1796 5074 quem
1822 4978 1892 5050 ritu
1920 5001 1982 5050 suo
2000 4975 2272 5072 profiterentur.

638 5108 753 5202 Atque
772 5107 807 5178 id
819 5106 895 5201 jam
921 5110 1050 5200 praesto
1076 5111 1164 5190 erat,
1185 5104 1279 5199 quod
1306 5105 1542 5200 postulabant,
1563 5113 1736 5200 praesente
1756 5105 1953 5178 Possevino
1976 5105 2058 5178 :hic
2083 5129 2146 5200 pro
2171 5105 2276 5180 sacta

639 5233 706 5304 sibi
730 5237 905 5328 potestate
928 5253 950 5301 a
977 5228 1149 5301 Pontifice
1175 5235 1211 5302 et
1242 5229 1473 5326 praefecturas
1500 5230 1551 5301 eis
1575 5231 1806 5316 confirmavit,
1823 5237 1858 5303 et
1876 5238 2009 5325 septem
2027 5230 2168 5304 illarum
2184 5255 2276 5326 pro-
