4930 6634
699 806 760 871 318
1088 810 1363 874 LITUANICARUM
1385 813 1597 874 SOClE'l’ATlS
1617 813 1702 875 JESU
1725 811 1974 873 fllsrouttuuu

534 1007 597 1062 1636
704 1001 933 1085 «transiens,
967 999 1065 1072 adita
1092 1000 1275 1088 doctrinae,
1302 967 1509 1097 sapientium
1526 1002 1657 1099 templa
1687 1025 1826 1086 serena,
1863 1002 2067 1076 Vladislaus
2089 1004 2314 1098 ingreditur;

706 1154 722 1185 u
744 1128 1004 1200 serenissimam
1022 1150 1179 1200 sororem
1194 1129 1333 1200 Annam
1348 1129 1574 1202 Catharinam
1592 1129 1848 1214 Constantiam,
1869 1137 1905 1203 et
1921 1136 1975 1202 tot
1993 1139 2176 1206 senatores
2193 1155 2316 1228 proce·

704 1281 720 1311 a
742 1273 880 1346 resque,
909 1275 1026 1324 secum
1039 1253 1205 1338 trahens;
1222 1262 1272 1335 ut,
1293 1252 1385 1348 qnod
1403 1253 1623 1327 exhibiturus
1649 1276 1737 1348 erga
1759 1253 1896 1328 litteras
1921 1253 2131 1329 beneficium
2157 1265 2246 1343 erat,
2281 1265 2318 1332 et

702 1402 718 1434 s
740 1373 936 1469 exemplum
954 1382 1088 1447 aeterna
1102 1377 1270 1449 memoria
1288 1377 1446 1472 dignum,
1461 1378 1569 1449 latius
1587 1387 1826 1474 spargeretur,
1847 1387 1882 1453 et
1896 1381 2009 1454 omnis
2033 1379 2243 1455 eruditionis
2259 1404 2316 1456 re·

700 1525 716 1556 a
737 1498 930 1570 verentiam
955 1498 1174 1592 Reipublicae
1205 1501 1379 1572 nniversae
1406 1501 1676 1574 commendaret.
1711 1503 1802 1583 Quid
1832 1501 2005 1599 ampliust
2021 1504 2116 1578 inter
2141 1505 2314 1588 Doctores

702 1647 717 1679 u
741 1621 860 1704 sedet;
877 1623 936 1715 qui
949 1622 1054 1717 paulo
1063 1631 1159 1708 ante,
1175 1623 1326 1696 fortunae
1350 1625 1491 1698 casibus
1508 1633 1543 1697 et
1554 1625 1715 1698 hostibus
1728 1627 1802 1698 suis
1812 1627 2012 1713 immersus,
2031 1628 2315 1702 adversariorum
2373 1695 2376 1702 .

702 1771 718 1803 α
740 1767 882 1817 suorum
894 1746 1007 1820 latera
1023 1747 1191 1821 fodiebat.
1212 1748 1488 1850 Disputationes
1505 1755 1725 1844 argumenta,
1742 1749 1980 1847 syllogismos,
2002 1757 2038 1825 et
2055 1753 2159 1826 docta
2177 1755 2314 1851 sophis-

701 1893 718 1926 «ι
740 1875 835 1940 mata
852 1871 974 1956 audit;
995 1871 1066 1964 qui,
1087 1894 1110 1943 a
1134 1871 1227 1944 bello
1257 1893 1393 1954 recens,
1421 1896 1599 1945 armorum
1629 1872 1790 1969 strepitu,
1814 1880 2070 1946 tormentorum
2097 1874 2311 1970 fragoribus,

525 1995 630 2053 Annulo
699 1992 867 2086 «apertis
897 1974 1028 2088 praeliis
1062 2003 1097 2067 et
1131 1997 1441 2091 stratagematibus
1474 1999 1704 2092 ajuventute
1722 2003 1939 2071 assueverat.
1974 1997 2022 2070 Et
2054 1998 2210 2084 tandem,
2242 2024 2314 2073 non

523 2091 660 2212 ffissm
699 2142 716 2174 ι
736 2115 873 2188 talenta
885 2125 947 2189 aut
964 2117 1036 2190 alia
1052 2118 1109 2191 his
1127 2119 1267 2203 similia,
1289 2120 1413 2214 quibus
1431 2121 1616 2194 avaritiam
1643 2122 1812 2207 irritaret,
1847 2121 2002 2207 obtulit;
2031 2123 2093 2194 sed
2127 2123 2310 2208 annulum,

523 2236 607 2289 ⁰1⁰¹*-
698 2267 714 2299 u
735 2262 837 2334 quem
853 2242 1013 2314 nonnulli
1022 2266 1188 2316 coronam
1206 2244 1335 2328 cordis,
1353 2245 1446 2338 quod
1463 2267 1633 2318 venarum
1648 2245 1694 2318 ad
1707 2269 1768 2320 cor
1779 2245 1898 2340 ipsum
1925 2246 2186 2319 excurrentium
2199 2248 2315 2342 capita

699 2394 716 2425 κ
736 2364 774 2435 in
804 2363 917 2459 digito
935 2359 1091 2450 coronet,
1108 2366 1355 2455 nominavere3
1376 2369 1526 2442 articulo
1538 2392 1662 2443 manus
1682 2371 1846 2456 detraxit,
1876 2376 1915 2443 ut
1949 2370 2159 2466 sapientiam
2192 2371 2313 2447 diade·

659 2499 663 2506 '
696 2521 712 2551 a
733 2497 827 2562 mate
852 2491 1035 2584 cingeret:
1057 2491 1188 2585 digitos
1222 2492 1341 2586 regios
1366 2493 1542 2589 spoliavit,
1587 2502 1627 2567 ut
1671 2494 1901 2567 eruditissimi
1932 2495 2000 2567 viri
2029 2496 2309 2570 condecoraret:

695 2642 711 2674 u
737 2614 1015 2686 ornatnmlaevae
1033 2615 1169 2698 minuit,
1198 2621 1237 2688 ut
1248 2617 1441 2689 Doctorum
1466 2640 1632 2691 numerus
1650 2626 1855 2712 augeretur.
1879 2619 2012 2692 Merito
2034 2640 2122 2715 ergo
2148 2619 2312 2716 Augusto

693 2767 709 2798 κ
731 2739 934 2811 Vladislaus
952 2739 1148 2832 augustior,
1162 2747 1197 2812 et
1214 2742 1353 2835 magnis
1365 2741 1568 2816 Alexandro
1586 2743 1811 2837 et'Pompeio
1826 2744 1939 2839 major
1960 2769 1967 2816 :
1990 2745 2051 2839 qui
2068 2751 2122 2816 tot
2140 2745 2309 2839 gradibus

693 2892 709 2924 u
730 2863 836 2937 altius
859 2865 896 2935 iu
912 2863 1041 2936 litteris
1058 2864 1329 2938 cohonestandis
1352 2866 1525 2948 ascendit,
1556 2868 1762 2961 quotannis
1792 2868 1967 2963 posterior
1993 2851 2100 2942 venit.
2123 2870 2164 2940 ln
2182 2891 2311 2942 uanum

693 3016 709 3048 u
730 2988 850 3082 itaque
867 3012 960 3060 nuno
979 2989 1159 3062 interitum
1176 2990 1262 3061 mihi
1279 2988 1407 3062 litteris
1421 2989 1475 3062 illi
1487 2991 1608 3062 minati
1626 2991 1803 3073 videntu'r,
1837 3014 1924 3085 quas
1948 2993 2024 3087 jam
2050 2992 2196 3078 vibrari,
2217 2992 2312 3065 sicut

692 3141 708 3172 κ
730 3135 881 3208 corpora
898 3114 1053 3186 instante
1071 3115 1206 3202 morbo,
1220 3115 1295 3209 jam
1313 3122 1509 3209 temporum
1521 3114 1655 3186 malitia
1668 3122 1730 3188 aut
1739 3115 1872 3187 ferocia
1884 3115 2049 3188 meliores
2075 3115 2156 3189 illas
2187 3139 2310 3190 omnes

691 3266 707 3298 a
729 3238 956 3333 mitioresquo
973 3261 1089 3310 musas
1111 3239 1254 3310 anobis
1268 3239 1367 3311 abire
1382 3239 1560 3312 dixerunt.
1578 3238 1724 3325 Vivunt,
1745 3240 1879 3332 vigent,
1909 3246 1944 3310 et
1969 3239 2140 3332 vigebunt
2164 3239 2305 3324 litterae,

691 3389 707 3420 κ
729 3383 833 3455 quam
864 3361 924 3433 diu
941 3363 1174 3457 potentissimi
1188 3370 1224 3434 et
1235 3362 1455 3436 invictissimi
1485 3386 1601 3457 reges,
1622 3363 1659 3434 in
1676 3362 1789 3457 pretio
1815 3361 1894 3433 illas
1916 3360 2100 3446 habentes,
2120 3369 2191 3434 tam
2209 3362 2310 3435 illus·

689 3513 706 3546 a
727 3486 838 3557 tribus
858 3487 970 3580 signis
984 3488 1223 3559 decorabunt:
1245 3487 1410 3580 quamdiu
1440 3488 1615 3582 principes
1642 3509 1760 3571 manu,
1790 3509 1859 3580 qua
1889 3493 2029 3580 sceptra
2045 3491 2179 3568 tenent,
2199 3509 2307 3560 mem-

690 3638 706 3670 κ
729 3611 859 3682 branas
877 3635 947 3683 non
967 3610 1266 3706 dedignabuntur,
1304 3619 1340 3683 et
1367 3612 1564 3705 majestate,
1593 3634 1662 3704 qua
1688 3632 1799 3704 regna
1828 3617 1863 3682 et
1891 3609 2039 3704 imperia
2064 3609 2304 3698 moderantur,

683 3763 706 3794 s
729 3734 959 3806 eruditionem
978 3743 1014 3807 et
1032 3734 1189 3807 eruditos
1207 3735 1376 3808 fovebunt
1391 3741 1457 3808 etc.
1483 3770 1499 3800 η

513 3840 616 3969 mg}
736 3857 978 3930 Memorabilis
1015 3866 1050 3931 et
1083 3857 1146 3930 illa
1171 3858 1356 3931 celebritas
1388 3858 1602 3938 academica,
1629 3856 1698 3928 Vll
1725 3854 1897 3928 kalendas
1938 3856 2152 3943 decembres,
2181 3858 2308 3931 Beatus

449 3993 452 3998 ’
493 3993 581 4064 ‚phos
594 4014 652 4054 aca-
685 3980 885 4054 Catharinae
916 3981 1057 4075 virgini,
1086 3982 1229 4077 praesidi
1261 3981 1468 4064 scholarum,
1501 4004 1601 4052 sacro
1633 3979 1766 4084 habita.
1797 3978 1883 4050 Tria
1898 3975 1974 4051 tu'm
1992 3988 2093 4053 erant
2112 3980 2148 4052 in
2181 3981 2307 4075 primis

512 4071 655 4213 gffiwga
685 4109 830 4181 visenda
852 4133 860 4179 :
879 4130 1063 4203 procerum
1093 4107 1303 4201 frequentia,
1325 4105 1454 4178 aedium
1484 4112 1704 4188 ornamenta,
1725 4112 1760 4177 ot
1777 4105 1941 4199 splendor
1958 4129 2035 4178 cum
2066 4106 2197 4179 civicus
2227 4115 2306 4179 tum

512 4232 622 4292 manns
685 4230 929 4304 scholasticus
962 4230 1275 4326 Triumphantibus
1304 4253 1382 4301 cum
1400 4229 1541 4301 civitate
1558 4225 1767 4299 academicis
1794 4224 1838 4297 ad
1868 4225 2020 4298 musicos
2038 4249 2082 4299 ex
2100 4225 2181 4299 aula
2197 4228 2307 4301 ctiam

513 4313 544 4370 ν’
561 4321 589 4372 et
605 4321 640 4375 M.
681 4357 784 4451 regia
797 4353 986 4441 choros‚'et
998 4354 1095 4426 vario
1113 4355 1306 4427 carminum
1320 4376 1463 4448 genere,
1483 4351 1574 4425 belle
1588 4351 1633 4423 ad
1650 4357 1861 4446 praesentem
1877 4350 2092 4445 triumphum
2105 4372 2302 4424 accommo-

685 4479 781 4562 dato,
802 4479 917 4551 divam
950 4501 1051 4552 suam
1075 4478 1347 4561 celebrantibus,
1379 4477 1540 4562 aderant,
1569 4473 1725 4549 comitati
1742 4457 2057 4570 regiosprincipes
2076 4474 2239 4547 Carolum
2265 4481 2304 4546 et

617 4664 623 4673 ,
683 4603 835 4688 Annam,
852 4603 1021 4698 praesides
1047 4603 1319 4698 provinciarum,
1344 4602 1501 4696 palatini,
1522 4599 1716 4685 castellani,
1736 4597 1888 4670 ministri
1902 4605 2026 4682 status,
2050 4597 2191 4692 aliique,
2225 4598 2304 4672 suis

684 4728 844 4824 insignes
874 4727 1089 4812 muneribus,
1120 4751 1284 4822 proceres
1313 4725 1596 4820 frequentissimi.
1619 4724 1701 4797 Non
1718 4723 1885 4820 templum
1914 4722 2018 4796 modo
2048 4721 2239 4795 academiae
2262 4732 2303 4798 et

682 4875 815 4938 aream,
835 4853 897 4926 sed
911 4853 1048 4950 plateas
1062 4855 1167 4926 etiam
1182 4853 1311 4924 circum
1325 4875 1446 4925 omnes
1459 4850 1645 4924 multitudo
1659 4849 1763 4924 exciti
1777 4848 1823 4922 ad
1834 4848 2049 4945 triumphum
2061 4847 2182 4945 populi
2198 4849 2304 4922 inun-

680 4979 788 5054 davit.
811 4979 941 5052 Lucem
959 4978 1134 5074 publicam
1158 4978 1325 5074 augebat,
1362 4984 1490 5072 praeter
1518 4975 1602 5060 alia,
1627 4975 1794 5071 splendor
1819 4975 2052 5073 gymnasiis
2080 4973 2225 5068 fastigio
2252 4975 2303 5046 ad

676 5109 796 5192 bases,
817 5107 911 5179 intra
930 5112 1098 5200 extraque
1115 5104 1284 5202 peristyla
1313 5127 1352 5177 ac
1378 5099 1660 5198 peridromidem,
1689 5102 1798 5198 regiis
1827 5099 2083 5197 peristromatis
2115 5099 2304 5196 signisque

680 5233 853 5308 exornati.
887 5235 928 5305 ln
944 5232 1061 5305 media
1085 5231 1274 5304 academiae
1299 5254 1383 5304 area
1417 5231 1535 5304 stabat
1552 5229 1643 5301 divae
1660 5226 1826 5323 martyris
1856 5248 1932 5311 ara,
1966 5231 2072 5321 super
2100 5224 2239 5320 gladios
2264 5235 2305 5300 et
