4906 6642
681 739 702 803 8
1037 746 1312 810 LITUANICARUM
1335 749 1556 812 soulsrlrls
1576 754 1664 816 JESU
1685 756 1938 820 ursroalltruu

678 921 716 994 in
732 921 929 1010 Poloniam,
945 947 1058 1021 vagus
1070 950 1134 1023 per
1151 929 1291 1026 oppida,
1312 953 1407 1005 nunc
1423 933 1651 1029 Zvinglianus
1668 936 1742 1028 ille,
1757 962 1851 1015 nunc
1865 941 2064 1016 Luteranus
2084 965 2213 1039 praeco,
2240 947 2303 1023 dc-

652 1099 654 1104 ·
677 1045 782 1141 nique
799 1046 1114 1136 sacramentarius,
1131 1061 1387 1151 proptereaque
1408 1057 1452 1129 ab
1472 1058 1649 1134 haereticis
1663 1063 1782 1149 etiam,
1804 1065 1842 1139 in
1857 1066 1981 1161 primis
1998 1089 2021 1140 a
2037 1067 2199 1154 Timauo,
2214 1072 2301 1145 Joa-

675 1169 807 1257 chimo,
834 1172 1045 1266 Vestphalo,
1079 1175 1250 1265 Erasmo,
1284 1179 1441 1268 Alboro,
1473 1182 1611 1279 scriptis
1636 1191 1677 1258 et
1697 1186 1923 1260 concionibus
1957 1189 2180 1284 exagitatus,
2204 1215 2298 1267 anno

675 1295 824 1392 denique
843 1297 947 1382 1560,
965 1299 1069 1372 homo
1092 1301 1189 1376 nulla
1205 1303 1390 1401 religione,
1418 1306 1578 1402 disperiit
1602 1308 1649 1406 (ι).
1684 1309 1847 1386 Andreas
1879 1313 2193 1402 Hosen-Enderle,
2221 1318 2297 1393 sive

675 1419 857 1507 Osiandcr,
877 1422 1049 1510 Bararus,
1068 1424 1161 1498 fabri
1181 1427 1318 1502 ferrarii
1340 1429 1447 1516 filius,
1470 1431 1652 1527 cyclopum
1668 1433 1951 1525 immanissimus,
1964 1433 2094 1512 'merito
2111 1461 2175 1512 suo
2192 1440 2295 1514 Anti-

673 1541 842 1628 christus,
870 1544 893 1615 J
896 1546 1018 1620 udaeus
1035 1550 1264 1624 recutitorum
1280 1554 1520 1650 turpissimus,
1542 1554 1647 1629 homo
1670 1559 1842 1644 nefarius,
1863 1561 2138 1650 consceleratus,
2165 1564 2290 1652 draca

672 1665 774 1761 niger
803 1666 981 1756 diabolus,
1013 1671 1126 1746 hostis
1157 1674 1304 1760 Christi,
1334 1677 1640 1773 areligiosissimo
1668 1681 1892 1756 Varmiorum
1921 1685 2077 1760 antistita
2105 1687 2294 1762 cardinale

675 1789 787 1861 Hosio
805 1789 878 1886 (lib.
897 1793 912 1864 Ι
931 1791 975 1866 de
988 1793 1139 1893 Haeret.)
1152 1799 1370 1894 appellatus:
1391 1808 1576 1896 corruptor
1591 1801 1652 1874 ille
1668 1804 1854 1879 multarum
1869 1807 2039 1902 gentium,
2056 1783 2296 1883 Borussorum

670 1915 839 2004 maxime;
856 1940 942 1992 usus
956 1919 998 1992 ad
1012 1923 1203 2016 perniciem
1217 1947 1322 2021 opera
1334 1927 1649 2012 contubernalium,
1667 1929 1689 1999 J
1692 1930 1817 2002 oannis
1833 1930 1979 2016 Funcci,
1994 1931 2159 2026 praeclari
2170 1936 2294 2028 generi

668 2039 907 2126 sui,Matthiae
924 2045 1073 2131 Horstii,
1088 2048 1111 2119 J
1114 2049 1238 2121 oannis
1249 2051 1374 2138 Suelli,
1388 2052 1537 2124 loannis
1555 2052 1776 2138 Steinbachi;
1797 2055 1997 2127 mortalium
2010 2057 2100 2128 adeo
2115 2058 2292 2132 conscele-

669 2172 836 2255 ratorum,
853 2175 892 2240 ut
903 2168 970 2240 hos
986 2169 1062 2265 ipse
1081 2173 1313 2248 Luteranicus
1334 2176 1698 2270 Regiomontanorum
1717 2177 1947 2272 magistratus
1966 2203 2036 2251 uno
2053 2187 2126 2252 tres
2149 2181 2292 2256 decreto

668 2289 801 2384 pariter
814 2314 877 2387 per
895 2300 1064 2368 tortorem
1082 2297 1293 2384 conciderit;
1313 2299 1525 2374 Steinbacho
1540 2299 1680 2395 quidem
1697 2300 1857 2396 expulso,
1874 2301 2048 2376 Osiandro
2061 2303 2099 2400 (a)
2110 2306 2183 2400 jam
2206 2315 2289 2380 ante

665 2411 842 2487 horrenda
859 2424 971 2491 morte
998 2418 1148 2493 sublato.
1169 2421 1377 2496 Franciscus
1394 2423 1598 2508 Stancarus,
1628 2422 1752 2509 Italus,
1783 2423 1988 2498 clitellarius
2007 2425 2208 2512 homuncio,
2228 2430 2290 2524 qui

597 2554 606 2564 ·
667 2536 800 2612 scilicet
813 2560 929 2635 nuper
946 2542 1040 2636 apud
1057 2543 1274 2619 Mantuanos
1282 2555 1442 2621 vecturas
1452 2569 1599 2648 corpore
1608 2546 1806 2631 factitabat;
1823 2569 1867 2620 ex
1877 2548 1990 2634 ltalia,
2005 2548 2183 2635 Helvetia,
2203 2551 2291 2625 Ger·

665 2662 782 2736 mania
795 2663 927 2760 ejectus
939 2649 1084 2762 propter
1097 2669 1233 2742 scelera
1257 2695 1265 2742 :
1285 2694 1308 2743 a
1326 2671 1489 2746 Samuele
1503 2670 1772 2767 Maciejovskio,
1796 2670 2078 2745 Cracoviensium
2108 2675 2285 2771 episcopo,

664 2788 843 2884 conjectus
868 2789 905 2860 in
929 2790 1069 2888 vincula
1090 2793 1196 2867 :inde
1219 2792 1373 2890 elapsus,
1394 2796 1605 2881 Pinczoviae,
1625 2794 1662 2866 in
1681 2793 1808 2889 oppido
1824 2794 2066 2888 Cracoviensis
2088 2798 2282 2896 municipii,

661 2934 762 2983 suum
780 2911 958 3006 professus
977 2915 1235 3010 magisterium,
1255 2918 1382 3012 impias
1401 2919 1486 3005 Arii,
1501 2918 1716 3002 Macedonii,
1737 2917 1958 3014 Eutychetis,
1979 2920 2088 3008 Aerii,
2105 2921 2277 3011 Nestorii,

659 3035 815 3110 haereses
833 3036 1033 3110 commistae
1051 3039 1316 3128 disseminavit;
1347 3043 1537 3140 adjuvante
1561 3041 1712 3115 maxime
1733 3042 1919 3115 Theodoro
1945 3043 2051 3130 Beue,
2083 3045 2279 3141 suppetias·

562 3257 567 3267 Ι
659 3184 726 3255 que
744 3183 842 3236 esua
858 3163 978 3236 schola
995 3165 1234 3240 submittente.
1256 3167 1347 3248 Quid
1364 3189 1469 3262 porro
1497 3167 1647 3240 hominis
1670 3168 1764 3241 Beza
1784 3167 1902 3262 fuerit,
1931 3168 2013 3263 quia
2027 3191 2065 3241 se
2078 3169 2116 3242 in
2134 3193 2278 3244 causam

658 3293 694 3358 et
725 3287 877 3380 gratiam
897 3287 1125 3361 =Polonorum
1155 3290 1351 3367 insinuaret
1367 3317 1431 3390 per
1459 3293 1610 3376 litteras,
1638 3301 1674 3366 et
1698 3292 1849 3379 libellos,
1880 3294 1956 3389 regi
1986 3293 2093 3367 etiam
2122 3295 2275 3380 oblatos,

655 3415 913 3487 admonendum
925 3417 1062 3510 putavit
1077 3419 1341 3514 Sigismundum
1357 3420 1558 3513 Augustum
1577 3417 1708 3490 Hosius
1727 3417 1775 3514 (a).
1797 3419 1920 3512 ltaque
1941 3417 2081 3490 scribit:
2103 3449 2119 3480 a
2136 3419 2277 3514 Inspexi

657 3570 673 3600 a
696 3539 866 3626 libellum,
884 3564 987 3635 quem
1004 3543 1197 3618 obtrudunt
1209 3545 1386 3642 majestati
1399 3549 1541 3628 vestrae,
1562 3529 1648 3622 uidi,
1669 3540 1762 3633 quod
1775 3540 1813 3612 in
1839 3563 1881 3613 eo
1899 3539 2078 3612 Theodori
2095 3541 2189 3613 Beza
2212 3542 2274 3613 do-

656 3693 671 3724 «
693 3664 807 3737 ctrina
819 3664 1030 3740 continetur.
1048 3669 1098 3740 Ut
1114 3679 1231 3744 autem
1244 3669 1329 3742 sciat
1345 3668 1512 3761 majestas
1525 3671 1656 3748 vestra,
1674 3663 1734 3756 qui
1752 3663 1807 3734 vir
1825 3661 1952 3759 sitista
1969 3663 2064 3736 Beza
2082 3689 2089 3736 :
2111 3665 2275 3737 scribitur

655 3820 671 3850 κ
693 3813 715 3860 a
733 3789 817 3860 viris
834 3787 904 3860 fide
917 3787 1046 3883 dignis,
1064 3791 1157 3884 quod
1170 3813 1308 3865 omnem
1327 3791 1435 3863 vitam
1452 3813 1553 3863 suam
1566 3788 1603 3860 in
1619 3786 1739 3859 lustris
1753 3794 1788 3859 et
1812 3785 1936 3880 ganeis
1959 3795 1994 3860 et
2016 3786 2054 3858 in
2080 3788 2174 3860 omni
2195 3787 2274 3862 libi·

652 3940 668 3970 «
690 3912 810 3984 diuum
827 3933 957 4007 genere
973 3902 1141 3996 traduxit,
1161 3922 1266 4008 atque
1282 3915 1415 3987 indicat
1432 3916 1499 3987 hoc
1515 3915 1807 4010 epigrammatum
1820 3911 1911 3986 liber
1924 3935 1989 4007 per
2006 3913 2122 4008 ipsum
2139 3913 2269 4000 editus,

652 4063 668 4092 a
691 4034 810 4128 inquo
829 4035 998 4122 Catullus,
1020 4035 1192 4121 Tibullos,
1213 4044 1249 4109 et
1266 4038 1452 4112 Martiales
1465 4037 1612 4110 lascivia
1625 4036 1887 4131 petulantiaque
1909 4059 1986 4118 sua,
2020 4035 2050 4108 si
2075 4059 2147 4108 non
2173 4059 2274 4133 supe

650 4186 666 4215 a
689 4179 781 4243 rare,
798 4180 938 4252 aequare
955 4158 1079 4234 saltem
1096 4158 1246 4232 videtur.
1281 4162 1349 4240 Qui
1376 4183 1455 4234 cum
1478 4161 1516 4232 in
1541 4167 1714 4233 conventu
1744 4159 1924 4232 Poissiaco
1937 4182 1977 4232 ca
1991 4159 2099 4232 verba
2115 4180 2271 4254 pronun-

651 4311 666 4340 «
687 4280 823 4367 tiasset,
840 4306 920 4377 quae
935 4282 1040 4378 paulo
1054 4289 1136 4355 ante
1149 4287 1430 4370 commemoravi,
1457 4293 1531 4358 tam
1558 4285 1688 4358 distare
1702 4308 1828 4381 corpus
1849 4285 1894 4356 ab
1908 4284 2145 4368 Eucharistia‚
2166 4308 2270 4379 quam

649 4432 666 4462 a
688 4404 815 4477 coelum
831 4415 974 4492 aterra,
995 4408 1110 4502 lepide
1127 4430 1148 4480 e
1165 4408 1346 4497 sodalibus
1364 4412 1438 4505 ejus
1452 4410 1594 4504 quidam
1622 4410 1752 4483 dixisse
1781 4409 1918 4483 fertur:
1949 4410 2122 4503 quomodo
2152 4409 2271 4483 credat

650 4559 666 4590 κ
689 4531 822 4626 Corpus
841 4533 970 4605 Christi
984 4556 1061 4606 esse
1077 4533 1115 4605 in
1132 4532 1371 4618 Eucharistia,
1393 4531 1451 4628 qui
1464 4533 1524 4604 vix
1543 4532 1659 4604 Deum
1688 4533 1724 4604 in
1743 4533 1833 4605 coelo
1851 4554 1928 4604 esse
1945 4531 2089 4608 credatt
2119 4531 2188 4604 Hic
2214 4541 2268 4606 est

650 4684 666 4714 κ
687 4655 762 4751 ipse
780 4656 885 4742 Beza,
902 4657 961 4750 qui
978 4657 1100 4729 ducem
1122 4655 1222 4729 illum
1239 4654 1479 4738 fortissimum,
1504 4655 1677 4739 Guisium,
1693 4653 1819 4750 praelia
1834 4654 1974 4726 Domini
1992 4653 2212 4747 praebentem
2229 4655 2267 4726 in

649 4808 666 4840 κ
688 4780 826 4868 Galliis,
855 4805 933 4872 cum
950 4780 1019 4852 alia
1045 4781 1180 4854 ratione
1204 4781 1295 4854 vinci
1313 4803 1384 4853 non
1409 4801 1512 4874 posse
1534 4778 1683 4864 videret,
1709 4778 1880 4851 submisso
1903 4777 2042 4866 sicario,
2062 4800 2134 4850 non
2150 4777 2265 4872 magis

687 5008 725 5086 (t)
747 5005 864 5084 Bielslri,
876 5026 905 5084 p.
921 5009 991 5068 609.
1006 4965 1145 5067 Osiandcr
1156 5012 1184 5066 ct
1198 5007 1285 5071 Socii.
1305 5039 1343 5049 -
1356 5003 1396 5082 (t)
1418 5005 1460 5064 Dc
1484 5011 1574 5062 morte
1598 5003 1728 5064 Osiandri
1744 5008 1773 5063 et
1798 5007 1878 5077 rapto
1893 4987 1976 5060 suo'a
1991 5001 2113 5059 diabolis
2128 5002 2263 5060 cadavere

641 5116 704 5176 vido
723 5114 876 5176 historiam
901 5116 1062 5178 Prussicam
1078 5113 1201 5176 loannis
1215 5113 1288 5183 Leo,
1311 5114 1361 5172 lib.
1381 5111 1456 5182 Vlll,
1473 5125 1539 5190 pag.
1557 5112 1628 5170 462.
1646 5143 1685 5153 -
1709 5109 1750 5187 (3)
1766 5108 1874 5168 Hosius
1889 5107 1978 5183 Eplst.
2006 5107 2074 5175 tid,
2099 5113 2127 5165 ct
2147 5108 2196 5166 lib.
2214 5109 2261 5180 qui

642 5224 815 5286 inscribitur:
828 5223 972 5285 catholica
996 5223 1122 5284 Censura
1135 5223 1170 5280 dc
1184 5221 1324 5280 adoranda
1342 5221 1487 5294 Trinitate,
1506 5232 1602 5297 apag.
1619 5218 1688 5276 187.
