4948 6672
691 773 753 842 454
1383 780 1616 844 arcusarcus,

689 973 780 1046 ferre
807 972 913 1045 unitis
940 981 975 1047 et
1001 974 1143 1048 tradere
1161 975 1355 1048 uon-unitis
1372 974 1490 1061 vellet,
1506 973 1716 1069 contrajnra
1733 975 1910 1046 unitorum
1936 967 2081 1052 faceret,
2100 986 2144 1038 ac
2160 963 2310 1064 proinde

688 1084 854 1180 injuriam
867 1084 937 1158 illis
951 1085 1107 1170 inferret,
1124 1109 1188 1159 uec
1204 1095 1324 1182 posset
1340 1086 1409 1159 nisi
1426 1086 1507 1182 lege
1519 1087 1651 1183 injusta
1664 1107 1706 1158 ea
1719 1083 1789 1156 illis
1812 1083 1980 1162 adimere,
2018 1101 2097 1173 quae
2126 1076 2196 1152 illis
2224 1076 2309 1149 solis

689 1194 920 1290 (nequaquam
932 1219 1015 1270 vero
1025 1197 1255 1271 schismaticis
1265 1197 1480 1294 nominatim)
1499 1199 1582 1293 jure
1600 1195 1786 1269 Pontificio
1804 1202 1840 1268 et
1866 1191 1983 1287 Regio
2005 1191 2112 1262 immo
2134 1196 2169 1264 et
2199 1188 2308 1261 totius

641 1291 647 1305 ⁹
689 1305 909 1400 Reipublicae
944 1309 1112 1380 nostratis
1142 1316 1353 1405 competant,
1385 1311 1477 1404 quod
1508 1310 1559 1382 sic
1576 1307 1736 1381 ostendo.

739 1416 842 1497 Quod
858 1419 944 1513 Jura
976 1418 1164 1492 Pontificia
1194 1421 1387 1516 peculiaria
1416 1404 1479 1517 pro
1505 1418 1681 1494 Ruthenis
1699 1416 1804 1490 unitis
1825 1413 1967 1499 faciant,
1997 1411 2135 1486 omissis
2156 1410 2309 1488 decretis

690 1534 911 1609 Summorum
926 1535 1137 1609 Pontificum
1151 1559 1173 1608 a
1193 1561 1250 1610 me
1267 1558 1373 1632 supra
1386 1534 1525 1618 relatis,
1541 1532 1619 1604 haec
1634 1527 1842 1603 nominatim
1858 1549 1933 1599 rem
1951 1524 2114 1597 evincunt
2132 1547 2140 1598 ε

667 1695 682 1726 .
741 1647 776 1718 1⁰
799 1645 1025 1740 Rescriptum
1053 1647 1109 1720 Pii
1139 1649 1173 1721 ll
1195 1649 1241 1720 ad
1266 1649 1405 1744 Regem
1432 1643 1590 1719 Poloniae
1615 1642 1824 1716 Casimirum
1844 1634 2107 1733 Jagellonidem
2123 1657 2184 1712 an.
2215 1635 2312 1709 1450

689 1757 808 1856 [immo
843 1755 949 1854 1458]
967 1755 1129 1844 missum;
1157 1759 1195 1829 in
1222 1781 1290 1853 quo
1321 1759 1454 1844 scribit,
1479 1753 1695 1829 antecessori
1723 1775 1786 1824 suo
1805 1749 1954 1823 callixto
1974 1749 2028 1820 lll
2047 1746 2223 1822 Isidorum
2240 1769 2313 1820 me·

687 1867 890 1965 tropolitam
905 1868 1013 1941 totius
1031 1868 1172 1942 Russiae
1186 1878 1221 1944 et
1238 1871 1538 1968 archiepiscopum
1556 1864 1782 1938 Kioviensem
1796 1861 1998 1956 resignasse
2011 1860 2106 1933 huuc
2118 1858 2313 1954 archiepis-

689 1989 868 2078 copatum,
889 1987 924 2055 et
942 1969 1115 2054 Calixtum
1133 1984 1209 2079 ejus
1236 1983 1314 2056 loco
1332 1984 1440 2056 alium
1457 1982 1610 2080 (nomine
1624 1975 1850 2073 Gregorium,
1860 1973 2173 2048 archimandritam
2186 1972 2225 2045 S.
2240 1972 2312 2046 De-

688 2093 804 2167 metrii
818 2091 1192 2186 Constantinopolitaui
1206 2118 1283 2167 cum
1298 2095 1335 2167 S.
1346 2097 1392 2168 R.
1410 2095 1454 2167 Ε.
1470 2091 1618 2187 unitum)
1636 2091 1850 2175 nominasse,
1870 2088 1973 2181 eique
1986 2107 2105 2160 omnes
2129 2083 2314 2180 episcopos

690 2211 726 2278 et
759 2204 981 2299 episcopatus
999 2205 1108 2298 graeci
1134 2206 1222 2278 ritus
1236 2207 1333 2303 (quos
1360 2205 1408 2278 ibi
1431 2205 1595 2277 distincte
1627 2201 1798 2286 nominat,
1830 2199 2029 2297 praesertim
2070 2195 2313 2281 Kioviensem,

690 2314 989 2399 Premislieusem,
1010 2313 1554 2401 Luceoriensem,Haliciensem,
1570 2315 1652 2402 etc.)
1671 2310 1887 2396 subdidisse;
1912 2307 2059 2404 proinde
2080 2329 2119 2382 se
2132 2329 2193 2382 aos
2218 2328 2314 2378 com·

693 2424 857 2500 mendara
874 2426 1083 2520 protectioni
1100 2428 1225 2522 regiae,
1246 2435 1282 2500 et
1298 2449 1427 2521 rogare
1450 2431 1488 2498 ut
1514 2425 1642 2498 Jonam
1668 2425 1947 2509 schismaticum,
1968 2424 2027 2518 qui
2052 2445 2092 2498 se
2120 2421 2317 2496 intruserat

692 2536 878 2609 indictam
907 2535 1141 2630 metropolim,
1185 2537 1299 2633 poenis
1329 2547 1513 2625 coerceat;
1545 2538 1702 2634 legitimo
1731 2543 1850 2613 autem
1872 2535 2106 2634 metropolita
2139 2536 2316 2632 Gregorio

692 2675 771 2724 cum
801 2649 839 2722 S.
858 2649 907 2723 R.
931 2649 975 2722 Ε.
997 2649 1093 2722 unito
1117 2651 1259 2726 obedire
1272 2653 1382 2727 faciat
1398 2677 1519 2752 omnes
1537 2653 1625 2725 alios
1640 2650 1749 2748 graeei
1770 2651 1860 2722 ritus
1881 2649 2078 2746 episcopos,
2092 2654 2128 2720 et
2150 2646 2318 2721 homines

691 2761 729 2836 in
751 2784 864 2858 regno
911 2760 1071 2834 Poloniae
1100 2762 1291 2836 existentes
1309 2775 1376 2841 etc.
1397 2769 1494 2864 Ergo
1513 2791 1633 2840 omues
1669 2765 1890 2861 episcopatus
1915 2770 1950 2836 et
1981 2759 2141 2838 ecclesiae
2170 2760 2320 2834 Russiaa

690 2874 798 2950 unitis
840 2871 985 2968 speciali
1027 2869 1166 2946 decreto
1192 2875 1377 2953 Pontificis
1403 2887 1485 2953 suut
1501 2877 1709 2974 applicatae;
1742 2901 1784 2952 ac
1806 2877 1954 2973 proinde
1983 2875 2060 2954 sine
2083 2877 2214 2973 injuria
2241 2899 2319 2950 non

695 2991 845 3086 possunt
855 2983 981 3056 abillis
995 2984 1140 3069 auferri,
1156 2993 1192 3059 et
1208 2991 1403 3063 non-unitis
1421 2991 1524 3064 tradi.

739 3099 778 3172 2⁰
795 3096 948 3170 Exstant
962 3092 1091 3168 litterae
1106 3096 1231 3170 Isidori
1244 3102 1479 3197 metropolitae
1496 3101 1713 3186 Kioviensis,
1737 3102 1862 3196 Legati
1879 3123 1902 3173 a
1924 3101 2032 3174 latere
2051 3099 2153 3174 Sedis
2164 3097 2321 3195 Aposto-

692 3207 785 3293 licee,
805 3207 925 3280 decem
941 3208 979 3301 (l)
999 3207 1104 3279 annis
1117 3209 1346 3303 antiquiores
1360 3213 1500 3308 scriptae
1512 3235 1572 3285 an.
1588 3212 2037 3308 manumitterentur
2052 3211 2155 3284 hicet
2170 3211 2323 3285 Graecos

696 3315 1040 3392 etRuthenosfuisse
1061 3319 1098 3391 in
1116 3319 1260 3394 unione.
1288 3323 1384 3418 Ergo
1417 3332 1452 3398 et
1481 3324 1639 3398 ecclesiae
1656 3331 1692 3396 et
1716 3323 1937 3420 episcopatus
1966 3323 2213 3396 Ruthanorum
2229 3322 2321 3395 hinc

692 3439 794 3504 erant
812 3430 1001 3503 unitorum.
1017 3430 1165 3504 Minime
1181 3441 1329 3527 possunt
1342 3458 1428 3530 ergo
1446 3437 1491 3508 ab
1505 3419 1556 3510 eis
1570 3435 1700 3510 auferri
1717 3443 1753 3508 et
1770 3433 1848 3507 dari
1865 3435 2074 3509 non-unitis.

740 3544 778 3616 3ο
797 3543 868 3618 Sed
885 3550 920 3615 et
934 3542 1040 3636 longe
1053 3549 1136 3615 ante
1154 3543 1232 3617 haec
1247 3552 1416 3640 tempora,
1431 3568 1556 3642 nempe
1569 3569 1591 3618 a
1605 3547 1747 3620 Summo
1762 3544 1933 3618 Pontifice
1948 3542 2108 3641 [Urbano
2120 3541 2317 3643 Secundo],

655 3642 660 3650 ’
692 3657 890 3730 institutum
905 3661 959 3729 est
978 3652 1105 3727 lestum
1122 3655 1365 3730 translationis
1389 3659 1545 3753 corporis
1564 3658 1600 3731 S.
1618 3658 1756 3731 Nicolai
1774 3658 1954 3758 Myrensis
1972 3658 2030 3730 die
2046 3659 2070 3730 9
2086 3657 2194 3743 maii;
2218 3660 2320 3752 quod

689 3768 816 3841 festum
830 3768 945 3841 Graeci
963 3768 1171 3862 rejecerunt,
1196 3776 1235 3840 ut
1253 3769 1358 3864 capiti
1383 3771 1547 3842 Romano
1572 3769 1825 3856 inobedientes,
1849 3771 1950 3865 quasi
1979 3769 2015 3841 id
2032 3771 2068 3841 in
2086 3769 2320 3865 opprobrium

689 3880 830 3953 illorum
846 3880 975 3951 sactum
1002 3885 1106 3964 esset,
1124 3880 1216 3974 quod
1236 3882 1356 3953 tantus
1381 3881 1569 3954 thesaurus
1583 3904 1626 3954 ex
1640 3883 1784 3957 Oriente
1819 3883 1857 3953 in
1878 3882 2101 3954 Occidentem
2117 3880 2319 3956 translatus

689 3994 824 4068 fuisset.
852 3993 1009 4067 Rutheni
1039 4001 1157 4067 autem
1178 4016 1297 4068 omnes
1312 3987 1554 4066 solennissime
1573 3993 1703 4067 dictum
1719 3996 1865 4079 festum,
1903 3994 2111 4089 aprimaeva
2127 3994 2182 4067 sui
2210 3994 2321 4068 insti-

689 4109 836 4193 tutione,
853 4105 1044 4180 celebrant.
1065 4105 1163 4200 Ergo
1183 4107 1260 4201 J'am
1282 4106 1327 4177 ab
1346 4105 1407 4177 illo
1429 4111 1598 4200 tempore,
1614 4113 1649 4178 et
1666 4107 1806 4201 quidem
1824 4103 2079 4200 antiquissimo,
2099 4112 2135 4177 et
2151 4104 2319 4179 ecclesiae

689 4227 724 4292 et
737 4221 959 4315 episcopatus
972 4225 1008 4290 et
1019 4225 1114 4290 totus
1127 4217 1276 4314 populus
1289 4217 1535 4291 Ruthenorum
1546 4217 1623 4289 erat
1635 4219 1670 4290 in
1678 4218 1807 4290 unione
1820 4217 2122 4290 cumS.Romana
2134 4214 2316 4291 Ecclesia.

738 4335 776 4405 4⁰
811 4331 1041 4404 Inveniuntur
1074 4329 1168 4425 apud
1189 4329 1305 4402 unitos
1321 4328 1450 4401 litterae
1471 4327 1619 4400 Macarii
1636 4329 1868 4425 metropolitae
1881 4329 2023 4402 Russiae
2036 4329 2082 4402 ad
2108 4328 2244 4401 Sixtum
2259 4330 2320 4413 IV

689 4443 898 4520 Pontificem
916 4443 1111 4517 Maximum
1132 4443 1226 4514 circa
1255 4464 1387 4513 annum
1408 4441 1502 4515 1485
1514 4442 1548 4536 (ι)
1576 4441 1730 4538 scriptae,
1753 4465 1775 4515 a
1803 4441 1962 4538 pluribus
1997 4447 2033 4513 et
2059 4442 2199 4536 maguis
2223 4441 2319 4514 viris

689 4554 929 4650 spiritualibus
955 4561 989 4626 et
1007 4552 1236 4625 saecularibus
1254 4552 1462 4648 subscriptae
1479 4559 1595 4646 atque,
1610 4558 1648 4624 ut
1660 4553 1864 4648 praeferunt,
1881 4577 1945 4650 per
1953 4554 2112 4649 insignes
2122 4554 2319 4633 Ruthenos

688 4666 825 4738 nobiles
839 4666 991 4739 Romam
1004 4665 1135 4736 missae.
1159 4664 1199 4735 ln
1213 4663 1338 4757 quibus
1356 4662 1744 4758 metropolitaRussiae,
1757 4689 1834 4738 cum
1849 4689 1912 4739 suo
1932 4666 2025 4739 clero
2044 4675 2078 4739 et
2094 4665 2224 4762 populo
2238 4690 2318 4742 non

688 4777 793 4849 modo
811 4801 849 4850 se
868 4778 1003 4849 unitum
1022 4798 1100 4850 esse
1122 4775 1319 4871 profitetur,
1352 4775 1415 4847 sed
1442 4774 1616 4870 supplicat
1649 4776 1755 4848 etiam
1775 4777 1952 4875 [Romano
1967 4776 2042 4850 scil.
2063 4775 2257 4874 Pontifici],
2275 4787 2318 4852 ut

681 4889 868 4987 jubilaeum
885 4889 1034 4985 prosola
1046 4888 1177 4961 Russia
1191 4889 1320 4960 mittat.
1334 4885 1723 4982 Ergotuncetiamfuit
1736 4888 1955 4964 uniocumS.
1973 4885 2317 4962 RomanaEcclesia

687 5002 876 5096 etquidem
892 5023 970 5074 cum
984 4999 1200 5096 subjectione
1215 5000 1260 5072 ad
1279 4998 1450 5072 eamdem.

727 5137 772 5222 (1)
789 5137 964 5222 [Podandus
986 5143 1046 5199 orat
1071 5153 1160 5198 annas
1177 5139 1253 5198 1176
1276 5155 1331 5214 quo
1352 5143 1431 5198 cerlo
1446 5139 1550 5198 certius
1575 5137 1729 5200 littoraehae
1744 5139 1916 5220 gravissima
1940 5142 2051 5201 luerunt
2082 5135 2197 5214 scripta
2209 5165 2218 5212 ;
2243 5139 2315 5201 item

687 5237 752 5298 loco
764 5236 879 5298 Macarii
893 5236 1032 5316 legendus
1044 5229 1171 5314 llisael].
