4930 6634
697 785 805 846 LIBER
829 787 994 850 OCTAVUS
1013 787 1235 872 (loeo-loto).
1728 790 1790 856 325

170 968 290 1042 dextro
316 992 390 1042 arae
415 968 559 1064 majoris
584 977 693 1042 cornu
724 971 770 1044 ad
796 972 947 1045 medium
969 973 1090 1068 templi
1115 973 1289 1059 rhetores,
1315 996 1337 1045 a
1363 974 1505 1048 sinistro
1533 982 1666 1068 poetae:
1697 996 1781 1046 suas
1820 981 1888 1039 telo·

170 1093 312 1189 quisque
328 1093 464 1188 ingenii
478 1099 513 1166 et
533 1094 708 1167 industria
725 1117 823 1190 opes,
850 1097 1034 1192 eleganter
1055 1098 1223 1193 depictas,
1241 1100 1474 1195 explicarunt.
1495 1101 1528 1174 Α
1544 1103 1654 1174 latere
1667 1107 1785 1174 erecta

170 1218 352 1313 magnifice
383 1217 495 1292 Beato
527 1219 664 1313 parenti
679 1241 743 1290 ara
774 1243 852 1291 cum
881 1221 949 1294 hoc
984 1225 1270 1318 epigrammate:
1299 1265 1348 1278 —-
1366 1247 1402 1297 n.
1433 1248 1467 1298 o.
1489 1247 1530 1296 u.
1562 1246 1620 1297 os.
1655 1246 1787 1298 snsvn-

168 1365 251 1415 rmr.
283 1365 414 1416 runos.
448 1364 606 1416 onrrruu.
635 1365 869 1417 soomrnrnu.
899 1366 997 1418 reso.
1024 1369 1224 1422 pannosus.
1252 1351 1292 1422 In
1323 1352 1435 1425 altero
1465 1359 1625 1436 extructa
1655 1351 1788 1445 pariter

168 1467 222 1540 his
252 1467 319 1539 fuit
344 1467 495 1561 insignis
528 1468 823 1540 characteribus:
852 1489 997 1540 orrrmo.
1024 1492 1146 1545 parm.
1176 1499 1334 1550 suorum.
1367 1501 1537 1552 nnanurr.
1566 1501 1622 1550 ac.
1651 1500 1788 1549 ronon-

133 1601 138 1610 '
168 1615 262 1668 rom.
296 1613 651 1665 orvo.1ennr10.nx.
674 1613 816 1664 norom.
846 1612 980 1663 oraora.
1000 1615 1195 1680 cursuros.
1224 1619 1382 1669 ronrrcn.
1413 1620 1463 1669 m.
1494 1620 1604 1669 anus.
1635 1618 1788 1669 omuns-

169 1737 302 1790 errare.
345 1735 402 1788 ur.
438 1735 634 1787 rennuunt.
679 1737 861 1788 vrnnnusr.
905 1738 1116 1792 soomrnrrs.
1159 1744 1257 1794 uaso.
1299 1745 1384 1794 ouu.
1425 1744 1559 1794 annum.
1606 1742 1784 1794 soomrns.

170 1859 309 1910 marsi.
342 1857 492 1910 sancum.
526 1859 732 1910 unuoamu.
766 1859 1004 1914 sonnnumna.
1039 1866 1287 1917 cannannsnr.
1325 1867 1462 1918 rosum.
1491 1867 1548 1917 so.
1582 1867 1783 1918 onoronvrr.

170 1984 495 2036 ANNo.M.o.c.x.1..
512 1983 573 2033 orn
590 1983 740 2034 x.x.x.1.
762 1985 868 2037 sunu.

218 2085 275 2157 Ad
292 2083 463 2181 parietem
489 2083 649 2156 dextrum
667 2107 739 2156 una
763 2089 918 2181 porticus
944 2089 1123 2177 continua,
1154 2113 1197 2163 ex
1226 2093 1510 2188 architectonicae
1533 2094 1673 2190 legibus
1703 2116 1787 2166 con·

170 2215 316 2294 structa,
335 2209 529 2281 visebatur.
550 2206 665 2301 Hujus
683 2207 900 2302 contignatio
918 2213 1078 2306 superior
1103 2219 1466 2291 concameratiouibus
1491 2217 1650 2291 flexuosa
1667 2220 1784 2293 multi-

164 2332 276 2428 jugis,
298 2333 433 2406 modice
451 2331 642 2427 fastigiata,
664 2333 799 2404 nitebat
811 2335 902 2428 parii
911 2334 1062 2409 candore
1080 2336 1220 2433 lapidis,
1237 2343 1552 2428 intermicantibus,
1567 2367 1654 2416 auro
1666 2344 1782 2438 pictis,

169 2453 334 2533 lemmate
364 2457 514 2552 singulis
541 2465 624 2552 apto
639 2509 641 2514 .
654 2443 840 2542 distinctis,
868 2483 1051 2563 procerum
1083 2463 1170 2536 bene
1199 2467 1402 2539 meritorum
1424 2469 1547 2562 patriis
1572 2469 1784 2564 insignibus

170 2587 266 2658 lotor
282 2605 387 2656 arcus
400 2583 585 2677 fulgebant
611 2585 765 2679 grandes
793 2594 933 2672 statuae,
954 2589 1071 2664 colore
1100 2590 1254 2663 inductae
1273 2587 1385 2674 aeneo,
1411 2591 1516 2663 certis
1533 2593 1624 2664 notis
1650 2597 1787 2690 conspi-

169 2731 257 2792 cuae,
286 2706 542 2780 domiciliorum
569 2707 757 2780 Societatis
781 2709 818 2780 in
843 2709 1014 2786 lituanica
1038 2715 1218 2809 provincia
1238 2716 1428 2788 simulacra
1453 2718 1700 2791 :variantibus
1725 2717 1790 2792 illa

169 2831 298 2904 coloris
322 2829 519 2925 ferruginei
547 2830 699 2916 tabulis;
729 2832 766 2904 in
787 2823 922 2927 quibus
937 2835 1148 2910 familiarum
1180 2839 1361 2922 nobilium,
1390 2862 1538 2933 quarum
1563 2849 1726 2915 extarent
1752 2843 1790 2915 in
1823 2893 1826 2902 ,

169 2960 292 3033 Socios
309 2958 447 3043 merita,
477 2959 676 3053 conscripta
693 2969 767 3033 tum
784 2969 892 3057 prosa
908 2969 983 3035 tum
996 2965 1152 3038 carmine
1167 2964 1378 3060 legebantur
1399 2965 1529 3060 elogia.
1547 2965 1788 3062 contignatio-

170 3113 249 3163 nem
271 3091 376 3160 istam
402 3087 626 3160 sustentabat
644 3088 801 3172 inferior,
827 3090 1033 3162 marmoreis
1057 3113 1204 3186 aspersa
1217 3089 1406 3177 coloribus,
1424 3091 1582 3164 sublimis
1600 3091 1737 3165 duabus
1756 3101 1791 3166 et

168 3214 318 3308 triginta
335 3213 450 3308 operis
468 3212 591 3309 jonici·
607 3213 791 3287 columnis.
821 3215 919 3287 Inter
935 3215 1014 3298 has,
1030 3209 1268 3288 beneficorum
1284 3213 1405 3287 laudes
1432 3215 1572 3299 civium,
1593 3218 1692 3313 poesi
1708 3240 1791 3290 con·

169 3337 253 3409 ditae
283 3336 417 3418 melica,
437 3337 663 3431 extantiaque
692 3337 854 3409 umbilico
881 3344 985 3411 tenus
1009 3337 1201 3412 eorundem
1228 3337 1343 3431 signa.
1366 3337 1462 3410 Infra
1483 3339 1560 3411 haec
1577 3340 1789 3436 inscriptio:

168 3485 343 3534 memores
355 3472 390 3534 et
404 3467 524 3554 proti,-
540 3484 648 3558 supra
660 3462 766 3547 lauri,
780 3485 932 3548 coronae,
945 3470 1041 3536 serta
1054 3488 1134 3537 cum
1148 3462 1404 3557 epigrammate
1417 3486 1426 3532 :
1441 3467 1596 3562 nominis
1607 3469 1789 3536 immorta-

168 3591 302 3659 litatem
319 3587 482 3672 :'subter,
502 3586 539 3659 in
555 3587 700 3659 basibus
725 3587 874 3660 maxime
891 3585 1045 3668 aedificii,
1070 3587 1229 3684 symbola
1246 3587 1346 3658 varia
1363 3585 1410 3658 ad
1426 3588 1792 3661 commemorationem

167 3710 419 3784 beneficiorum
443 3713 618 3807 apposita.
647 3711 703 3784 Ab
729 3711 841 3784 latere
859 3710 1014 3796 sinistro,
1031 3712 1224 3806 eregione,
1241 3732 1306 3805 par
1328 3710 1451 3794 moles,
1472 3710 1508 3781 in
1526 3708 1660 3804 aliquot
1673 3710 1790 3782 distri·

166 3835 253 3907 buta
267 3843 397 3929 partes,
417 3833 612 3930 multijugis
630 3842 727 3918 secta
740 3835 968 3922 anfractibus,
986 3836 1137 3931 picturis
1151 3842 1278 3907 ornata
1292 3839 1327 3907 et
1340 3832 1553 3929 anaglyphis
1570 3857 1577 3903 :
1595 3834 1645 3906 sic
1658 3841 1791 3907 structa

166 3966 204 4031 et
221 3959 462 4045 interstincta,
487 3967 526 4032 ut
552 3961 631 4055 ipsa
648 3961 802 4056 partium
827 3959 1074 4033 dissimilitudo
1093 3960 1246 4055 speciem
1265 3957 1485 4052 gratiamque
1503 3957 1650 4029 haberet
1668 3959 1791 4052 praeci·

164 4106 289 4180 psam.
323 4085 401 4158 Hoc
430 4085 615 4157 aedificium
645 4084 782 4178 pilatim
811 4091 984 4156 structum
1014 4091 1049 4156 et
1077 4082 1259 4156 arcuatim.
1295 4080 1334 4151 ln
1373 4080 1517 4156 basibus
1547 4078 1788 4152 columnarum

98 4209 110 4228 ⁰
152 4209 288 4305 elogia
309 4235 316 4283 :
337 4209 374 4282 in
399 4209 569 4282 lateribus
594 4209 698 4304 signa
723 4207 941 4304 principum,
974 4231 1165 4304 eorumque
1190 4206 1369 4280 laudatrix
1395 4207 1512 4301 poesis
1541 4206 1652 4278 varia.
1692 4206 1790 4278 Inter

162 4341 303 4408 statuas
328 4333 627 4406 immortalitatem
657 4331 781 4426 gloriae
809 4330 1056 4426 significabant
1081 4331 1174 4404 idola
1204 4330 1431 4405 AEternitatis
1457 4337 1494 4402 et
1516 4329 1647 4403 Famae.
1678 4329 1789 4402 Trina
1843 4377 1845 4380 -
1884 4331 1887 4338 '

162 4455 273 4552 hujus
287 4480 424 4552 quoque
443 4455 582 4528 aedificii
598 4455 663 4526 fuit
688 4455 927 4528 contabulatio
947 4481 954 4526 :
974 4455 1094 4530 media
1117 4453 1243 4548 elogiis
1262 4453 1368 4548 plena
1387 4460 1421 4525 et
1440 4452 1608 4549 symbolis
1630 4453 1676 4524 ad
1694 4453 1789 4548 prin-

162 4579 282 4674 cipum
301 4587 488 4654 stemmata
499 4579 784 4652 accommodatis.
804 4579 888 4652 Arae
902 4581 1042 4676 majoris
1062 4579 1197 4675 species
1214 4578 1351 4651 caeteris
1373 4576 1438 4650 fuit
1456 4577 1663 4670 augustior;
1684 4576 1787 4671 hujus

162 4704 424 4777 concameratio
437 4703 655 4799 profundior,
671 4726 715 4776 ex
728 4712 802 4776 arte
823 4703 953 4798 optica‚
977 4713 1129 4798 quatuor
1141 4703 1270 4776 doricis
1287 4702 1458 4775 columnis
1471 4700 1572 4786 fulta,
1589 4700 1786 4774 simulacris

162 4825 329 4898 divorum
344 4825 438 4900 iuter
456 4825 592 4921 palmas
609 4832 645 4899 et
660 4826 780 4900 lauros
799 4828 991 4924 dispositis,
1012 4829 1058 4901 ad
1075 4829 1189 4902 lucem
1213 4829 1368 4922 ipsorum
1395 4827 1530 4922 ignium
1555 4835 1787 4923 temperatam

161 4951 369 5045 conspicua.
387 4951 455 5025 Hic
472 4951 684 5046 intersigna
705 4953 786 5025 duae
803 4953 1005 5026 eminebant
1021 4953 1196 5048 imagines
1222 4975 1230 5022 :
1258 4951 1372 5022 altera
1386 4949 1468 5022 Divi
1494 4951 1635 5044 Ignatii,
1662 4949 1786 5022 Salva·

94 5097 116 5139 a
160 5074 235 5145 tori
253 5073 404 5146 Domino
422 5073 613 5169 supplicis:
635 5075 748 5148 altera
764 5076 800 5147 in
818 5075 933 5149 medio
952 5076 1027 5172 ejus
1049 5076 1196 5160 theatri,
1216 5074 1383 5147 mundum
1409 5096 1484 5169 prae
1502 5073 1593 5147 coelo
1610 5067 1792 5160 fastidien-

160 5198 213 5274 tis
240 5197 398 5296 ejusdem
424 5199 565 5286 Patris;
582 5199 762 5294 pulchram
788 5207 937 5294 utraque
966 5201 1090 5276 habuit
1121 5223 1275 5274 scenam.
1307 5198 1435 5272 Subter
1464 5200 1581 5295 posita
1609 5197 1647 5272 in
1672 5199 1787 5278 medio
