4906 6642
19 1847 20 1854 '
147 1849 186 1922 ab
202 1851 361 1924 antistite
392 1851 544 1923 civitatis
575 1849 761 1923 Guilielmo
781 1848 1024 1946 Prysienovio‚
1056 1871 1119 1943 pro
1137 1849 1284 1944 pignore
1313 1850 1377 1922 sibi
1394 1850 1484 1923 forte
1502 1850 1633 1938 oblato,
1654 1851 1761 1926 inter-
1790 1833 1898 1888 Asclet-

719 798 828 860 LIBER
850 799 987 862 PRIMUS
1009 803 1222 878 (root-1570).
1730 798 1770 865 13

153 982 314 1078 Collegio,
332 982 546 1077 advigilante
560 983 605 1056 P.
625 981 805 1056 Baltasare
823 983 1018 1056 Hostovino
1039 1009 1047 1069 ;
1080 984 1156 1079 ipso
1170 983 1295 1056 deinde
1322 991 1486 1072 revocato
1510 984 1548 1057 in
1564 982 1759 1068 Austriam,
1789 999 1852 1054 1566

151 1106 355 1179 Franciscus
373 1106 578 1190 Sunnerius,
598 1107 777 1179 Laurentii
795 1107 923 1201 Magii,
947 1107 1130 1203 praepositi
1147 1107 1183 1178 in
1200 1105 1346 1179 Austria
1374 1116 1409 1180 et
1432 1106 1603 1180 Bohemia
1618 1108 1764 1180 Provin-

150 1229 242 1302 cialis
275 1230 449 1312 vicarius,
462 1253 519 1303 res
536 1231 658 1302 domus
675 1231 857 1325 utriusque
883 1233 1104 1326 procurabat.
1126 1229 1299 1303 Pultoviae
1317 1230 1519 1324 aliquandiu
1536 1231 1573 1302 in
1590 1231 1764 1304 domicilio

149 1353 244 1447 quasi
259 1353 298 1426 in
322 1353 515 1427 diversorio
532 1355 760 1426 versabamur
781 1380 788 1426 :
810 1356 926 1450 quoad
943 1356 1088 1442 tabulae,
1106 1356 1230 1451 quibus
1244 1378 1359 1428 rerum
1389 1356 1588 1431 firmaretur
1605 1357 1762 1442 donatio,

149 1501 213 1550 non
231 1486 350 1552 essent
365 1479 431 1552 rite
458 1479 654 1564 confectae;
689 1479 745 1550 his
767 1478 894 1551 deinde
911 1501 1033 1552 mense
1050 1477 1187 1573 quintili
1214 1480 1378 1572 acceptis,
1399 1488 1503 1552 aucto
1532 1503 1614 1552 mox
1643 1487 1760 1553 contu·

19 1697 21 1710 Ι
148 1602 277 1688 berni0‚
296 1603 493 1676 distributis
518 1603 556 1674 in
582 1604 734 1698 quinque
748 1602 880 1676 classes
902 1601 1135 1687 scholasticis,
1160 1602 1364 1696 magisteria
1389 1604 1560 1698 coepimus
1588 1603 1759 1699 profiteri.

19 1763 21 1780 ·
149 1726 210 1806 Qui
241 1727 362 1800 Socios
383 1728 572 1824 adjutaret‚
594 1729 637 1801 P.
659 1728 816 1800 Joannes
850 1727 1149 1811 Aschermannus,
1178 1726 1331 1799 haeserat
1359 1727 1397 1798 in
1422 1726 1560 1812 itinere,
1590 1729 1762 1802 Olomucii
1790 1753 1821 1808 P.
1841 1755 1917 1810 roan.

1788 1927 1902 1966 mannus

19 2039 21 2068 ,
144 1983 260 2071 ceptus
279 2001 288 2060 ;
313 1976 398 2070 quia
414 1975 489 2070 ipse
503 1997 673 2069 quoquae
692 1973 870 2046 Societate
887 1972 1102 2068 operariosa
1122 1973 1332 2068 provinciali
1356 1996 1421 2068 per
1439 1974 1620 2047 Austriam
1638 1976 1759 2050 Socio-
1786 1989 1882 2042 missu·

19 2177 20 2184 ,
145 2124 215 2172 rum
226 2099 393 2196 praeside,
414 2098 562 2172 Nicolao
580 2097 751 2181 Lanoino,
767 2098 843 2191 jem
862 2095 920 2167 diu
937 2095 1157 2190 flagitasset:
1180 2125 1197 2156 a
1213 2104 1390 2184 causatus,
1407 2123 1478 2170 non
1491 2100 1606 2172 minus
1628 2102 1762 2195 negotii
1785 2069 1915 2202 {mi}

148 2225 289 2298 «Sociis
305 2223 384 2296 dari
401 2223 553 2319 possein
572 2245 637 2295 sua
654 2222 833 2306 Moravia,
851 2242 955 2315 quam
980 2221 1017 2291 in
1039 2219 1216 2306 Lituania,
1245 2231 1308 2296 aut
1325 2247 1472 2317 usquam
1491 2225 1648 2320 gentium
1668 2250 1676 2296 :
1696 2225 1764 2299 hac
1786 2225 1929 2325 distineor

147 2377 161 2408 κ
180 2349 285 2422 etiam
302 2350 446 2444 regione
459 2348 615 2420 haereses
632 2346 783 2440 gliscere
802 2371 811 2430 ;
828 2344 921 2416 malo
939 2342 1111 2416 crescenti
1135 2346 1367 2442 nequicquam
1380 2371 1418 2422 se
1435 2349 1579 2444 suisque
1597 2350 1765 2423 adhiben-

148 2475 272 2548 «tibus
290 2473 459 2548 remedia.
484 2463 567 2546 J'am
585 2472 685 2545 seed
711 2472 914 2545 Romanum
940 2468 1044 2542 etiam
1071 2468 1281 2543 Pontificem
1309 2472 1432 2566 plenas
1460 2496 1602 2568 precum
1625 2453 1765 2549 dedisse

147 2628 162 2658 a
179 2597 327 2692 litterae,
352 2596 546 2670 communis
559 2595 618 2668 ille
632 2597 740 2669 Pater
757 2593 927 2668 Ecclesia
945 2591 1146 2665 Moraviam
1161 2615 1299 2690 quoque
1313 2595 1363 2666 uti
1386 2597 1587 2691 respiceret,
1611 2597 1766 2690 juberet-

19 2747 20 2772 1
149 2745 259 2817 «que,
276 2722 324 2793 ad
344 2744 382 2795 se
408 2721 560 2816 aliquem
578 2719 622 2793 do
639 2719 812 2792 Societate
841 2721 864 2791 J
868 2741 930 2792 esu
955 2713 1170 2810 manipulum
1188 2717 1333 2813 allegari
1352 2747 1360 2806 ;
1380 2718 1473 2794 idem
1491 2743 1638 2816 rogasse
1651 2721 1767 2794 Maxi-

19 2877 20 2884 *
148 2849 357 2921 «milianum
392 2847 653 2942 imperatorem,
686 2845 802 2918 causis
827 2845 934 2941 justis
961 2850 997 2918 et
1014 2840 1173 2914 oratione
1191 2866 1255 2916 sua
1285 2845 1478 2920 inductum.
1503 2880 1519 2910 n
1556 2846 1770 2941 Expectaret

144 2973 244 3070 igitur
252 2975 276 3046 ,J
279 2994 412 3045 oannes
425 2973 608 3066 tantisper,
629 2971 710 3042 dum
726 2970 877 3054 Vienna,
898 2971 981 3042 dum
1009 2976 1044 3042 et
1063 2965 1193 3055 Roma,
1216 2968 1300 3063 quid
1322 2969 1375 3042 sui
1390 2969 1564 3043 Praesidos
1579 2971 1767 3045 constitue·

19 3085 20 3124 l
145 3098 220 3182 rint,
240 3095 440 3170 afferretur.
468 3093 579 3168 Adest
600 3093 744 3168 interim
762 3094 804 3166 P.
825 3091 1027 3169 Alexander
1044 3095 1226 3178 Hellerus‚
1245 3094 1290 3166 ab
1304 3093 1464 3165 Lanoino
1481 3093 1608 3166 missus
1626 3093 1768 3167 Olomu·

145 3223 251 3308 cium;
271 3222 340 3294 hoc
364 3221 483 3316 praede
505 3218 624 3292 oblato
654 3219 942 3292 Aschermannus
980 3242 1043 3315 pro
1074 3243 1125 3304 se,
1145 3242 1344 3315 quanquam
1362 3242 1472 3314 aegre,
1493 3218 1631 3314 quando
1647 3226 1765 3292 tamen

19 3437 20 3440 Ἴ
142 3347 354 3444 pergendum
381 3346 521 3418 omnino
560 3351 649 3426 erat,
691 3366 713 3415 a
756 3342 943 3417 Guilielmo
969 3345 1188 3429 absolvitur,
1216 3343 1422 3438 magnisque
1452 3343 1636 3416 itineribus
1669 3343 1766 3417 venit

145 3471 351 3544 Pultoviam.
1794 3503 1857 3558 root

188 3595 266 3667 Duo
280 3591 396 3690 gentis
414 3590 594 3664 Polonicae
607 3588 829 3676 nobilissimi,
850 3598 1082 3686 cognomento
1102 3595 1250 3684 uterque
1264 3586 1471 3675 Stanislaus,
1497 3588 1587 3661 alter
1606 3589 1761 3676 Kostka,
1856 3592 1881 3682 2¹·

145 3740 241 3812 quem
257 3738 372 3810 nuper
385 3715 535 3787 Viennae
548 3713 585 3784 in
608 3713 767 3798 Austris,
793 3713 990 3808 cupientem
1008 3716 1164 3811 cooptari
1184 3717 1221 3788 in
1244 3714 1468 3801 Societatem,
1490 3715 1635 3788 consilio
1654 3724 1689 3790 et
1705 3716 1762 3790 lit·
1789 3670 1940 3804 iffi&

147 3841 224 3914 teris
247 3841 395 3937 adjuvit,
423 3838 531 3910 animi
558 3838 611 3910 sui
628 3860 692 3932 per
709 3836 944 3911 confessiones
974 3839 1117 3925 arbiter,
1145 3841 1187 3912 P.
1221 3839 1430 3912 Franciscus
1454 3840 1629 3913 Antonius
1646 3865 1653 3910 :
1672 3841 1763 3914 alter
1790 3825 1939 3883 Varszevio·

146 3965 422 4046 Varszevickius,
441 3961 745 4058 Brunsbergensis
754 3961 788 4057 (1)
801 3960 860 4032 ille
880 3961 1027 4057 Collegii
1045 3965 1218 4058 cognitor;
1239 3965 1365 4036 Romae
1378 3972 1526 4059 uterque
1544 3966 1581 4036 in
1597 3973 1762 4060 tyronum
1789 3908 1938 4040 iiiiinrii-

146 4089 327 4163 Societatis
343 4111 528 4161 numerum
543 4108 635 4158 anno
657 4085 750 4158 1567
768 4087 1366 4182 aggregatiUtrumqueLituanica
1383 4089 1565 4162 Sociorum
1581 4088 1762 4184 provincia
1789 4080 1846 4119 mae.

19 4239 20 4242 ¹
142 4214 217 4307 jure
235 4237 299 4287 suo
327 4212 395 4288 sibi
427 4211 581 4283 vindicat
599 4234 607 4280 ι
624 4208 886 4282 Varszevicium
913 4205 1052 4304 quidem
1069 4219 1199 4307 praeter
1233 4187 1322 4285 alias
1355 4234 1480 4285 causas
1500 4234 1555 4298 eo,
1577 4214 1669 4310 quod
1689 4214 1765 4308 jam

19 4383 20 4398 ,
147 4339 381 4433 Brunsbergae
394 4339 431 4409 in
449 4335 658 4408 Societatem
671 4333 782 4427 accipi
794 4332 969 4421 voluerit;
990 4335 1087 4431 isque
1100 4337 1235 4430 primus
1252 4335 1419 4408 Vilnense
1436 4336 1631 4433 Collegium
1650 4333 1765 4411 rector

19 4495 20 4536 t
147 4466 361 4558 gubernarit,
382 4463 562 4557 multaque
580 4461 795 4533 nostratibus
823 4458 992 4531 virtutum
1010 4468 1046 4532 et
1071 4459 1276 4532 meritorum
1303 4467 1530 4533 monumenta
1555 4461 1761 4556 reliquerit;

19 4625 20 4632 κ
146 4588 287 4660 alterius
303 4595 421 4660 autem
439 4584 607 4658 Stanislai
634 4583 744 4657 solum
763 4584 868 4656 etiam
897 4583 1027 4670 natale,
1054 4583 1245 4678 domusque
1270 4584 1398 4677 patria,
1418 4583 1629 4672 Rosthovia,
1649 4586 1767 4659 divino

19 5005 20 5008 =
148 4957 272 5050 pitibus
297 4957 474 5030 dimicatio
487 4956 735 5052 proreligione
749 4953 853 5027 fuerit
870 4977 948 5026 cum
961 4955 1150 5045 haereticis,
1171 4980 1418 5031 memoramus.
1437 4958 1650 5054 Depugnato
1668 4958 1762 5030 domi
1788 4989 1872 5056 agunt

148 4711 312 4784 beneficio
333 4709 531 4782 Lituanicae
559 4707 726 4802 obtigerit
742 4707 944 4802 provinciae.
970 4707 1092 4780 Nostri
1110 4729 1196 4801 ergo
1223 4715 1317 4790 sunt,
1342 4706 1454 4802 deque
1476 4708 1548 4782 illis
1574 4711 1707 4804 pariter
1724 4733 1763 4782 ac

148 4833 272 4906 nostris
287 4833 461 4916 Lituania,
482 4839 586 4927 prout
603 4830 776 4917 inciderit,
798 4831 1031 4904 narrabimus.
1049 4833 1128 4920 Hic,
1150 4857 1229 4927 quae
1246 4834 1513 4921 Vermiensibus
1534 4837 1663 4909 nostris
1680 4837 1762 4909 hos·
1790 4835 1911 4979 Elbgkae

185 5235 227 5318 (l)
250 5239 301 5298 Vid
330 5255 428 5315 supra,
447 5254 524 5300 uum.
544 5239 572 5296 2.
