4948 6672
969 774 1207 838 hPl’liNlllCES.
1448 825 1453 834 .
1826 775 1890 842 459

251 983 386 1047 corum,
416 965 470 1033 θεῖ
491 959 682 1034 intrinseca
698 958 840 1046 malum,
869 966 905 1033 et
923 981 967 1034 ax
984 967 1113 1034 natura
1130 979 1196 1032 sua
1212 967 1248 1034 et
1265 981 1309 1033 ex
1326 957 1568 1034 declaratione
1587 959 1779 1047 Ecclesiae;
1800 983 1886 1056 ergo

251 1073 368 1170 quoad
380 1073 449 1148 hoc
466 1096 537 1146 non
564 1079 662 1148 tenet
673 1073 860 1169 promissio
875 1096 939 1169 pro
957 1074 1203 1147 schismaticis.
1224 1073 1407 1148 Secundus
1422 1097 1522 1148 casus
1539 1098 1584 1149 ex
1596 1076 1640 1149 P.
1660 1075 1803 1152 Becano
1823 1076 1881 1169 (ib.

250 1188 348 1284 §tlt
362 1193 417 1260 est
435 1184 540 1286 [hic].·
561 1197 604 1266 Si
628 1194 771 1281 pactum
799 1193 836 1260 oi
866 1205 927 1258 ant
956 1197 1051 1257 meta
1087 1192 1233 1258 cadente
1271 1193 1309 1257 in
1348 1197 1560 1259 constantem
1596 1193 1717 1260 viram
1755 1196 1886 1280 injuste

249 1305 434 1370 antorsum
444 1295 613 1370 sit.Tunc
626 1298 720 1370 anim
733 1301 849 1392 potest
856 1293 1008 1367 rescindi
1021 1316 1085 1388 pro
1103 1294 1250 1366 arbitrio
1264 1295 1352 1390 ejus,
1373 1294 1433 1388 qui
1449 1294 1580 1390 injuste
1594 1297 1665 1368 vim
1679 1305 1742 1370 aut
1754 1305 1885 1373 metum

250 1429 378 1502 passus
391 1415 459 1482 est.
482 1411 575 1485 Hinc
595 1413 631 1483 in
651 1413 734 1509 jure
752 1409 920 1485 canonico
948 1405 1062 1500 capite
1079 1409 1130 1476 De
1154 1409 1211 1474 tis
1232 1411 1294 1494 qni
1323 1409 1360 1474 oi
1375 1404 1425 1476 sic
1438 1404 1664 1479 decernitur:
1691 1411 1790 1510 Unde
1811 1428 1887 1494 qaae

249 1526 416 1588 metuant
427 1524 464 1590 oi
474 1526 573 1608 finnt,
587 1525 710 1594 debent
718 1526 851 1610 jnrein
877 1523 1028 1589 irritum
1042 1518 1211 1586 reuocari.
1220 1511 1268 1584 Et
1280 1512 1411 1587 ibidem
1425 1519 1539 1612 cap4
1559 1541 1567 1588 :
1590 1523 1672 1607 Quae
1681 1523 1719 1590 oi
1729 1528 1886 1589 metusve

248 1649 358 1698 cama
380 1632 484 1715 liant,
510 1653 635 1702 carere
660 1633 785 1702 debent
809 1631 935 1698 robore
952 1627 1149 1713 firmitatis.
1169 1623 1215 1695 Et
1231 1625 1358 1721 injure
1384 1629 1477 1701 civili
1509 1652 1584 1724 cap.
1608 1634 1660 1701 De
1679 1633 1736 1699 bis
1761 1633 1822 1718 qni
1848 1633 1884 1698 ei

248 1731 293 1804 L.
321 1732 468 1806 Ullam:
494 1735 736 1817 Vendinanes,
773 1737 989 1815 donationes,
1015 1736 1282 1818 transactiones,
1311 1757 1390 1824 qna
1410 1761 1475 1826 per
1509 1744 1705 1827 potentiam
1745 1745 1889 1810 extortae

246 1854 342 1930 sunt,
354 1849 584 1935 precipimus
614 1847 811 1931 infirmari.
840 1839 887 1911 Et
916 1839 1008 1913 ratio
1037 1847 1104 1924 est,
1121 1842 1205 1938 quia
1229 1845 1289 1938 qui
1315 1845 1499 1941 metum(1)
1517 1848 1666 1922 autvim
1684 1849 1814 1945 injuste
1832 1848 1884 1920 in·

243 1951 367 2038 cussit,
382 1951 549 2048 injuriam
562 1949 666 2024 alteri
679 1950 922 2047 intulitl'irgo
943 1960 1084 2025 tenatur
1100 1952 1200 2026 illum
1227 1947 1266 2027 in
1299 1959 1455 2053 priorem
1480 1968 1611 2034 statum
1636 1964 1835 2047 restituere,
1852 1971 1888 2034 et

246 2065 340 2138 alter
354 2063 465 2137 habet
471 2064 533 2159 jus
564 2063 728 2158 exigendi
745 2063 838 2137 hanc
869 2065 1139 2138 restitutionem.
1171 2066 1260 2140 Haec
1290 2069 1468 2142 Becanus.
1507 2072 1646 2146 Scimus
1676 2080 1807 2157 autem,
1828 2074 1888 2168 qui

247 2184 408 2272 tempore
416 2174 522 2270 hujus
531 2174 725 2270 interregni
735 2176 863 2248 fuimus
877 2175 913 2248 in
923 2175 1060 2249 duobus
1069 2177 1301 2252 conventibus
1314 2182 1540 2276 generalibus
1558 2184 1757 2272 Varsaviae,
1773 2183 1887 2257 haere·

247 2292 338 2367 ticos
364 2299 399 2364 et
425 2291 663 2365 schismaticos
677 2293 869 2366 extorsisse
883 2313 1019 2386 eaquae
1037 2290 1275 2378 obtinuerunt,
1293 2291 1435 2367 incusso
1454 2303 1549 2368 metu
1571 2295 1700 2392 duplici
1727 2323 1735 2370 :
1762 2321 1889 2394 nempe

248 2409 462 2484 Cosacorum
474 2407 753 2502 adversantium,
777 2407 813 2481 ni
843 2411 894 2483 eis
912 2406 1214 2504 permitterentur,
1238 2427 1319 2498 quae
1335 2406 1511 2500 permissa
1529 2415 1624 2495 sunt,
1638 2416 1674 2482 et
1689 2411 1889 2503 pracsertim
1916 2485 1918 2496 ,

245 2520 498 2595 haereticorum
524 2543 566 2592 ac
593 2520 897 2597 schismaticorum
931 2521 1151 2604 nuntiorum,
1175 2516 1369 2592 nolentium
1407 2519 1599 2614 quidquam
1625 2522 1832 2608 concedere,
1852 2522 1890 2595 ni

247 2633 303 2707 eis
315 2631 605 2728 promitterentur
622 2653 744 2704 eorum
758 2634 881 2727 petita.
1375 2621 1382 2636 '

302 2741 463 2837 Objectio
481 2742 546 2814 Vl.
584 2742 793 2817 loramento
824 2744 1008 2838 promissae
1027 2750 1109 2816 sunt
1126 2743 1185 2817 hae
1216 2738 1437 2814 conditiones
1464 2742 1711 2830 schismaticis,
1747 2743 1786 2817 in
1808 2767 1891 2817 con·

250 2859 361 2926 ventu
389 2852 630 2926 coronationis
649 2852 869 2926 snbiuendae
886 2879 896 2939 ;
912 2853 1016 2927 etalii
1027 2877 1131 2948 reges
1139 2854 1461 2949 juraruntsarvare
1480 2857 1780 2932 schismaticorum
1790 2861 1888 2955 jura.

300 2965 411 3060 Resp.
437 2966 470 3038 1.
491 2964 575 3038 Non
591 2964 713 3038 dubito
732 2965 1006 3040 Serenissimum
1023 2965 1162 3059 Regem
1192 2965 1335 3059 jurasse
1369 2967 1406 3039 in
1419 2967 1498 3056 ,hac
1531 2970 1693 3055 materia,
1726 2993 1767 3044 eo
1786 2971 1890 3043 modo

250 3101 322 3172 quo
341 3076 435 3148 bona
471 3076 686 3149 conscicntia
710 3078 835 3172 jurare
861 3077 987 3172 potuit.
1003 3077 1051 3149 Et
1077 3077 1150 3149 scio
1180 3077 1226 3149 ab
1249 3080 1327 3174 ejus
1356 3077 1586 3166 confessario,
1607 3104 1688 3154 eum
1703 3082 1754 3154 nil
1766 3083 1891 3178 jurare

246 3189 417 3275 voluisse,
436 3187 506 3260 nisi
521 3188 558 3259 id
578 3187 673 3282 quod
691 3189 853 3262 omnibus
881 3187 1090 3283 placiturum
1107 3197 1199 3261 erat.
1225 3189 1367 3264 Sciebat
1392 3192 1485 3264 enim
1500 3191 1551 3264 nil
1569 3193 1758 3288 quidquam
1771 3195 1807 3265 in
1822 3195 1890 3268 hac

245 3299 445 3395 Republica
457 3297 570 3372 libera
587 3322 693 3395 posse
715 3299 832 3374 valide
868 3300 988 3384 statui,
1010 3300 1116 3373 etiam
1138 3300 1175 3372 in
1194 3300 1326 3374 bonum
1356 3302 1591 3398 Reipublicae,
1624 3304 1700 3378 sine
1732 3305 1888 3378 omnium

245 3435 393 3510 prorsus
411 3435 598 3498 consensu,
614 3415 717 3508 juxta
729 3414 814 3509 jura
828 3420 864 3486 et
881 3411 1020 3508 praxim
1032 3411 1135 3506 regni
1151 3408 1272 3505 hujus.
1293 3411 1398 3486 Unde
1415 3415 1466 3487 sic
1483 3415 1596 3488 iniero
1612 3439 1620 3487 :
1642 3438 1712 3488 non
1726 3417 1888 3490 omnibus

245 3528 459 3625 placuerunt
475 3527 554 3601 haec
567 3527 726 3623 capitula
744 3527 1060 3612 schismaticorum,
1082 3535 1122 3598 ut
1138 3526 1266 3599 docent
1278 3527 1552 3620 protestationes
1570 3526 1754 3601 Ordinum.
1772 3528 1884 3623 Ergo.

297 3640 407 3733 Resp.
436 3639 473 3712 2.
494 3638 645 3711 Etiamsi
679 3639 933 3711 Serenissimus
959 3639 1117 3733 jurasset
1140 3661 1182 3710 eo
1217 3639 1322 3711 modo
1353 3649 1388 3713 et
1420 3638 1491 3714 fine
1526 3663 1629 3736 quem
1659 3641 1889 3715 intendebant

245 3751 476 3835 schismatici,
506 3753 622 3825 adhuc
636 3775 708 3825 non
725 3760 906 3826 teneretur
922 3751 994 3825 tale
1018 3753 1259 3848 juramentum
1295 3752 1422 3846 exequi
1453 3759 1597 3847 propter
1629 3753 1697 3825 has
1710 3752 1889 3848 praecipua

245 3887 373 3938 causas
391 3889 399 3936 ε
425 3866 458 3936 l⁰
494 3864 587 3945 Quia
616 3866 857 3960 juramentum
875 3865 919 3938 de
936 3887 977 3936 re
994 3863 1132 3948 illicita,
1152 3864 1221 3937 hoc
1243 3871 1306 3948 est,
1323 3866 1422 3960 cujus
1440 3864 1599 3937 executio
1619 3871 1674 3938 est
1690 3871 1885 3959 peccatum,

245 3999 319 4050 non
350 3983 405 4049 est
427 3977 640 4048 servandum
670 3998 736 4048 nec
753 3976 908 4070 obligat;
941 3985 977 4048 θῖ
1018 3981 1199 4069 peccatum
1235 3986 1301 4060 est,
1336 3977 1366 4048 si
1404 3986 1577 4061 servetur,
1605 3977 1711 4072 juxta
1733 3977 1887 4049 omnium

245 4090 440 4162 Doctorum
454 4089 666 4159 sententiam
684 4088 789 4159 etiam
802 4088 1064 4160 haereticorum.
1087 4086 1239 4161 Involvit
1260 4090 1354 4162 enim
1381 4089 1692 4162 contradictorium
1710 4115 1718 4162 :
1736 4090 1887 4186 obligari

246 4199 383 4273 scilicet
400 4221 611 4293 quemquam
623 4198 872 4292 adpcccatum.
892 4197 996 4270 Unde
1017 4197 1107 4273 bene
1124 4199 1162 4270 in
1174 4200 1256 4295 jure
1270 4200 1439 4273 canonico
1454 4201 1545 4295 apud
1559 4202 1767 4275 Gratianum
1778 4226 1810 4276 c.
1826 4201 1886 4283 22,

245 4333 282 4404 q.
319 4311 354 4381 4.
375 4332 439 4404 per
471 4309 569 4381 varia
598 4309 755 4404 capitula
785 4309 1013 4382 decernitur:
1037 4313 1252 4381 duramenta
1280 4315 1408 4382 illicita
1438 4316 1664 4398 landabiliter
1686 4317 1884 4388 salvantur.

244 4418 502 4486 damnabiliter
513 4419 755 4486 observantur.
779 4419 1052 4486 Sacramentum
1067 4435 1139 4484 nan
1152 4420 1203 4481 est
1214 4413 1399 4479 vinculum
1414 4414 1633 4499 iniqnitatis.

297 4515 335 4586 2⁰
365 4514 456 4594 Quia
485 4514 725 4608 juramentum
756 4523 900 4588 nonest
930 4515 1157 4596 servandum,
1177 4533 1243 4583 nec
1272 4509 1410 4606 obligat
1428 4511 1569 4606 quando
1592 4519 1647 4584 est
1672 4513 1886 4587 contrarium

245 4627 442 4700 canonibus
468 4633 504 4698 et
529 4625 682 4721 legibus.
707 4627 811 4700 Unde
838 4628 1031 4701 invalidum
1058 4633 1113 4700 est
1135 4625 1376 4720 juramentum
1406 4623 1538 4708 clerici,
1565 4646 1632 4716 quo
1663 4625 1889 4698 renunciaret

246 4738 436 4835 privilegio
461 4735 540 4808 fori.
584 4735 649 4808 Est
675 4739 769 4808 enim
785 4739 851 4812 hoc
885 4739 918 4813 ei
947 4738 1162 4836 prohibitum
1197 4755 1273 4826 cap.
1311 4738 1354 4805 Si
1367 4739 1543 4823 ditiqenti
1563 4734 1608 4807 de
1639 4733 1716 4808 foro
1750 4759 1888 4834 compe-

245 4849 347 4922 tenti.
370 4848 441 4919 Ubi
452 4853 623 4920 statutum
641 4855 694 4920 est
712 4873 719 4918 :
741 4850 1053 4943 necjuramentum
1069 4849 1165 4922 licite
1179 4849 1316 4922 servari
1337 4847 1451 4942 potuit
1465 4850 1559 4943 quod
1578 4859 1703 4925 contra
1716 4856 1886 4928 canonica

247 4968 380 5034 statuta
402 4958 536 5030 illicitis
554 4957 773 5052 pactionibus
792 4959 1013 5035 informatur.
1049 4962 1090 5034 ln
1108 4961 1192 5054 jure
1221 4982 1306 5032 vero
1325 4958 1418 5032 civili
1433 4961 1477 5033 L.
1508 4965 1551 5032 Si
1577 4967 1658 5050 quis
1676 4965 1884 5056 inquilinus,

246 5073 294 5146 de
305 5070 434 5166 legatis
449 5076 485 5142 et
503 5068 783 5141 fideicommissis
797 5061 816 5148 ὅ
828 5071 940 5155 finali,
969 5074 1122 5147 Severus
1142 5080 1177 5146 et
1190 5071 1391 5144 Antoninus
1405 5071 1678 5167 rescripserunt:
1694 5074 1888 5157 Jnsjnran-

244 5180 470 5362 dusseonplga
483 5176 556 5241 cim
581 5175 670 5261 lepis
690 5185 723 5243 et
748 5181 996 5247 anctoritatem
1016 5182 1111 5263 iuris
1126 5181 1165 5247 in
1195 5184 1399 5249 testamento
1435 5180 1612 5266 scriptum
1648 5177 1783 5247 nnttins
1811 5193 1886 5245 esse

308 5283 320 5340 l
355 5281 386 5340 ln
453 5281 591 5338 malam.
