4948 6654
659 719 773 779 LIBER
788 720 945 783 TERTIUS
969 718 1181 800 (reso-1590).
1714 719 1771 784 161

161 903 329 1011 cogendus
347 918 413 997 est,
434 909 609 1006 inquiunt,
632 916 744 984 coetus
761 910 873 1006 plebis
895 920 958 984 :ut
971 935 1050 985 cum
1063 915 1194 983 senatu
1208 905 1417 994 consentiat,
1430 906 1569 980 blandis
1586 907 1656 981 nisi
1683 908 1773 982 mul-
1798 919 1862 976 1589

159 1041 264 1136 lisque
277 1035 496 1111 orationibus
509 1033 711 1108 extorseris.
725 1036 852 1108 Tantae
860 1035 898 1108 in
911 1036 988 1110 istis
1001 1035 1128 1110 civium
1142 1037 1337 1110 rationibus
1351 1037 1462 1132 spinae
1476 1044 1576 1110 erant
1587 1036 1768 1134 tricaeque.

199 1166 343 1240 Addunt
355 1171 488 1248 tamen,
509 1184 577 1257 quo
609 1163 726 1256 Regis
745 1163 898 1235 animum
927 1186 989 1261 spe
1007 1162 1148 1236 interim
1168 1161 1351 1248 deliniant,
1372 1167 1556 1232 curaturos
1575 1183 1615 1233 se
1632 1167 1772 1234 conten·
1798 1194 1910 1268 emp,

45 1335 46 1344 κ
159 1291 242 1361 tione
261 1287 371 1369 omni,
391 1293 430 1358 ut
458 1285 625 1380 principis
654 1284 801 1380 imperio
825 1287 897 1360 suis
923 1287 1009 1360 satis
1033 1285 1107 1358 fiat.
1128 1285 1341 1368 Mittaviam
1362 1305 1430 1378 quo
1457 1292 1660 1380 properaret
1680 1285 1768 1380 ipse,
1798 1287 1849 1328 ¹¹³⁸
1862 1276 1925 1331 nie

1797 1354 1898 1412 baviam

45 1435 46 1440 ’
157 1419 280 1514 negotii
292 1414 461 1490 transacti
479 1414 639 1486 nuntium
665 1414 833 1508 postridie
857 1414 1028 1486 missuros
1047 1436 1085 1486 se
1103 1411 1321 1507 pollicentur.
1344 1409 1483 1503 Regem
1496 1410 1654 1502 sequitur
1672 1409 1771 1482 Gam-
1798 1432 1918 1500 sequte„

1722 1532 1772 1604 di,
1797 1509 1899 1568 Princi-

156 1566 271 1638 panus.
288 1539 419 1614 Paucis
432 1545 512 1633 post
525 1539 648 1612 diebus
674 1539 771 1611 venit
788 1535 911 1610 eodem
938 1536 1150 1630 Rigensium
1175 1531 1407 1615 secretarius;
1427 1531 1607 1603 renuntiat
1624 1531 1668 1604 de
1682 1553 1720 1604 se
1799 1607 1868 1661 pem.

156 1669 240 1740 tione
267 1666 380 1761 plebis
410 1667 448 1737 in
478 1665 665 1759 magistros
688 1663 851 1744 civitatis,
873 1661 965 1754 quod
991 1683 1029 1732 se
1046 1658 1195 1753 principi
1223 1657 1509 1750 obsequentiores
1534 1656 1770 1744 exhibuerint,

156 1814 210 1886 per
221 1790 402 1862 ministros
419 1787 630 1882 religionum
646 1809 789 1860 suarum
802 1785 987 1859 concitata.
1006 1785 1119 1856 Orare
1135 1782 1244 1876 igitur
1261 1778 1390 1852 infimis
1415 1779 1577 1874 precibus
1595 1790 1769 1870 senatum,

45 2000 46 2010 ἵ
160 1921 194 1986 ut
217 1912 379 2010 ampliari
406 1933 560 1996 oausam,
587 1911 771 2004 trajicique
796 1911 833 1983 in
863 1909 1003 1982 comitia
1027 1907 1187 2002 proxima
1210 1905 1392 1998 negotium
1415 1904 1583 1996 patiatur.
1603 1905 1675 1978 Sed
1696 1906 1772 2002 jam

156 2037 309 2110 ludorum
339 2033 550 2129 Rigensium
582 2033 728 2105 affatim.
752 2034 860 2106 Suam
890 2034 948 2105 hic
977 2031 1157 2104 lenitatem
1186 2026 1367 2099 irridiculo
1398 2049 1476 2099 esse
1505 2027 1660 2100 sentiens
1678 2029 1771 2115 Rex,

156 2161 262 2232 animo
276 2160 443 2253 deinceps
457 2179 537 2230 esse
552 2157 666 2230 otioso
685 2157 901 2252 Campanum
928 2178 1007 2228 cum
1034 2150 1146 2227 Sociis
1158 2149 1263 2246 jubet
1282 2174 1290 2221 :
1312 2171 1425 2236 suam,
1444 2149 1557 2244 ajens,
1578 2174 1649 2223 non
1667 2151 1776 2246 ipsius

157 2305 220 2355 rem
237 2280 436 2365 societatis,
454 2281 492 2352 in
512 2303 555 2353 eo
568 2281 678 2365 verti;
699 2280 854 2352 futurum
872 2279 983 2362 brevi,
994 2286 1034 2350 ut
1051 2277 1230 2372 Rigenses
1242 2276 1414 2372 poeniteat
1425 2277 1644 2372 pervicaciae.
1658 2278 1778 2376 Repu·

45 2438 46 2448 ¹
156 2409 265 2481 tabant
283 2407 428 2478 interim
441 2427 561 2478 secum
574 2404 664 2477 illud
678 2405 787 2490 Socii,
804 2406 896 2501 quod
914 2428 952 2478 se
968 2405 1086 2477 Roma
1104 2402 1273 2476 Claudius
1286 2410 1472 2476 monuerat
1487 2429 1495 2475 :
1511 2427 1583 2477 non
1596 2407 1779 2501 profutura

156 2531 195 2602 ed
210 2527 550 2619 salutemviolenta,
570 2552 649 2623 quae
668 2529 749 2601 Rex
775 2537 931 2625 pararet,
952 2528 1081 2600 animis
1099 2525 1308 2600 exulceratis
1325 2527 1504 2614 remedia;
1531 2527 1602 2600 vim
1619 2529 1698 2603 fieri
1711 2531 1778 2604 hoc

156 2653 248 2725 modo
265 2651 492 2725 libertatibus
511 2653 606 2738 suis;
626 2651 857 2748 compellique
872 2674 911 2725 se
937 2651 982 2723 ad
995 2650 1230 2746 profitendam
1250 2649 1456 2746 religionem
1470 2652 1679 2726 catholicam
1692 2679 1774 2751 que·
1814 2719 1816 2722 .

157 2782 310 2847 narentur
338 2774 500 2847 haeretici
522 2800 529 2846 :
549 2797 621 2847 non
637 2783 816 2848 cessarent
840 2775 977 2847 animos
1007 2775 1136 2847 civium
1151 2774 1371 2847 inflammare
1385 2775 1421 2848 in
1437 2776 1594 2850 Jesuitas
1619 2777 1703 2850 boni
1720 2778 1776 2852 sui

156 2899 313 2984 ministri;
340 2921 450 2992 quare
481 2899 517 2970 in
546 2907 715 2995 perpetuo
746 2906 841 2971 metu
868 2905 904 2969 et
929 2896 1069 2970 turbine
1085 2905 1312 2971 versarentur
1338 2899 1450 2984 Socii;
1482 2922 1629 2994 quorum
1658 2902 1771 2980 omnis

156 3043 270 3115 opera,
291 3022 361 3093 nisi
385 3021 586 3116 tranquillis
613 3021 845 3117 benignisque
874 3021 1066 3118 accipiatur
1092 3022 1232 3107 animis,
1266 3023 1399 3095 frustra
1424 3022 1481 3096 sit.
1512 3021 1605 3096 Illud
1634 3047 1771 3121 quoque

156 3144 186 3214 in
214 3152 363 3218 mentem
398 3147 523 3230 venit,
539 3170 608 3218 non
643 3147 782 3241 magnis
808 3145 1002 3219 intervallis
1029 3145 1238 3220 Vendenses
1272 3147 1442 3218 discretos
1475 3169 1552 3220 esse
1584 3170 1607 3221 a
1636 3147 1770 3243 Rigen-

156 3267 264 3354 sibus3
293 3269 432 3342 excurri
463 3269 508 3341 ad
540 3271 605 3342 hos
637 3271 764 3343 Venda
797 3292 902 3367 posse
935 3270 1078 3366 saepius.
1111 3270 1167 3342 En
1201 3270 1438 3366 Derpatenses
1471 3269 1593 3343 Socios
1623 3296 1631 3342 :
1663 3295 1769 3365 quam
1795 3293 1941 3424 nerpcaeff.

1795 3383 1833 3422 818
1879 3385 1943 3424 06·

154 3390 291 3466 feliciter
335 3394 422 3488 ipsis
462 3417 542 3466 oum
574 3395 610 3466 in
645 3395 774 3490 oppido
808 3417 886 3480 suo,-
922 3402 997 3466 tum
1030 3417 1094 3490 per
1126 3415 1248 3466 omnes
1283 3393 1457 3482 Livoniae,
1491 3394 1627 3468 citimos
1663 3397 1768 3470 etiam
1793 3445 1918 3516 gnuto-

156 3515 374 3611 Rigensibus,
398 3525 534 3592 tractus
561 3543 636 3591 suae
657 3519 852 3613 procedant
876 3517 1073 3603 industriae,
1105 3517 1140 3588 in
1159 3539 1274 3591 messe
1293 3517 1403 3591 multa
1429 3520 1551 3612 paucis
1577 3518 1627 3591 ibi
1653 3520 1769 3596 fructu
1793 3541 1835 3580 τω
1857 3525 1941 3597 nugi-

153 3663 275 3736 magno
297 3643 547 3738 satagentibus
574 3665 692 3715 rerum
723 3665 867 3716 suarum
898 3643 1082 3740 operariis.
1115 3641 1251 3715 Multos
1280 3643 1348 3714 hoc
1376 3643 1454 3738 ipso
1479 3666 1573 3716 anno
1603 3668 1767 3720 numeres
1793 3601 1852 3657 forr.

154 3765 197 3837 ibi
228 3769 413 3856 haereticos
451 3771 497 3841 ad
532 3769 731 3841 Ecclesiam
774 3769 951 3841 reductos.
988 3766 1171 3853 Polonice‚
1208 3765 1421 3862 germanice,
1452 3770 1645 3858 esthonice,
1676 3795 1768 3845 unus

153 3910 216 3961 uon
246 3915 324 3964 raro
359 3900 427 3977 ter,
462 3893 598 3966 seriatis
622 3892 728 3966 etiam
754 3892 890 3978 diebus,
919 3893 965 3965 ad
991 3891 1250 3966 confertissima
1273 3891 1419 3988 agmine
1450 3895 1692 3968 concionatur.
1722 3898 1763 3968 In

153 4013 231 4086 urbe
262 4023 296 4089 et
329 4017 658 4113 circumjacentibus
697 4016 834 4111 oppidis
874 4017 1048 4113 pagisque
1075 4016 1121 4089 ad
1152 4015 1302 4088 salutem
1336 4016 1457 4112 populi
1488 4018 1661 4115 praeclare
1688 4043 1766 4094 esse

153 4137 318 4225 instituta,
339 4147 409 4214 etc.

194 4263 344 4338 Polociae
375 4266 572 4339 confirmati
602 4267 639 4337 in
667 4263 736 4338 fide
772 4261 935 4335 catholici
963 4270 1084 4336 nostro
1120 4265 1226 4336 etiam
1250 4289 1328 4338 cum
1362 4265 1538 4338 haereticis
1557 4267 1761 4342 certamine.
1849 4281 1881 4375 al

152 4381 361 4459 Convenerat
395 4389 431 4459 in
465 4391 601 4475 urbem,
617 4388 832 4484 judiciorum
859 4410 980 4474 causa,
1005 4387 1169 4482 frequens
1188 4391 1368 4463 nobilitas.
1397 4393 1524 4464 Visum
1553 4394 1685 4466 nostris
1701 4417 1765 4489 per
1789 4357 1940 4500 ξζέξῗέω

45 4559 46 4614 1
152 4505 357 4579 occasionem
389 4509 554 4601 experiri,
578 4510 609 4581 si
644 4532 732 4602 quos
759 4510 932 4585 dedocere
962 4520 1107 4608 possent
1136 4512 1277 4601 malum,
1298 4514 1439 4588 inscitia
1462 4517 1711 4612 magistrorum
1730 4527 1766 4593 et
1788 4522 1938 4578 hoismrto·

150 4623 319 4702 fraudibus
337 4631 496 4704 detectis
520 4631 588 4711 Qui
606 4632 740 4726 primus
771 4637 936 4719 occurrit,
956 4644 1168 4730 provocatur
1186 4637 1222 4708 iu
1241 4661 1398 4726 arenam,
1418 4641 1573 4714 tumidus
1590 4642 1650 4717 ille
1673 4667 1764 4739 prae·
1789 4613 1928 4763 fflss‘f

151 4749 327 4848 ridensque
357 4754 577 4850 Zvinglianae
608 4757 755 4830 haeresis
774 4759 998 4852 praedicator,
1021 4766 1056 4830 et
1081 4759 1118 4832 in
1136 4783 1178 4833 ea
1196 4765 1378 4857 provincia
1395 4773 1502 4839 sator.
1525 4769 1711 4841 Ponuntur
1729 4770 1766 4842 in

150 4877 257 4950 medio
274 4903 292 4952 e
309 4879 483 4977 polemioa
500 4880 682 4976 theologia
711 4883 965 4957 catholicorum
1000 4887 1204 4973 sententiae;
1233 4889 1275 4961 ad
1301 4892 1575 4984 praestitutume
1605 4893 1765 4966 condicto

151 4996 236 5072 diem
256 5003 348 5077 Socii
365 5005 574 5108 magistrum
592 5006 815 5101 Zvinglianae
833 5007 965 5080 scholae
983 5008 1249 5103 praestolantur.
1271 5013 1446 5093 Quaesitus
1460 5016 1566 5089 etiam
1578 5017 1761 5112 postridie,

151 5141 187 5192 ac
213 5121 358 5220 denique
392 5127 570 5210 inventus,
590 5138 799 5222 argumenta
833 5155 898 5204 sua
935 5133 1047 5206 Sociis
1067 5157 1130 5228 per
1158 5158 1283 5208 manus
1317 5138 1474 5233 gregalis
1505 5139 1560 5212 sui
1590 5140 1761 5224 obtrusit;

1601 5261 1633 5316 El
