4936 6658
720 871 829 936 6666
849 871 1009 940 oremus
1032 874 1243 954 (66666666).
1749 866 1811 938 666
1885 889 1934 950 Α
2049 941 2051 948 ,

179 1059 298 1134 lumen
313 1056 362 1156 (1),
382 1055 585 1153 eloquentia
600 1055 791 1154 praecipua.
813 1056 864 1130 Ut
887 1055 961 1131 6116
976 1057 1082 1155 hujus
1104 1055 1220 1136 laudis
1244 1053 1408 1154 exempla
1436 1079 1502 1131 sua
1518 1055 1668 1141 mittam,
1688 1051 1808 1132 Vilnae
1836 1063 1902 1124 1652

179 1184 216 1258 in
243 1180 412 1280 collegio,
432 1179 627 1279 theologiae
655 1190 731 1256 tum
755 1180 873 1257 adhuc
900 1184 1055 1270 auditor,
1093 1207 1206 1280 nuper
1238 1181 1435 1257 sacerdotio
1470 1183 1653 1279 praeditns,
1687 1180 1808 1278 plures

179 1307 303 1382 habuit
325 1309 430 1406 jussu
455 1305 647 1404 praesidum
673 1308 874 1381 conciones.
907 1309 1005 1383 Inter
1035 1315 1184 1382 caeteras
1216 1305 1455 1382 memorabilis
1480 1306 1555 1393 1116,
1581 1305 1677 1379 dicta
1707 1328 1809 1380 66666

178 1433 280 1506 66661
290 1433 419 1531 jejunii
436 1441 594 1530 tempore
619 1433 664 1506 de
683 1434 848 1530 operibus
866 1434 1141 1520 misericordiae;
1162 1456 1232 1529 qua
1257 1433 1308 1505 ita
1325 1433 1513 1506 commovit
1529 1430 1709 1528 populum,
1729 1437 1809 1505 uta

180 1557 351 1633 concione
369 1557 502 1644 statim,
518 1558 564 1632 ad
594 1555 918 1656 perficiendaqquae
935 1559 1130 1632 monuisset
1146 1559 1214 1631 iste
1235 1557 1409 1642 hortator,
1433 1579 1471 1630 66
1488 1556 1636 1652 quisque
1653 1579 1806 1630 conuer-

176 1689 286 1769 teret;
306 1689 412 1778 atque
440 1684 479 1758 hi
508 1684 555 1758 ad
572 1683 777 1758 nosocomia
805 1692 1073 1770 concurrerent,
1093 1685 1146 1760 illi
1174 1685 1323 1759 miseros
1347 1685 1385 1758 iu
1416 1682 1544 1781 plateis
1573 1685 1805 1781 requirerent,

176 1807 318 1885 domum
335 1809 495 1906 quisque,
509 1834 614 1907 quem
631 1809 807 1885 infelicem
824 1812 1058 1897 invenissent,
1079 1812 1227 1908 quisque
1245 1811 1387 1885 domum
1404 1834 1506 1884 66666
1524 1808 1706 1900 ducerent,
1726 1836 1806 1912 pas·

176 1941 310 2024 666666,
331 1943 507 2010 66666666.
541 1936 629 2011 16616
655 1934 845 2011 mendiculi
870 1938 908 2010 16
925 1937 1052 2034 6166616
1071 1943 1106 2012 66
1135 1936 1277 2033 pronois
1307 1936 1491 2032 pauciores
1517 1935 1724 2032 aliquandiu
1741 1939 1809 2012 6161
1905 1951 1907 1956 ’

176 2067 270 2135 6666.
304 2061 457 2134 Tantam
474 2059 565 2136 alias
584 2061 691 2136 etiam
716 2063 896 2157 egentium
913 2085 1035 2136 curam
1063 2063 1199 2146 habuit,
1224 2069 1265 2135 nt
1287 2061 1395 2158 vulgo
1418 2070 1616 2150 amaretur,
1654 2086 1808 2161 suusque

176 2194 363 2284 patronus,
385 2211 538 2284 suusque
555 2194 657 2283 pater
682 2187 728 2261 ab
746 2187 832 2284 ipsis
850 2188 1083 2274 vocitaretur3
1111 2189 1230 2284 itaque
1242 2187 1307 2274 illi,
1328 2190 1466 2285 quoties
1484 2189 1579 2264 hunc
1603 2189 1805 2286 conspexis-
1943 2286 1946 2292 Ι

176 2323 268 2404 6666,
302 2316 578 2391 conclamarent.
608 2314 876 2390 Sanctissimam
889 2315 957 2390 Dei
979 2322 1163 2411 parentem
1176 2315 1360 2410 Virginem
1373 2339 1505 2412 magna
1535 2324 1571 2390 et
1595 2316 1808 2390 constantia

175 2441 288 2542 prima
304 2442 457 2538 pueritia
474 2440 521 2516 ad
534 2435 738 2538 supremum
755 2447 893 2538 tempus
905 2440 1012 2515 coluit
1020 2441 1164 2537 pietate,
1181 2441 1341 2538 exemplo
1354 2440 1451 2516 beati
1464 2439 1636 2516 stanislai
1648 2441 1803 2525 16666166,

176 2565 258 2640 61116
276 2566 464 2640 Dominam
490 2588 592 2640 suam
616 2566 780 2662 aliisque,
796 2573 832 2640 et
851 2565 1052 2640 nominibus
1078 2563 1289 2663 appellitans
1323 2565 1540 2650 honorificis,
1561 2572 1597 2642 66
1625 2567 1806 2640 honorans

176 2689 315 2764 officiis.
328 2690 483 2766 Proditis
499 2689 701 2787 insignibus
718 2690 915 2777 modestiae,
931 2690 1106 2765 castitatis
1119 2690 1373 2786 integerrimae,
1393 2692 1585 2788 patientiae,
1607 2691 1802 2776 charitatis,

177 2821 214 2890 66
228 2814 381 2889 aliarum
405 2815 575 2890 virtutum
606 2816 790 2913 exemplis,
810 2815 981 2913 praedicto
1008 2840 1030 2890 a
1052 2839 1091 2890 se
1107 2816 1292 2902 maturius,
1316 2837 1421 2913 quam
1437 2817 1475 2890 in
1492 2817 1652 2890 morbum
1669 2816 1805 2894 delatus

179 2947 275 3016 esset
291 2964 506 3038 supremum,
528 2942 680 3016 excessit
695 2948 866 3040 tempore.
1098 3015 1108 3023 .
1895 2938 1912 2994 5

223 3067 486 3166 Novogrodeci,
505 3071 688 3168 templum,
710 3071 849 3159 domus,
877 3077 913 3145 et
934 3071 1172 3168 gymnasium,
1192 3067 1380 3142 materiata
1394 3067 1470 3156 illa,
1486 3067 1648 3142 incendio
1664 3066 1702 3141 in
1718 3091 1800 3165 pro·
1827 3018 1963 3159 111ἷῖζο

171 3193 278 3267 xlmis
292 3193 427 3268 aedibns
445 3195 551 3281 facto,
575 3193 626 3268 Vl
643 3195 724 3270 idus
741 3198 854 3292 majas
871 3197 1149 3293 conflagrarunt.
1171 3195 1226 3269 Ea
1241 3195 1360 3267 clades
1378 3195 1545 3268 excitauit
1555 3191 1703 3270 liberale
1717 3218 1800 3269 con·
1826 3180 1959 3300 emaum
2072 3213 2078 3228 ·

172 3319 300 3393 ditoris
321 3319 469 3394 Martini
495 3319 711 3396 Gradovslrii
740 3322 908 3408 66166666,
937 3343 1005 3418 quo
1024 3321 1140 3417 magis
1160 3321 1197 3394 in
1222 3319 1448 3393 absolvendis
1479 3343 1499 3394 6
1521 3342 1622 3393 muro
1640 3319 1799 3395 aedificiis
1828 3275 1977 3402 Idolffidda·

174 3452 395 3541 properaret.
427 3444 484 3519 Ad
518 3445 702 3541 fastigium
732 3448 831 3543 operi
859 3446 1108 3543 imponendum
1138 3447 1222 3542 quia
1251 3447 1359 3519 multa
1393 3445 1568 3530 deessent,
1601 3452 1803 3521 constructa
1828 3425 1914 3488 ¹⁶⁸⁰II·

173 3571 287 3646 Sociis
308 3571 451 3645 interim
468 3568 677 3668 colligendis
695 3571 844 3646 aedicula
861 3598 868 3647 :
885 3571 1097 3646 translatum
1111 3593 1153 3646 ex
1166 3593 1261 3667 pago
1274 3571 1313 3644 in
1325 3570 1430 3644 busta
1448 3569 1629 3658 sacellum,
1647 3571 1802 3646 oblatum

174 3696 386 3772 aCasimiro
400 3698 520 3773 Leone
533 3697 701 3794 Sapieha‚
722 3698 1001 3796 procancellario
1024 3696 1225 3773 Lituaniae:
1247 3695 1378 3769 scholae
1392 3695 1428 3769 16
1441 3695 1540 3769 66616
1552 3696 1702 3769 Martini
1718 3703 1803 3772 tan-

172 3822 286 3919 tisper
316 3821 512 3919 explicatae.
545 3821 986 3898 Commemoranda-nobis
1004 3844 1067 3919 per
1092 3821 1180 3894 istos
1209 3842 1323 3894 annos
1353 3817 1546 3893 identidem
1566 3818 1734 3915 objiciunt
1763 3841 1803 3894 66

173 3949 315 4036 funera,
335 3972 446 4046 eaque
462 3949 619 4024 uirorum
648 3951 904 4047 praestantium.
927 3949 1067 4022 Primus
1093 3947 1140 4022 sit
1164 3945 1202 4017 in
1226 3943 1295 4017 hoc
1324 3964 1446 4027 censu,
1465 3949 1582 4017 rector
1601 3949 1803 4017 nostrorum

171 4073 293 4149 Vilnae
305 4073 530 4160 novitiorum,
547 4073 703 4148 Jacobus
718 4075 885 4162 Brentus,
901 4073 1027 4147 XVIII
1041 4070 1186 4145 kalend.
1206 4069 1297 4144 febr.
1310 4067 1496 4142 extinctus.
1515 4068 1802 4165 Quinquennium

174 4219 255 4272 eam
271 4199 364 4272 rexit
377 4197 532 4282 domum,
552 4197 722 4296 exemplis
735 4199 869 4293 pariter
886 4220 928 4270 66
944 4197 1145 4294 praeceptis.

224 4322 330 4404 Quod
346 4322 422 4419 lpse
439 4321 586 4396 inomni
603 4323 678 4394 6166
696 4322 1131 4419 66666666666666661666,
1155 4342 1282 4418 nempe
1299 4319 1582 4418 conjunctionem
1595 4321 1703 4396 661661
1720 4345 1801 4398 cum
1827 4275 1925 4410 06661,
1933 4353 1966 4410 p,

171 4447 252 4522 Deo
269 4469 335 4544 per
352 4469 508 4520 amorem
526 4445 653 4520 summi
670 4444 755 4518 boni
779 4453 999 4544 perpetuum,
1026 4469 1159 4543 perque
1177 4445 1432 4543 negligentiam
1447 4469 1565 4520 rerum
1591 4447 1802 4524 caducarum
1826 4431 1921 4572 ἓξὲξ

170 4577 213 4645 66
224 4572 292 4659 661,
308 4569 347 4646 161
359 4570 434 4644 6616
454 4591 587 4667 praeses
601 4593 643 4644 ac
659 4571 829 4667 magister
846 4590 1063 4668 magnopere
1078 4572 1357 4656 commendabat,
1374 4570 1561 4646 dictitans:
1578 4579 1710 4669 quanto
1722 4573 1801 4648 lon·
1915 4554 1923 4572 ’

168 4698 254 4793 gius
269 4696 414 4794 itaquis
427 4718 449 4770 6
463 4717 501 4771 66
519 4695 734 4784 discesserit,
753 4701 853 4770 66666
872 4719 952 4772 eum
966 4698 1041 4772 Deo
1055 4697 1257 4795 propiorem
1274 4697 1415 4784 fore,ac
1429 4696 1577 4794 proinde
1590 4681 1799 4776 beatiorem.

170 4820 544 4906 Caoodaemonem,cui
558 4843 636 4894 cum
655 4820 678 4892 J
680 4820 789 4894 acobo
802 4828 1010 4918 perpetuum
1028 4830 1106 4896 erat
1119 4829 1311 4908 certamen,
1326 4820 1559 4918 importunius
1579 4823 1617 4896 in
1637 4847 1801 4921 supremo

168 4951 258 5026 vitae
266 4951 418 5026 articulo
430 4955 625 5024 tentantem
633 4949 804 5022 adversus
818 4945 973 5020 divinam
982 4947 1205 5044 majestatem
1229 4946 1387 5044 adeoque
1405 4945 1598 5023 violentum
1615 4951 1738 5040 sensit,
1763 4958 1803 5028 ut

166 5073 417 5150 deficientibus
435 5073 624 5148 seviribus
641 5079 791 5160 atroce,
811 5080 943 5170 quanta
967 5073 1082 5172 potuit
1111 5074 1349 5160 contentione,
1382 5073 1612 5152 exclamarit:
1633 5078 1795 5166 Domine,

161 5197 243 5272 vim
259 5200 397 5297 patior!
423 5197 599 5297 responde
616 5223 682 5296 pro
699 5223 768 5289 me,
791 5199 937 5276 obsecro
955 5200 963 5272 !
980 5199 1062 5274 huit
1079 5222 1182 5296 quam
1199 5199 1441 5290 formidolosa,
1458 5225 1564 5298 quam
1575 5203 1717 5284 funesta
1736 5204 1799 5284 ut·

219 5337 255 5418 (l)
269 5339 373 5403 Cicero
387 5341 417 5402 in
435 5337 516 5401 Brut.
535 5339 584 5402 59.
