4936 6658
738 771 856 836 »LIBER
877 771 1036 837 DECIMUS
1057 775 1269 853 (1660·1661).
1776 779 1836 847 367

217 956 369 1056 scripsit,
388 961 701 1037 66666661166661
717 986 853 1038 morum
871 962 1091 1038 documenta.
1113 962 1347 1068 Existimabat
1364 959 1530 1058 prudens,
1550 961 1588 1035 66
1604 965 1723 1062 parvis
1741 989 1837 1064 saepe
1865 988 1930 1044 6656

216 1106 274 1157 666
287 1088 377 1162 verti
395 1111 544 1187 magnas
561 1116 570 1178 ;
587 1090 884 1200 quemadmodum
909 1091 946 1163 66
972 1089 1169 1174 stillicidiis,
1192 1088 1287 1184 quod
1312 1095 1430 1160 666661
1451 1088 1611 1184 Sapiens,
1631 1090 1837 1165 humiliatur
1863 1066 2004 1204 ffffiffi

216 1211 456 1309 contignatio:
477 1217 528 1289 ita
540 1216 576 1288 66
590 1215 663 1289 vita
680 1216 846 1302 16666666,
862 1213 1013 1288 maxime
1031 1214 1203 1309 religiosi,
1224 1214 1334 1309 prima
1353 1235 1417 1287 sua
1430 1215 1523 1287 bona
1545 1215 1737 1302 molimina,
1757 1240 1837 1314 par-

216 1357 339 1409 varum
360 1340 578 1436 negligentia
602 1363 730 1426 rerum,
761 1339 905 1412 dissolvi
935 1339 1117 1435 paulatim,
1150 1338 1336 1422 inclinare,
1369 1361 1411 1412 66
1440 1339 1590 1434 denique
1621 1341 1760 1414 collabi.
1796 1343 1838 1415 Id

216 1459 406 1555 aliquando
440 1466 600 1561 exemplo
636 1466 742 1538 etiam
776 1466 911 1537 monuit
941 1462 1112 1537 Nioolaus
1147 1463 1343 1558 Collegium
1380 1486 1481 1536 suum
1514 1463 1651 1538 Calissii
1673 1491 1681 1537 ε
1706 1465 1838 1539 leviore

216 1583 357 1676 quidem
380 1586 454 1674 illo,
488 1589 534 1661 ad
564 1589 798 1685 objiciendum
819 1595 940 1663 tamen
969 1589 1132 1684 ingenuis
1162 1595 1293 1662 metum
1323 1587 1461 1662 idoneo.
1484 1589 1626 1661 Prunus
1653 1597 1727 1662 erat
1744 1592 1837 1663 66166

215 1717 316 1803 66616
334 1709 457 1786 domus
472 1713 657 1808 frugifera.
673 1712 730 1786 Ad
747 1737 895 1787 uvarum
912 1719 1135 1809 conspectum
1155 1713 1289 1786 esurire
1298 1715 1466 1809 juvenum
1483 1713 1623 1809 aliquis,
1644 1720 1838 1810 616666666

213 1832 405 1910 deciduas:
439 1838 678 1932 deprehensus
710 1839 746 1909 66
774 1838 843 1910 6616
872 1838 1049 1911 vindemia
1074 1837 1242 1932 lcgulus:
1276 1837 1336 1910 ille
1359 1837 1510 1934 quidem,
1528 1845 1566 1910 ut
1582 1844 1658 1911 6661
1674 1840 1835 1934 pudicae,

210 1958 289 2054 ipsa
304 1961 517 2034 verecundia
541 1962 626 2035 satis
656 1984 844 2058 poenarum
869 1960 990 2035 dedit:
1024 1984 1158 2058 prunus
1185 1984 1270 2033 vero
1301 1961 1425 2035 eodem
1455 1963 1564 2035 ferme
1595 1961 1664 2046 die,
1697 1963 1838 2036 Nicolai

210 2085 303 2160 dicto
322 2097 477 2184 perusta,
500 2089 651 2165 exaruit.
675 2091 729 2163 lta
746 2090 805 2163 1666
822 2112 867 2163 66
885 2089 1106 2162 arbusculam
1124 2087 1264 2184 quidem
1281 2089 1318 2160 66
1331 2089 1435 2162 horto
1453 2113 1515 2162 suo
1530 2091 1600 2186 pati
1614 2093 1740 2187 potuit,
1757 2115 1837 2187 quae

210 2211 470 2287 adolescentem
488 2213 674 2289 dulcedine
691 2214 826 2288 fructus
842 2215 889 2286 ad
906 2214 1057 2308 eulpam,
1073 2214 1214 2287 tametsi
1232 2213 1345 2287 levem
1363 2215 1465 2300 adeo,
1494 2214 1689 2310 pellexerit.
1719 2216 1837 2290 Nullis

210 2333 331 2411 induci
349 2361 502 2434 unquam
516 2340 631 2413 causis
644 2340 768 2435 potuit,
787 2346 825 2412 ut
839 2338 991 2434 aliquam
1005 2339 1157 2411 instituti
1172 2339 1227 2412 sui
1242 2339 1448 2435 particulam
1461 2345 1599 2434 putaret
1611 2339 1834 2413 violandam:
1884 2379 1890 2390 ·

208 2459 246 2534 id
263 2463 356 2558 quod
368 2486 480 2559 nuper
502 2464 608 2537 etiam
620 2463 738 2559 palam
756 2465 839 2537 feeit
851 2463 1069 2558 proceribus.

252 2586 492 2660 Conciliandae
520 2595 622 2662 erant
652 2587 836 2661 Vladislao
861 2588 939 2683 regi
971 2588 1103 2682 nuptiae
1139 2609 1218 2660 cum
1243 2609 1373 2682 sponsa
1404 2610 1448 2661 ex
1476 2587 1609 2660 familia
1638 2589 1833 2676 haeretica;
1861 2615 2009 2675 obscum·

207 2711 390 2804 pronubis,
404 2713 603 2786 hominibus
617 2713 769 2809 partium
784 2713 1045 2798 haereticarum,
1065 2711 1232 2785 factiosis
1254 2712 1296 2784 In
1314 2713 1382 2786 hoc
1411 2714 1594 2786 consilium
1616 2737 1678 2787 rex
1697 2737 1834 2812 quoque
1856 2703 1897 2794 ii?
1915 2702 1982 2836 ξιξ·

206 2835 307 2908 visus
325 2834 536 2923 inclinasse;
557 2837 741 2931 siquidem
759 2837 971 2932 tamenejus
997 2835 1162 2908 connubii
1181 2835 1324 2909 venias
1353 2836 1516 2909 Romano
1540 2838 1711 2911 Pontifioe
1739 2847 1834 2912 esset
1856 2797 1956 2912 idda.

205 2958 452 3056 impetrabilis.
469 2961 648 3056 Deligitur
670 2962 776 3056 hujus
795 2967 1001 3056 procurator
1019 2960 1152 3054 negotii
1172 2960 1372 3046 Lancieius,
1405 2960 1578 3034 Romanis
1604 2961 1694 3036 bene
1712 2969 1830 3048 notus,

207 3091 244 3156 61
261 3084 442 3179 gratiosus
472 3085 568 3181 apud
598 3086 796 3160 antistites
831 3087 991 3159 Recusat
1014 3084 1206 3179 legationis
1238 3107 1366 3157 munus
1382 3084 1455 3172 ille,
1488 3092 1656 3180 tanquam
1673 3086 1833 3161 instituto

206 3231 270 3281 suo
288 3209 470 3296 alienum;
500 3211 604 3304 idque
636 3233 655 3282 6
681 3210 800 3284 codice
826 3209 948 3305 legum
980 3208 1124 3282 Ordinis
1158 3210 1214 3281 sui
1243 3209 1452 3295 confirmat;
1483 3211 1633 3284 maxime
1658 3214 1751 3307 quod
1784 3214 1834 3286 ita

205 3330 390 3428 religionis
404 3357 512 3406 causa
528 3334 738 3408 intercedat.
761 3337 837 3415 Quo
855 3357 1028 3430 responso
1043 3333 1238 3406 catholicus
1256 3335 1418 3430 princeps
1433 3335 1545 3406 sensit
1571 3359 1609 3408 se
1635 3337 1805 3409 monitum
1823 3362 1829 3408 :

203 3460 364 3535 laudavit
399 3464 542 3550 virum;
581 3464 732 3537 mutavit
778 3462 975 3535 consilium.
1013 3461 1148 3534 Multos
1183 3463 1369 3557 praeceptis
1404 3461 1619 3537 salutaribus
1652 3464 1827 3537 instituit:

205 3585 334 3658 multos
352 3586 503 3659 correxit
521 3587 565 3659 ad
584 3588 746 3681 frugem:
768 3586 937 3681 quosdam
956 3587 1002 3658 ad
1021 3585 1197 3680 insignem
1215 3586 1321 3658 etiam
1343 3587 1517 3682 promovit
1548 3587 1825 3661 sanctimoniam.

206 3711 442 3791 Quamobrem
476 3712 673 3786 invidiosus
690 3710 756 3785 fuit
775 3712 864 3784 adeo
882 3711 1028 3784 humani
1046 3711 1190 3804 generis
1208 3711 1382 3795 hostibus,
1403 3719 1443 3784 ut
1463 3733 1509 3784 66
1534 3736 1662 3788 nomen
1691 3713 1829 3808 quidem

205 3835 362 3908 Lancicii
380 3843 597 3932 paterentur,
621 3836 753 3931 eisque,
774 3836 834 3930 qui
851 3836 946 3908 hunc
963 3835 1163 3918 laudarent,
1180 3857 1267 3928 quas
1299 3842 1456 3930 possent,
1483 3845 1643 3910 crearent
1671 3837 1826 3911 fraudes.

205 3962 282 4041 Quo
299 3961 458 4058 pluribus
478 3961 594 4036 studio
610 3961 795 4057 prodesset
808 3983 885 4046 suo,
905 3960 1018 4032 libros
1034 3960 1254 4054 conscripsit,
1285 3959 1454 4032 doetrinae
1479 3960 1603 4057 plenos
1634 3961 1800 4036 salutaris
1817 3989 1825 4049 ;
1853 3969 1935 4064 Libri·
1948 3971 1991 4066 sui

205 4084 340 4181 aliquot
357 4086 526 4182 opuscula
544 4087 663 4160 suain
680 4086 758 4159 luce
777 4093 858 4159 sunt
875 4109 882 4156 :
904 4084 1006 4180 plura
1023 4085 1061 4156 in
1086 4083 1201 4156 reditu
1228 4106 1271 4156 ex
1298 4083 1402 4156 Italia
1427 4086 1558 4172 amisit,
1587 4109 1609 4159 a
1630 4085 1827 4161 latronibus
1853 4054 1971 4108 “m

204 4209 389 4305 spoliatus.
411 4210 589 4285 Virtutum
608 4211 645 4284 in
663 4211 741 4283 viro
754 4210 832 4282 laus
849 4209 962 4282 multa
978 4236 987 4296 ;
1008 4231 1155 4305 quarum
1173 4208 1232 4280 bic
1250 4208 1328 4282 haec
1359 4231 1494 4281 summa
1521 4211 1575 4282 sit.
1605 4215 1735 4285 Amore
1761 4211 1827 4285 Dei

203 4333 360 4430 flagrare
376 4335 472 4409 risus
490 4344 658 4432 perpetuo
677 4361 684 4408 :
705 4334 863 4431 patiendi
893 4341 928 4408 et
951 4335 1042 4408 bene
1072 4333 1229 4407 merendi
1255 4331 1322 4406 fuit
1351 4335 1587 4430 percupidus;
1608 4336 1830 4431 paupertatis,

204 4457 384 4554 religiosae
429 4480 554 4533 amans
604 4460 794 4534 admodum
835 4467 939 4555 atque
985 4459 1187 4532 observans.
1229 4457 1457 4553 Virginitatis
1498 4459 1620 4532 florem
1671 4462 1960 4573 6666618111ῃῆῚει

204 4581 408 4680 integrum;
440 4609 544 4658 noxae
565 4587 676 4659 omnis
702 4584 901 4670 fastidiens,
933 4583 1093 4679 pluribus
1113 4589 1196 4655 ante
1222 4581 1356 4655 obitum
1384 4583 1487 4658 annis
1509 4605 1551 4657 eo
1576 4607 1614 4658 se
1637 4585 1826 4660 obstrinxit
1852 4594 1940 4666 elogii.

202 4713 298 4794 roto,
332 4716 372 4781 61
400 4731 446 4782 66
474 4709 588 4782 levem
620 4710 760 4805 quidem
786 4709 924 4806 culpam
955 4708 1070 4782 sciens
1099 4708 1324 4804 prudensque
1355 4708 1580 4782 admitteret:
1613 4709 1695 4784 16666
1721 4711 1825 4786 facile

204 4839 352 4906 caeteras
369 4834 495 4909 laudes
513 4835 675 4932 colligas.
761 4825 765 4832 ’
1650 4905 1654 4916 ,

252 4959 356 5035 11666
381 4963 488 5048 1639,
508 4963 608 5037 hoste
642 4962 849 5036 Bohemiam
878 4961 1082 5057 populante,
1097 4958 1201 5054 jussu
1227 4960 1375 5034 rectoris
1404 4961 1628 5059 migrandum
1655 4972 1732 5039 erat
1757 4965 1823 5041 Ni-

203 5082 304 5159 oolao
335 5107 414 5161 cum
436 5089 548 5163 tribus
584 5089 696 5163 Sociis
730 5087 977 5162 Novodomum
1007 5085 1274 5181 Guttembergo.
1306 5087 1491 5162 Praesoivit
1521 5091 1667 5176 monitu,
1700 5093 1819 5181 oredo,
1850 5065 2000 5218 {mem

202 5209 337 5302 divino,
358 5214 425 5289 iter
444 5215 512 5289 sibi
528 5213 693 5292 infestum
721 5213 797 5288 fore
814 5237 822 5286 ι
839 5217 1101 5287 contracturum
1127 5231 1166 5285 se
1183 5211 1219 5284 in
1248 5211 1307 5287 via
1332 5212 1472 5309 insigne
1489 5213 1654 5291 damnum
1674 5242 1681 5291 :
1703 5217 1824 5291 interi·
1851 5227 1997 5289 66666
