4948 6654
693 811 755 879 230
1062 823 1339 886 LlTUANICdliUM
1362 823 1576 887 soclamrls
1597 827 1683 888 JESU
1705 821 1958 887 ulsrofflauuu

518 1007 582 1062 rora
696 1025 713 1056 a
733 1021 812 1074 cum
825 1025 881 1077 me
896 997 1066 1080 Dominus
1080 1008 1177 1082 Deus
1202 1009 1399 1104 indiguum,
1420 1015 1500 1104 post
1525 1032 1666 1084 menses
1684 1007 1819 1104 aliquot
1844 1007 1888 1079 ab
1904 1007 2001 1080 exitu
2028 1004 2131 1080 Beati
2161 1005 2316 1088 Kostka,

696 1150 712 1182 α
734 1125 779 1197 ad
798 1150 858 1199 eos
872 1151 966 1201 anuo
985 1131 1109 1204 salutis
1132 1133 1225 1206 1569
1246 1135 1450 1228 appulisset.
1493 1172 1509 1200 a
1531 1137 1573 1208 In
1599 1159 1667 1231 quo
1688 1135 1810 1206 divina
1832 1133 2048 1227 benignitas,
2078 1131 2191 1226 inquit
2207 1131 2319 1203 histo·

692 1247 826 1321 riarum
840 1251 1026 1326 Societatis
1052 1256 1202 1350 scriptor
1228 1258 1250 1330 J
1254 1259 1432 1344 uvenciuS,
1462 1259 1647 1334 consulere
1674 1258 1836 1330 Poloniae
1852 1257 1930 1328 visa
1958 1263 2024 1339 est,
2045 1255 2176 1327 dumiu
2202 1254 2318 1327 locum

516 1384 624 1488 borna¹
691 1373 824 1468 recepti
853 1375 942 1448 coelo
968 1377 1203 1454 adolescentis
1229 1389 1405 1455 maturum
1424 1384 1591 1479 gerendis
1616 1383 1722 1457 rebus
1751 1381 1865 1453 virum
1894 1379 2000 1452 terris
2018 1379 2136 1462 dedit;
2169 1383 2208 1450 ut
2226 1376 2319 1450 alter

518 1474 638 1614 Ἐπ’
691 1497 823 1587 potenti
854 1501 1063 1592 patrocinio,
1083 1502 1174 1576 alter
1200 1505 1322 1580 labore
1346 1509 1424 1581 utili
1455 1517 1597 1583 ornarat
1625 1509 1778 1604 patriam
1808 1516 1846 1582 et
1865 1509 2021 1604 juvaret.
2052 1505 2214 1600 Quinque
2244 1505 2320 1577 fere

634 1619 637 1626 ’
690 1641 829 1693 meuses
849 1621 886 1696 in
903 1626 1055 1700 visendis
1068 1628 1250 1702 beatorum
1281 1642 1475 1730 martyrum
1490 1634 1687 1730 sepulchris
1705 1633 1846 1728 exegit;
1867 1633 2032 1705 tardante
2050 1653 2155 1726 quam
2179 1629 2224 1701 ob
2243 1651 2319 1700 rem

693 1743 810 1814 nescio
836 1745 1032 1843 Praeposito
1062 1753 1222 1846 generali
1252 1755 1443 1830 Francisco
1470 1758 1600 1852 Borgia
1625 1757 1801 1830 hominem
1837 1756 2009 1852 accipere.
2039 1753 2213 1846 Acceptus
2232 1749 2320 1824 anni

694 1867 788 1941 1569
807 1879 931 1966 quarto
950 1897 1062 1948 nonas
1075 1877 1286 1962 februarias,
1306 1881 1363 1953 die
1381 1881 1504 1955 Beatae
1535 1881 1676 1976 Virgini
1699 1879 1826 1951 Mariae
1852 1885 1966 1951 sacro.
1988 1875 2138 1950 Biennio
2163 1872 2320 1946 tirocinii

520 2032 599 2088 Redit
630 2035 659 2088 g,
692 2001 827 2079 exacto,
867 2005 991 2089 postea
1022 2023 1123 2092 quam
1150 2003 1243 2076 iuter
1277 2004 1399 2076 Socios
1430 2004 1620 2100 apostolico
1656 2003 1875 2098 poenitentiae
1904 2001 1980 2074 soro
2014 2000 2060 2072 ad
2085 1998 2190 2072 Beati
2220 1997 2323 2070 Petri
2408 2047 2413 2054 -
2460 2015 2461 2032 ¹

522 2117 647 2188 paenam.
691 2119 885 2214 impositos,
923 2124 1130 2219 aliquandiu
1172 2137 1340 2204 navasset
1379 2154 1537 2226 operam,
1572 2131 1681 2203 multo
1718 2133 1795 2225 jam
1838 2153 1860 2201 a
1902 2127 2081 2222 theologia
2123 2126 2229 2198 etiam
2264 2125 2321 2196 in-

692 2245 870 2331 structior,
889 2248 1040 2341 patriam
1059 2251 1211 2346 repetiit.

517 2391 625 2449 ecreto
740 2368 898 2442 Primum
919 2373 987 2444 sibi
1004 2376 1260 2449 concionatoris
1275 2375 1424 2449 officium
1439 2377 1659 2472 assignatum
1675 2377 1861 2468 Pultoviae.
1891 2377 1999 2449 Sexto
2015 2374 2146 2448 deiude¹
2158 2374 2204 2446 ab
2229 2372 2325 2446 inita

520 2485 653 2624 mm
692 2491 868 2568 Societate
882 2519 985 2580 anno,
1002 2507 1154 2592 quatuor
1167 2507 1250 2572 vota
1262 2503 1456 2596 professus,
1473 2503 1619 2575 verbum
1645 2503 1711 2576 Dei
1724 2501 1942 2598 praedicabat
1970 2500 2183 2586 Livonibus;
2212 2499 2324 2572 modo

657 2608 664 2623 '
691 2613 908 2710 Stephanum
936 2643 1057 2715 regem
1087 2631 1308 2711 consectans,
1348 2621 1451 2698 modo
1483 2627 1696 2701 cardinalem
1728 2626 1921 2720 Georgium
1952 2623 2185 2696 Radivillum.
2219 2623 2326 2698 Bene

691 2739 867 2811 consuluit
896 2744 1008 2836 genti,
1031 2745 1108 2839 jam
1133 2746 1192 2817 diu
1210 2770 1274 2841 per
1303 2747 1492 2822 haereticos
1522 2758 1710 2845 corruptae,
1746 2748 2094 2843 religiosissimorum
2120 2745 2324 2842 principum

517 2847 654 2986 {ffim
691 2885 775 2935 usus
792 2867 931 2939 animis.
954 2870 1033 2962 Ipso
1052 2871 1188 2943 consilii
1205 2861 1354 2946 faciente
1372 2874 1521 2969 copiam,
1542 2876 1723 2970 magistris
1742 2875 1924 2970 religionis
1951 2874 2100 2946 sincerae
2130 2882 2166 2946 et
2182 2898 2324 2946 morum

518 3016 603 3074 vdua
693 2987 843 3082 collegia
869 2997 904 3062 et
921 2992 1111 3064 seminaria
1130 2994 1293 3066 condita:
1310 2997 1429 3092 Rigae‚
1447 2999 1606 3093 Derpati,
1622 3021 1802 3094 nuperque
1816 2999 1851 3069 iu
1867 2998 2001 3071 Russia
2015 2995 2183 3070 Polociaa.
2200 2997 2325 3071 Vilnae

517 3113 654 3235 fflict-
693 3112 899 3208 Collegium,
918 3114 1020 3187 titulo
1041 3115 1243 3191 Academiae
1262 3127 1296 3191 et
1310 3120 1562 3192 Universitatis
1589 3133 1745 3207 auctum,
1767 3128 1886 3195 rector
1903 3122 2037 3218 primus
2051 3142 2112 3193 au.
2137 3119 2231 3194 1580
2244 3129 2325 3194 tum

516 3268 559 3307 am
589 3257 668 3324 regit.
692 3235 899 3324 Polocense,
928 3239 999 3312 aha
1024 3241 1113 3315 alias
1131 3242 1353 3337 gubernavit.
1379 3244 1523 3338 Aliquot
1536 3245 1740 3319 sodalitates
1763 3248 1841 3341 pias
1854 3245 2021 3330 instituit;
2040 3244 2128 3317 duas
2146 3245 2182 3316 in
2195 3245 2326 3339 primis

691 3362 817 3436 utiles:
850 3363 999 3438 alteram
1028 3366 1145 3438 Vilnae
1175 3367 1222 3439 ad
1251 3368 1419 3462 templum
1449 3368 1519 3438 divi
1549 3368 1724 3455 loannis;
1759 3370 1947 3441 Varsaviee
1983 3369 2145 3453 alteram,
2189 3368 2325 3446 dictam

691 3488 727 3560 S.
766 3489 903 3572 Lazari,
936 3489 1147 3584 colligendis
1175 3493 1298 3586 egenis
1336 3493 1543 3588 piorumque
1577 3494 1750 3566 sodalium
1779 3496 1950 3568 charitate
1978 3493 2234 3566 sustentandis
2264 3495 2326 3568 Ad

517 3615 647 3708 moditia
690 3613 906 3686 fundandam
924 3614 1064 3687 domum
1082 3616 1319 3709 professorum
1346 3618 1539 3704 Cracoviae,
1568 3627 1603 3692 ct
1630 3620 1780 3691 alteram
1807 3618 1938 3691 ibidem
1957 3618 2169 3689 novitiorum
2197 3617 2326 3692 Socie-

515 3696 645 3752 mantnt.
689 3738 773 3810 tatis
810 3736 1070 3823 stabiliendam,
1097 3739 1273 3812 industria
1302 3763 1367 3813 sua
1397 3749 1432 3813 et
1459 3741 1597 3813 navitas
1623 3743 1770 3812 multum
1797 3739 1956 3813 contulit.
1987 3740 2177 3812 Accitusa
2207 3740 2327 3836 Sigis-

689 3861 811 3933 mundi
828 3862 880 3933 III
914 3863 959 3934 ad
985 3863 1117 3947 aulam,
1138 3873 1173 3936 et
1203 3864 1391 3958 theologus
1419 3865 1455 3935 in
1481 3864 1544 3935 illa
1574 3887 1637 3959 per
1663 3847 1836 3936 salutaria
1862 3863 2078 3959 principibus
2108 3864 2260 3937 consilia
2290 3873 2330 3938 et

690 3984 849 4080 publicus
863 4009 927 4080 per
947 3987 1133 4059 conciones
1158 3987 1355 4081 religionis
1385 3987 1468 4060 vitae
1497 3995 1532 4060 et
1566 4007 1702 4060 morum
1721 3989 1811 4082 regi,
1832 3989 2048 4082 proceribus,
2077 3989 2207 4083 populo
2238 4013 2327 4062 ma-

688 4108 814 4214 gister,
832 4115 934 4182 tanta
964 4135 1090 4184 munus
1114 4135 1214 4184 suum
1244 4135 1323 4185 cum
1349 4112 1455 4185 laude
1480 4113 1657 4207 praestitit,
1687 4121 1725 4184 ut
1752 4113 1845 4183 dicta
1876 4135 1940 4184 sua
1971 4113 2079 4207 vulgo
2105 4122 2227 4186 esseut
2253 4139 2326 4210 pro

576 4293 592 4346 8
688 4234 816 4306 divinis
831 4234 958 4320 effatis,
980 4258 1095 4308 mores
1113 4237 1167 4308 sui
1180 4260 1244 4331 pro
1259 4237 1428 4332 exemplis
1446 4238 1495 4332 (1).
1904 4329 1911 4346 ι

513 4368 583 4462 [aus
602 4386 662 4428 con-
737 4358 966 4433 Admirantur
983 4385 1103 4433 omnes
1128 4362 1164 4433 in
1195 4362 1420 4434 concionibus
1448 4360 1546 4435 Petri
1571 4357 1710 4453 seriptis
1738 4361 1844 4432 etiam
1868 4360 1980 4433 lucem
1999 4360 2175 4454 quandam
2191 4364 2330 4456 praeci-

514 4464 625 4507 ΜΨ·
687 4477 805 4576 puam‚¹
841 4485 1106 4556 tractandorum
1140 4485 1327 4574 artificium
1369 4488 1577 4569 animorum,
1611 4484 1764 4579 partium
1808 4485 1978 4557 orationis
2018 4485 2327 4574 distributionem,

686 4615 974 4702 argumentorum
993 4630 1132 4692 nervae,
1154 4609 1248 4681 succi
1265 4610 1388 4703 plenos
1405 4635 1448 4685 ac
1473 4609 1631 4694 rohoris;
1652 4607 1688 4679 in
1715 4609 1879 4704 siugulis,
1899 4609 2013 4682 altera
2030 4617 2132 4704 parte
2157 4609 2331 4706 fulgurat

688 4736 816 4808 Petrus
848 4736 1019 4806 adversus
1049 4734 1230 4830 religionis
1256 4736 1376 4808 hostes
1407 4734 1600 4817 catholicae,
1640 4731 1887 4826 oppositasque
1917 4733 2065 4828 dissipat
2100 4733 2292 4808 machinas
2311 4763 2336 4810 a

685 4858 798 4930 altera
831 4865 955 4930 contra
972 4858 1113 4929 eosdem
1133 4859 1301 4952 populum
1314 4858 1522 4954 catholicum
1541 4864 1667 4940 armat,
1682 4860 1720 4928 'et
1739 4857 1952 4929 salutaribus
1977 4856 2120 4929 instruit
2138 4859 2322 4934 consiliis.

684 4982 787 5054 Omni
818 4981 906 5054 festo
933 4982 990 5053 die
1018 4982 1056 5052 in
1086 4983 1153 5053 hac
1187 4984 1369 5076 provincia
1398 4985 1565 5079 leguntur
1595 5006 1700 5078 super
1728 5004 1885 5072 mensam
1915 5006 1979 5077 per
2008 4990 2179 5076 agnosten
2212 4983 2328 5058 Petri

682 5106 881 5189 conciones,
901 5127 1014 5200 neque
1032 5114 1151 5179 tamen
1169 5106 1231 5178 ulli
1255 5108 1383 5193 adhuc,
1409 5109 1515 5182 toties
1538 5109 1710 5202 repetitae,
1732 5107 1927 5180 satietatem
1954 5106 2104 5179 attulere
2127 5107 2250 5180 :adeo
2286 5113 2327 5184 in

671 5223 674 5231 ’
719 5247 760 5321 (tt
784 5243 993 5303 Domicdiorum
1006 5244 1218 5302 condendorum
1233 5253 1344 5306 auctor.
