4906 6642
655 783 762 842 trena
807 780 943 842 seruos
986 779 1199 857 (reor-raro).
1705 775 1725 837 3

113 994 165 1054 eas
190 969 405 1051 sustinerent
423 987 559 1065 poenas,
580 987 660 1061 qnae
684 961 921 1059 proditoribus
946 959 1079 1056 patriae
1093 957 1210 1047 forent
1235 957 1447 1061 constitutae.
1467 957 1589 1032 Valuit
1603 965 1726 1032 utcun-

115 1119 185 1192 que,
201 1096 239 1168 in
258 1095 328 1167 ista
348 1095 463 1189 gentis
478 1092 656 1176 libertate,
675 1090 722 1163 ad
745 1085 860 1183 prima
884 1082 1094 1156 successoris
1120 1082 1158 1152 in
1187 1081 1533 1178 regnumAugustiI
1551 1087 1724 1176 tempora,

117 1221 182 1315 ejus
199 1217 291 1312 legis
313 1193 491 1290 sanctitas.
510 1213 701 1300 Momentis
714 1206 1010 1301 deindeminimis
1034 1204 1279 1278 inclinationes
1294 1213 1491 1305 temporum
1515 1207 1618 1278 sactae
1645 1213 1728 1278 sunt

117 1340 280 1414 maximae.
303 1339 451 1422 Quando
469 1337 609 1434 quidem
626 1336 671 1411 de
688 1333 818 1411 nostris
833 1333 989 1428 ipsorum
1006 1331 1112 1404 rebus
1128 1353 1327 1419 narramus,
1346 1333 1462 1413 dicere
1478 1332 1567 1406 nihil
1584 1333 1723 1418 attinet,

118 1465 168 1560 qui
189 1464 277 1538 alibi
297 1469 505 1562 tempestate
530 1462 592 1534 illa
615 1467 729 1534 status
753 1456 935 1552 religionis
954 1463 990 1529 et
1005 1456 1177 1532 bonarum
1203 1457 1309 1530 fuerit
1330 1457 1476 1544 artium;
1496 1457 1641 1554 longum
1666 1457 1724 1543 sit,

119 1590 145 1662 si
159 1588 214 1662 vel
227 1589 392 1686 propiora
409 1589 583 1673 Lituanis,
600 1585 783 1681 magisque
796 1578 999 1666 domestica,
1015 1601 1273 1677 percurramus.

160 1713 301 1786 Pmssia
325 1712 364 1784 in
388 1710 510 1807 primis
530 1719 566 1784 et
587 1708 747 1792 Livonia,
768 1702 926 1802 aprimis
937 1704 1014 1799 jam
1034 1703 1116 1774 inde
1134 1702 1286 1778 heroicis
1301 1703 1569 1797 Crucigerorum
1586 1710 1726 1798 tempo·
1753 1699 1904 1836 miti-

120 1835 206 1908 ribus
237 1837 434 1931 conjuncta
459 1856 578 1907 secum
602 1831 754 1927 legibus,
781 1827 1007 1923 magisteriis,
1036 1833 1072 1900 et
1097 1828 1279 1924 religionis
1306 1828 1489 1902 catholicae
1513 1827 1730 1924 professione
1751 1877 1847 1916 vonum
1869 1857 1904 1912 ab

121 1959 296 2054 praecipua,
313 1957 523 2055 provinciae;
543 1956 683 2039 deinde,
706 1952 877 2028 casimiro
896 1951 949 2025 Ill
967 1971 1065 2044 rege,
1086 1952 1134 2022 ad
1150 1951 1364 2028 Polonorum
1390 1951 1642 2048 rempublicam
1667 1971 1729 2044 ag·
1751 1937 1873 2071 {effi}

121 2089 293 2176 gregatae3
322 2079 548 2175 sigismundo
586 2079 736 2172 denique
774 2075 901 2172 primo,
932 2075 978 2147 ab
1003 2072 1164 2146 Ecclesia
1189 2081 1225 2147 et
1246 2075 1376 2148 virtute
1402 2098 1467 2148 sua
1491 2097 1533 2147 ac
1558 2073 1731 2168 dignitate

122 2203 260 2299 pristina
277 2203 449 2275 defecere.
470 2201 513 2273 In
536 2208 719 2296 utramque
744 2199 864 2272 intuht
893 2208 933 2272 s'e
961 2199 1109 2272 haeresis
1136 2199 1361 2284 Luteranica,
1382 2206 1576 2293 cunctaque
1599 2196 1732 2293 pariter

123 2327 232 2398 divina
246 2325 470 2420 humanaque
483 2325 699 2421 permiscuit.
719 2323 862 2396 Annum
875 2322 1014 2396 circiter
1035 2323 1141 2407 1520,
1162 2322 1427 2408 administrante
1446 2323 1628 2396 Prussiam
1643 2320 1731 2394 Fre·

124 2449 244 2534 derioo,
267 2448 409 2528 Ordinis
435 2447 658 2531 Theutonici,
679 2469 699 2518 a
723 2448 885 2520 crucibus
916 2445 1082 2542 gerendis
1110 2447 1316 2543 nuncupati,
1337 2447 1526 2542 Magistro,
1547 2443 1734 2521 aGerma-

125 2575 184 2659 nis,
204 2596 285 2648 cum
300 2572 369 2646 isto
383 2570 473 2644 duce
491 2593 555 2644 suo
571 2571 730 2658 advenis,
752 2573 944 2672 disciplinae
957 2574 1154 2647 hominibus
1172 2573 1407 2660 Luteranicae,
1429 2573 1615 2648 Prutenioa
1632 2593 1733 2666 gens,

125 2696 263 2792 simplex
286 2696 402 2770 adhuc
424 2702 460 2770 et
483 2695 636 2791 integra,
662 2698 839 2793 corrumpi
855 2697 963 2794 coepit
988 2696 1156 2792 exemplis
1173 2695 1384 2791 religionum
1405 2718 1610 2790 morumque
1634 2716 1739 2789 pere-

126 2823 251 2918 grinis,·
269 2822 458 2896 condidicit
465 2823 543 2919 jam
554 2829 643 2909 tum,
659 2824 838 2920 magistris
851 2824 966 2907 novis,
982 2822 1126 2896 Andrea
1140 2821 1317 2894 Osiandro
1330 2820 1366 2917 (1)
1379 2820 1529 2894 maxime
1542 2825 1578 2893 et
1601 2819 1623 2891 J
1626 2840 1739 2892 oanne

127 2948 258 3046 Koppio
286 2946 507 3020 Efrordiensi
524 2947 669 3033 medico,
687 2947 823 3034 fallere,
845 2948 1018 3043 pejerare,
1038 2944 1202 3030 helluari,
1229 2943 1443 3039 digladiari:
1473 2943 1549 3018 dies
1573 2966 1639 3016 nec
1664 2964 1741 3014 esu·

128 3069 225 3144 riales
244 3069 431 3142 observare
445 3091 511 3144 nec
529 3069 656 3142 lestos:
677 3069 767 3142 ritus
785 3091 902 3142 sacros
919 3077 956 3144 et
976 3073 1199 3143 sacramenta
1211 3075 1247 3142 et
1264 3067 1470 3142 Pontificem
1488 3068 1690 3141 Romanum
1707 3070 1743 3139 ot

131 3189 317 3262 Ecclesiam
331 3190 540 3264 catholicam
556 3197 591 3264 et
608 3191 750 3266 Coclites
768 3190 950 3264 execrari:
970 3191 1212 3266 nihilomnino
1233 3190 1334 3286 pensi
1351 3213 1465 3285 neque
1485 3189 1605 3262 divina
1625 3211 1755 3284 neque.

132 3313 280 3386 humana
303 3313 445 3386 habere.
465 3313 634 3410 Exempla
661 3313 854 3391 vicinorum
879 3316 1034 3411 proclive
1059 3315 1126 3389 luit
1151 3313 1242 3386 mala
1267 3337 1393 3410 capere
1418 3314 1455 3411 (a)
1482 3313 1739 3398 Culmensibus,

132 3437 358 3522 Pomesaniis,
383 3437 665 3523 Sambiensibus;
687 3439 760 3512 suis
777 3440 927 3512 maxime
943 3439 1145 3536 pastoribus
1161 3440 1219 3516 vel
1235 3440 1549 3525 dissimulantibus,
1569 3438 1626 3513 vel
1639 3439 1743 3512 etiam

133 3560 416 3636 conniventibus:
444 3562 483 3633 in
506 3563 626 3657 primis
651 3563 673 3635 J
676 3585 792 3636 oanne
824 3564 875 3635 Vl
902 3563 1152 3650 Culmensium,
1189 3564 1348 3638 Gerardo
1376 3566 1410 3638 II
1438 3565 1740 3653 Pomesaniorurm

134 3683 344 3758 Sambiorum
374 3683 540 3777 Georgio.
570 3683 636 3756 His
660 3684 901 3762 Ecclesiamm
929 3687 1198 3772 Prutenicarum
1224 3687 1455 3774 Praesidibus,
1475 3689 1570 3763 cives
1593 3690 1640 3763 ad
1670 3691 1743 3786 opi-

134 3807 247 3880 niones
263 3806 501 3879 Borussornm
521 3812 557 3879 ct
572 3829 701 3895 mores,
722 3811 932 3905 contagione
947 3819 1111 3908 serpente
1127 3811 1246 3896 latius,
1266 3812 1396 3886 abiere.
1418 3813 1553 3888 Eadem
1571 3815 1744 3888 Livonum
1773 3811 1905 3936 nivescit·

135 3937 164 4000 et
186 3929 440 4003 Curlandorum
469 3931 642 4032 conditio,
676 3938 715 4004 ut
744 3934 805 4028 qui
829 3935 962 4030 pariter
989 3935 1256 4032 crucigerorum
1281 3937 1494 4032 magisteriis
1524 3949 1739 4034 agerentur:
1772 3897 1919 4024 {fflri

135 4055 302 4148 conjuncti
314 4056 389 4150 jam
409 4053 491 4125 olim
514 4077 592 4126 oum
613 4056 878 4144 'I'heutonibus3
900 4058 1169 4154 Orucigemrum
1187 4061 1327 4156 quidem
1344 4062 1383 4134 in
1402 4063 1549 4136 Prussia
1567 4064 1743 4136 Hermano
1772 4045 1852 4103 Μ’·

137 4175 258 4262 Saltza,
278 4177 475 4272 Thuringo,
495 4177 565 4263 vel,
586 4179 644 4276 qui
664 4179 745 4252 huic
767 4188 904 4254 mortuo
935 4183 1105 4256 successit
1125 4207 1207 4258 mox
1235 4185 1302 4282 (an.
1335 4186 1452 4282 1238),
1486 4187 1679 4283 Pompone,
1707 4189 1744 4262 in

137 4303 276 4376 Livonia
305 4312 422 4378 autem
456 4303 636 4379 Hermano
670 4304 797 4388 Balck,
832 4305 1112 4380 Provincialibus
1136 4307 1334 4403 Magistris.
1365 4310 1503 4384 Primos
1533 4335 1578 4385 ex
1615 4311 1747 4387 Ordine

140 4425 402 4522 Gmcigerorum
418 4425 517 4500 aiunt
538 4427 759 4502 Luteraniois
780 4450 966 4524 perversos
992 4431 1188 4516 fraudibus
1208 4433 1414 4519 Henricum,
1435 4442 1471 4510 et
1489 4436 1595 4532 hujus
1612 4437 1649 4509 in
1665 4462 1746 4535 pro·
1775 4433 1902 4490 tironum

35 4559 37 4612 ἶ
140 4551 341 4623 vincialibus
366 4549 489 4622 officiis
511 4550 720 4644 adjutorem,
737 4548 972 4626 Guilhelmuni
998 4554 1331 4653 Furstembergum;
1360 4567 1464 4654 atque
1488 4560 1583 4634 huno
1609 4562 1748 4657 quidem
1776 4513 1912 4662 afflig

142 4671 293 4746 cidtates
311 4671 498 4745 Livonicas
525 4673 675 4769 pessime
699 4673 913 4769 corrupisse;
934 4698 1082 4750 vexasse
1111 4679 1224 4752 modis
1249 4678 1502 4776 indignissimis
1533 4691 1751 4759 constantem
1779 4669 1926 4824 {33:¹¹ss

142 4795 318 4870 catholicae
339 4795 378 4867 in
399 4794 545 4868 Livonia
564 4796 744 4891 religionis
781 4797 1016 4886 defensorem,
1037 4801 1337 4900 archiepiscopum
1361 4805 1567 4900 Rigensem,
1593 4808 1750 4882 Guilhel-

142 4943 247 5008 mnrn;
268 4921 499 4996 commovisse
521 4930 710 5019 propterea
738 4921 887 4996 vindicis
913 4924 1129 5020 Sigismundi
1158 4924 1311 5022 Augusti
1336 4926 1431 5022 regis
1448 4928 1607 5004 Polonici
1631 4953 1749 5018 arma;

179 5138 215 5216 ll)
236 5135 326 5200 loan.
354 5137 460 5200 Leonis
481 5135 608 5202 Historia
633 5140 769 5202 Prussie.
797 5141 858 5200 Lib.
878 5140 940 5211 Vll,
956 5156 1022 5221 pag.
1042 5142 1112 5203 374.
1128 5173 1164 5188 -
1186 5127 1236 5224 (t)
1253 5143 1455 5222 dulmensium,
1478 5147 1709 5212 Pomesaniorum
1724 5163 1752 5214 et

149 5245 345 5311 laubiensium
361 5244 494 5309 delectio.
