4936 6658
651 777 760 842 orsus
781 774 945 868 oremus
963 773 1178 858 (reso-roeo).
1317 815 1323 832 .
1687 757 1748 854 aas

135 973 194 1040 tem
207 966 433 1051 caedentibus,
454 989 533 1040 cum
547 988 668 1041 omnes
695 989 764 1062 qua
781 965 927 1062 quisque
944 973 1065 1062 posset
1082 965 1325 1064 profugerent,
1346 967 1478 1041 bonum
1494 989 1615 1070 senem
1629 968 1746 1042 aetatis
1771 979 1836 1038 1659

135 1115 211 1164 onus
223 1113 298 1165 suas
313 1092 350 1165 in
362 1091 440 1166 loco
459 1091 685 1178 morabatur3
705 1113 819 1186 neque
836 1089 977 1164 interim
995 1091 1090 1164 domi
1102 1091 1160 1164 vel
1182 1114 1254 1164 una
1268 1114 1375 1188 pecus
1402 1091 1480 1178 suit,
1502 1115 1572 1188 qna
1589 1092 1746 1188 reliquus
1857 1071 1859 1080 ¹

133 1215 182 1290 hic
197 1216 460 1301 subtraheretur
477 1216 646 1313 periculo.
670 1215 761 1296 Quid
778 1217 846 1288 hoc
859 1215 1000 1288 homine
1017 1215 1055 1289 in
1071 1215 1140 1289 isto
1156 1215 1307 1289 articulo
1324 1215 1459 1290 faciasl
1477 1217 1616 1312 Fugam
1631 1217 1666 1288 in
1684 1215 1746 1289 illa

133 1341 272 1413 omnium
288 1340 523 1435 trepidatione
541 1348 576 1426 et
597 1341 674 1438 ipse
690 1337 860 1412 molitur:
881 1339 944 1412 sed
964 1339 1114 1435 pedibus
1132 1340 1377 1415 recusantibus
1396 1338 1566 1426 officium;
1584 1340 1639 1414 cui
1656 1340 1747 1418 alias

132 1466 237 1553 etiam,
265 1488 307 1538 ao
324 1489 387 1562 per
404 1465 512 1561 plana
543 1464 735 1561 gradienti,
755 1464 964 1560 scrupulosa
994 1471 1114 1538 essent
1138 1465 1257 1540 omnia
1283 1473 1390 1561 atque
1408 1464 1534 1540 ardua.
1562 1464 1657 1539 Vide
1669 1466 1744 1563 jam

131 1592 203 1686 quid
226 1590 341 1686 pietas
364 1588 548 1664 invenerit.
570 1589 772 1662 Jncundum
797 1611 885 1662 sane
915 1588 1076 1662 hostibus
1104 1590 1212 1663 etiam
1234 1590 1413 1687 proditum
1440 1591 1599 1664 caritatis
1628 1615 1744 1665 exem·

127 1715 223 1812 plum.
241 1716 334 1801 Duo,
355 1715 391 1788 in
404 1715 491 1810 luga
508 1713 702 1809 eCollegio
716 1712 844 1800 ultimi,
861 1713 957 1787 Socii
970 1712 1186 1801 scholastici,
1200 1715 1345 1789 Marcus
1355 1712 1554 1788 Grabenius
1568 1722 1603 1788 et
1615 1717 1744 1789 Petrus
1768 1742 1866 1798 mirum

125 1839 427 1938 Wojeiunovslrius
445 1839 647 1914 inciderunt
659 1841 696 1912 in
711 1839 1002 1914 senemMiseret
1018 1840 1171 1935 juvenes
1185 1841 1296 1914 bonos
1314 1841 1445 1928 vetuli;
1462 1841 1524 1915 sed
1543 1840 1743 1938 opitulandi
1768 1819 1899 1957 {iffi

125 1967 247 2041 nullum
274 1967 341 2041 sibi
357 1972 488 2063 praesto
514 1963 712 2039 eonsilium.
734 1963 866 2037 (lisium
896 1961 950 2036 illi
966 1963 1092 2056 nescio}
1116 1962 1209 2037 unde
1237 1955 1385 2061 indepti,
1408 1966 1590 2061 gaudent:
1612 1972 1742 2040 caetera
1767 1983 1852 2054 plum.

124 2092 242 2168 frustra
272 2098 482 2189 quaererent.
503 2091 602 2186 Ergo
628 2089 840 2184 succingunt
865 2111 926 2162 se:
948 2088 1078 2162 tollunt
1094 2064 1138 2161 in
1167 2097 1310 2162 currum
1332 2112 1465 2178 senem,
1488 2091 1675 2188 junctique
1696 2092 1742 2165 ad

124 2225 290 2294 temonem
303 2241 368 2316 pro
376 2217 547 2314 jumentis
555 2214 737 2312 jugalibus
754 2236 818 2310 ρον
830 2212 965 2287 medios
978 2213 1115 2301 hosteS,
1131 2236 1210 2288 cum
1224 2213 1353 2310 gladiis
1367 2215 1604 2290 discurrentes
1617 2239 1740 2291 cruen-

125 2345 175 2430 tis,
187 2344 272 2419 loris
289 2346 446 2419 trahunt.
464 2339 717 2438 Obstupefecit,
737 2340 938 2413 ardentium
955 2340 1062 2413 etiam
1085 2340 1153 2425 ira,
1168 2339 1324 2414 hostium
1349 2341 1488 2416 animos
1507 2366 1549 2416 ea
1570 2345 1742 2440 juvenum

124 2468 240 2565 pietasr,
259 2470 422 2565 viamque
438 2469 516 2543 istis
532 2465 714 2565 jugalibus
727 2486 791 2559 per
815 2464 951 2540 medios
977 2464 1061 2539 iecit
1085 2487 1228 2538 cuneos.
1250 2465 1466 2563 Expertatus
1484 2467 1535 2542 ita
1553 2469 1600 2541 ad
1619 2469 1740 2544 leucas

122 2619 222 2691 prope
245 2596 334 2669 dues
355 2593 462 2667 :inde
475 2593 510 2665 in
524 2591 657 2664 tutiora
671 2595 834 2685 acceptus
855 2611 863 2660 :
881 2587 1032 2684 denique
1050 2597 1192 2663 evectus
1206 2589 1242 2661 in
1256 2589 1442 2686 Belgium;
1458 2591 1589 2666 ibidem
1602 2593 1747 2672 senium.

122 2741 289 2793 annornm
304 2719 355 2794 72
370 2739 450 2792 cum
467 2716 609 2791 sarcina
625 2713 783 2810 corporis
801 2712 975 2811 deposuit.

163 2845 315 2919 Hostilis
334 2843 509 2918 exercitus
527 2840 649 2935 magni
671 2838 864 2912 Moscoviae
889 2837 988 2912 ducis
1001 2835 1119 2912 Alexii
1133 2836 1391 2923 Michailovicz,
1410 2836 1519 2912 multo
1537 2839 1736 2928 immanior,
1825 2864 1858 2918 aa

119 2992 217 3064 quam
248 2969 392 3066 reprimi
407 2972 538 3065 posset,
565 2963 698 3038 divisus
722 2963 909 3049 trifariam,
935 2985 1037 3036 curas
1054 2963 1266 3036 nostratium
1290 2967 1326 3036 ot
1346 2961 1539 3036 industrias
1557 2962 1734 3040 distraxit.
1766 2943 1916 3082 ffiffl·

119 3093 277 3190 Triginta
293 3093 404 3167 milha
422 3092 511 3165 duce
524 3088 724 3163 Trubeokio
738 3086 931 3160 Ucrainam
947 3087 1175 3176 insederunt;
1191 3109 1295 3182 pares
1320 3085 1579 3183 Borysthenem
1592 3089 1686 3162 inter
1703 3095 1739 3163 et
1766 3105 1795 3162 in
1806 3104 1906 3177 cumps

118 3217 333 3316 Berecynam
353 3215 473 3314 copias
499 3212 624 3287 ductor
648 3211 936 3287 Radamovskius
954 3210 1141 3308 explicuit;
1158 3211 1277 3307 plures
1295 3211 1494 3284 Lituaniam
1508 3234 1587 3285 cum
1605 3212 1738 3287 Dolho-
1765 3184 1900 3325 lilim·

117 3342 214 3416 rohio
233 3349 270 3418 et
299 3337 525 3415 (lhovanshio
550 3336 804 3435 peragrabant.
833 3337 953 3410 Parva
974 3359 1081 3409 manu
1111 3335 1280 3432 rejectum
1307 3333 1372 3407 ivit
1396 3335 1572 3408 hostema
1596 3335 1738 3412 civitate

117 3465 275 3541 Vilnensi
296 3463 471 3538 Lituanici
495 3461 669 3536 exercitus
699 3459 905 3556 campestris
924 3459 995 3533 dux
1020 3459 1229 3534 Vincentius
1255 3458 1499 3533 Gosievshius.
1521 3459 1636 3534 Cessit
1657 3483 1735 3548 sua,
1765 3561 1788 3619 F
1818 3483 1851 3539 as
1874 3561 1902 3618 d·

1788 3577 1860 3618 811]OE
1893 3578 1911 3617 1·

116 3716 244 3794 hanam
261 3715 443 3792 Vilnensis
460 3713 617 3811 episcopi
633 3710 767 3794 villam,
793 3709 916 3806 copiis,
933 3716 1057 3806 captus
1070 3710 1146 3807 ipse
1164 3731 1186 3782 a
1210 3708 1430 3783 Dolhorukio
1445 3710 1686 3807 abductusque
1702 3711 1739 3785 in
1765 3645 1914 3784 llitulllil8³

116 3841 349 3917 Moscoviam.
368 3839 530 3915 Civitatis
546 3837 685 3911 miserae
701 3834 882 3909 Vilnensis
903 3832 1070 3931 reliquias
1091 3833 1238 3908 confecit
1250 3832 1465 3930 pestilentia.
1490 3834 1569 3907 Duo
1587 3857 1632 3909 ex
1657 3858 1739 3909 acas

115 3967 249 4042 demico
267 3966 440 4062 collegio,
458 3988 537 4039 cum
554 3962 799 4048 morientibus,
830 3962 956 4059 quibus
972 3963 1230 4046 ministrarunt,
1251 3960 1469 4034 commortui.
1498 3960 1651 4035 Gravior
1671 3962 1740 4038 fuit

114 4102 211 4192 peste
228 4097 367 4170 sames:
391 4094 552 4168 tristiora
566 4091 612 4165 ad
641 4089 923 4166 recordationem
945 4086 1116 4183 perhanc
1147 4084 1243 4158 edita
1272 4082 1480 4157 calamitatis
1499 4085 1672 4182 exempla.
1690 4087 1740 4162 Ut

115 4229 369 4315 praetereamus
386 4218 576 4292 morientes
593 4217 727 4313 passim
743 4215 782 4288 in
795 4213 922 4311 plateis
940 4218 976 4285 et
1001 4210 1102 4296 vicis,
1123 4210 1160 4282 in
1177 4209 1362 4282 miseriora
1377 4208 1434 4282 his
1446 4203 1581 4283 incidas
1606 4218 1739 4307 specta·

113 4344 191 4420 cula
208 4372 216 4420 ;
233 4343 296 4417 ubi
315 4343 374 4415 hio
391 4349 426 4416 ts
439 4365 504 4438 per
517 4341 632 4415 Deum
649 4335 886 4412 immortalem
904 4335 1080 4421 obsecrat,
1096 4340 1136 4408 ut
1153 4339 1215 4407 aut
1232 4331 1338 4406 offam
1351 4332 1454 4429 panis
1467 4333 1644 4430 impingas
1659 4359 1740 4433 per·

115 4471 226 4558 eunti,
252 4474 314 4543 aut
330 4467 440 4542 vitam
467 4467 627 4551 auferas;
645 4463 719 4551 ille,
737 4463 797 4536 diu
821 4459 1038 4535 vociferatus
1055 4461 1199 4546 frustra,
1218 4459 1345 4555 laqueo
1363 4459 1433 4532 sibi
1450 4459 1740 4557 gulam·frangit;

115 4597 176 4670 alii
197 4594 413 4679 semineces,
428 4615 564 4691 penora
576 4591 692 4665 omnia
710 4588 848 4664 odorati
864 4587 1010 4672 frustra,
1026 4593 1065 4661 ut
1078 4586 1225 4685 quisque
1236 4585 1273 4659 ih
1287 4585 1491 4661 morticinas
1510 4608 1637 4662 carnes
1654 4587 1743 4672 inci,

114 4721 247 4807 derint,
268 4718 402 4793 eisdem
414 4717 543 4792 ardent
557 4715 700 4812 explere
712 4713 857 4788 famem.
960 4751 963 4763 ·

164 4847 264 4920 Hinc
280 4843 388 4927 furta,
407 4841 557 4939 rapinae,
577 4839 693 4914 caedes
712 4839 805 4914 inter
821 4835 1013 4911 familiares
1026 4835 1134 4910 etiam
1151 4843 1187 4912 et
1199 4842 1383 4934 cognatos.
1411 4836 1542 4911 Tribus
1567 4837 1747 4935 germ'anis
1775 4861 1872 4922 nxem.

116 4972 289 5046 fratribus
302 4969 420 5044 Vilnae
433 4965 628 5043 communis
645 4971 721 5039 erat
739 4963 931 5037 domestica
947 4984 1006 5037 res
1025 4967 1060 5060 et
1076 4961 1202 5036 victus.
1224 4961 1446 5059 Consumptis
1460 4963 1614 5052 cibariis,
1635 4945 1752 5064 majorx
1775 4942 1923 5082 fffflhffi'

117 5102 206 5171 natu
237 5093 417 5192 proiectus
445 5088 759 5165 frumentatumE
788 5087 964 5162 residibus
977 5086 1079 5173 alter,
1095 5109 1165 5181 quo
1193 5087 1273 5184 plus
1310 5093 1463 5184 speratae
1491 5087 1561 5162 sibi
1589 5089 1751 5186 obtingat

120 5244 291 5309 annonae,
311 5219 512 5297 sennonem
529 5216 681 5293 alterum
699 5213 877 5291 interficit.
898 5210 1016 5302 Alius,
1047 5211 1203 5288 remedio
1221 5211 1354 5306 hrpstra
1370 5213 1535 5311 quaesito,
1556 5201 1753 5296 obtestatus

117 3593 149 3664 in
166 3593 287 3666 multis
301 3590 388 3666 alias
415 3593 574 3685 experta,
595 3585 812 3659 multitudini
828 3585 941 3658 virtus
960 3610 967 3658 :
989 3583 1130 3658 amissis
1147 3583 1186 3657 in
1210 3582 1333 3680 praelio
1360 3585 1454 3680 apud
1471 3584 1595 3670 Verki,
1613 3586 1737 3660 subur·
