4930 6634
635 815 697 882 266
1002 816 1276 880 usuaulcnuuu
1301 817 1511 880 SOClETATIS
1531 817 1618 880 issu
1638 816 1891 916 ulsroulauuu

640 998 722 1092 quin
735 997 783 1070 ad
798 1004 928 1082 castra,
948 997 1104 1071 nondum
1116 998 1212 1072 illea
1229 1022 1313 1072 casu
1333 999 1468 1083 firmus,
1492 997 1661 1072 evolaret.
1683 998 1765 1070 Non
1784 999 1882 1093 prius
1904 999 2024 1093 utique
2049 1021 2091 1072 eo
2118 1019 2157 1071 se
2174 1021 2251 1072 ver·

637 1123 693 1208 tit,
712 1145 816 1216 quam
833 1127 995 1216 precatus
1012 1137 1138 1194 numen
1160 1122 1328 1208 divinum,
1347 1123 1573 1219 initiatusque
1590 1122 1635 1194 ab
1662 1122 1823 1217 episcopo
1842 1121 2000 1216 gladium
2026 1130 2061 1194 et
2086 1121 2252 1194 vexillum

497 1272 502 1281 ·
639 1244 848 1340 accepisset;
869 1243 1046 1338 professus
1071 1245 1138 1318 hoc
1158 1254 1273 1340 pacto,
1296 1272 1367 1321 non
1382 1269 1527 1321 usurum
1542 1271 1582 1320 se
1598 1248 1705 1320 armis
1724 1247 1791 1319 nisi
1816 1246 1864 1319 ad
1879 1247 2062 1342 religionis
2080 1246 2254 1320 defensio·

469 1759 581 1816 Labores

468 1837 557 1892 bellici
588 1835 616 1888 ei

468 1915 592 1970 victorin.

640 1391 721 1442 nem
736 1375 799 1440 aut
816 1367 953 1463 patriae.
973 1368 1086 1454 Adde,
1106 1369 1199 1464 quod
1211 1369 1374 1457 traditur,
1391 1371 1555 1445 Carolum
1581 1394 1658 1444 eam
1688 1371 1939 1465 professionem
1964 1371 2194 1467 jurejurando
2212 1393 2254 1444 ac

641 1493 858 1589 syngrapha,
879 1515 941 1564 suo
969 1494 1165 1589 conscripta
1191 1495 1378 1590 sanguine,
1407 1496 1644 1568 confirmasse.
1667 1495 1817 1566 (iratum
1832 1495 1869 1566 id
1885 1495 1995 1566 fuisse
2016 1495 2104 1578 Deo,
2124 1501 2255 1568 eventa

639 1624 691 1688 tot
703 1637 872 1711 prospera
888 1617 1172 1710 comprobarunt.
1193 1619 1295 1692 Mille
1312 1618 1523 1714 quingentos
1545 1618 1640 1714 apud
1656 1617 1842 1692 Revaliam
1859 1639 1952 1689 anno
1970 1619 2064 1691 1604
2081 1643 2088 1688 :
2105 1625 2256 1712 quatuor

639 1739 750 1810 millia
766 1737 861 1833 apud
876 1739 1068 1834 Derpatum
1089 1741 1213 1814 eodem
1224 1765 1319 1814 anno
1336 1768 1344 1814 :
1364 1751 1498 1838 septem
1514 1743 1624 1815 millia
1637 1741 1683 1814 ad
1701 1765 1845 1838 pagum,
1862 1741 1918 1812 cui
1943 1761 2072 1812 nomen
2091 1739 2137 1811 ab
2162 1740 2254 1813 Albo

639 1863 782 1958 lapide:
803 1861 888 1935 alibi
915 1863 1017 1949 alias,
1038 1866 1189 1960 majores
1211 1866 1328 1948 etiam,
1348 1868 1500 1939 hostium
1525 1867 1641 1962 copias
1659 1865 1871 1960 profligavit.
1901 1863 2074 1938 Undecim
2091 1864 2201 1937 millia
2218 1873 2254 1938 et

640 1996 801 2061 trecenos
825 1987 918 2081 apud
949 1987 1192 2060 Kircholmum
1218 1990 1265 2063 ad
1296 1991 1568 2064 internecionem
1592 1991 1729 2076 cecidit,
1761 1991 1838 2085 ipso
1872 1990 2064 2062 Succorum
2096 1990 2254 2085 principe

641 2110 768 2184 Garolo
793 2109 829 2180 in
851 2108 972 2206 fugam
991 2120 1083 2196 acto,
1109 2112 1245 2185 duobus
1271 2114 1483 2208 fugientium
1511 2114 1666 2187 millibus
1694 2115 1729 2186 in
1758 2113 1934 2210 gurgitem
1962 2112 2190 2208 praecipitatis
2212 2133 2256 2184 ac

640 2234 830 2307 submersis
847 2233 894 2330 (1).
917 2234 1119 2307 Gratulatus
1150 2235 1230 2309 duci
1254 2237 1298 2310 de
1328 2238 1475 2311 victoria
1503 2239 1686 2318 Romanus
1715 2238 1820 2310 etiam
1840 2236 2016 2318 Pontifex,
2046 2234 2179 2308 Paulus
2205 2236 2252 2320 .V,

640 2359 676 2431 in
699 2381 765 2431 sua
786 2357 828 2430 ad
846 2359 1018 2431 loannem
1034 2359 1194 2454 epistola,
1214 2384 1305 2433 anno
1327 2363 1419 2437 1605
1436 2361 1520 2434 data
1536 2362 1598 2458 (a):
1621 2391 1637 2422 a
1659 2360 1772 2457 plane,
1786 2361 1912 2457 inquit,
1932 2359 2108 2456 specimen
2127 2353 2257 2432 dedisti

644 2513 661 2543 a
680 2481 862 2554 fortissimi
878 2490 982 2576 atque
1007 2483 1255 2576 sapientissimi
1278 2485 1398 2571 ducis;
1428 2495 1463 2558 et
1487 2509 1553 2559 nos
1579 2485 1672 2558 hanc
1697 2494 1794 2558 tuam
1820 2491 2046 2581 praestantem
2076 2484 2253 2570 urtutem,

643 2634 660 2667 a
683 2629 752 2702 qua
781 2604 923 2701 generis
951 2607 1003 2678 tui
1028 2606 1236 2702 praeclaram
1270 2609 1492 2684 nobilitatem
1526 2611 1614 2682 adeo
1649 2610 1845 2695 illustrasti,
1883 2609 2028 2683 mirifice
2057 2607 2255 2694 laudamus,
2388 2665 2389 2672 .

645 2760 662 2792 κ
682 2739 787 2826 teque
811 2730 855 2802 ob
872 2730 921 2813 id,
942 2738 980 2801 ut
1010 2729 1122 2802 filium
1139 2730 1241 2806 velde
1267 2731 1432 2810 dilectum
1461 2734 1497 2802 in
1520 2732 1670 2805 Domino
1699 2731 1971 2827 complectimur.
1997 2765 2014 2800 s
2044 2730 2122 2804 Duo
2140 2729 2257 2802 Lune-

641 2854 780 2950 burgici
796 2852 985 2950 principes,
1005 2853 1123 2926 Caroli
1149 2856 1280 2928 Suetici
1305 2855 1509 2940 auxiliares,
1539 2855 1641 2943 caesi;
1671 2854 1796 2950 quibus
1822 2855 1928 2928 etiam
1952 2854 2086 2926 funeris
2112 2852 2256 2925 arbitria

643 2979 749 3074 Rigee
767 2976 871 3049 solvit
886 2976 1097 3072 magnifice:
1122 2978 1227 3072 idque
1243 2979 1293 3074 pii
1309 2979 1451 3052 victoris
1476 2978 1625 3052 officium
1648 2979 1768 3052 hostes
1795 2978 1900 3051 etiam
1926 2976 2043 3049 multis
2069 2976 2256 3072 praeconiis

643 3103 840 3176 laudarunt.
878 3101 1168 3176 Revalescentem
1204 3127 1266 3198 per
1295 3101 1492 3189 intervalla,
1524 3110 1727 3199 persecutus
1759 3105 1963 3186 Gustavum,
1991 3109 2067 3174 tota
2087 3101 2254 3200 ‘Livonia

644 3228 770 3300 comite
789 3226 917 3321 ubique
934 3226 1092 3312 victoria,
1109 3227 1268 3322 agitavit.
1287 3228 1358 3300 Sex
1374 3227 1486 3300 millia
1504 3227 1659 3300 hostium
1679 3225 1773 3323 apud
1799 3225 2076 3298 Dunaemundam
2101 3223 2258 3298 funditus

643 3352 805 3448 perdidit.
827 3349 1091 3436 Mansfeldium,
1107 3351 1239 3425 Suetici
1256 3350 1378 3424 ducem
1400 3351 1585 3436 exercitus,
1606 3375 1625 3424 a
1652 3350 1796 3446 Derpati
1815 3351 1990 3423 moenibus
2009 3350 2134 3447 rejecit
2153 3349 2259 3422 semi=

643 3499 765 3550 necem
778 3504 786 3563 ;
801 3475 884 3548 inde
906 3475 1127 3558 Parnasiam,
1148 3474 1267 3549 exciso
1279 3474 1400 3548 hostili
1414 3475 1590 3570 praesidio,
1613 3475 1846 3570 redipiscitur.
1863 3473 2046 3548 Volmaria
2063 3475 2259 3548 instructis·
2329 3481 2333 3488 '

645 3603 753 3675 simas
786 3599 899 3671 hostis
938 3599 1068 3694 copias,
1113 3607 1216 3672 nocte
1261 3599 1470 3694 intempesta
1500 3598 1657 3682 adortus,
1689 3598 1853 3672 exturbat
1881 3597 2058 3692 :reliquis
2099 3597 2259 3671 Lironiaa

645 3721 868 3798 munimentis
894 3729 1042 3807 emovet,
1073 3721 1317 3816 fugientesque
1342 3721 1473 3816 passim
1502 3722 1655 3794 sternit:
1678 3745 1784 3794 naves
1810 3722 2002 3795 Succorum
2028 3721 2260 3794 subsidiarias

647 3849 763 3926 exurit
779 3849 879 3932 alias,
893 3848 983 3921 alias
997 3848 1172 3944 deprimit,
1192 3849 1345 3943 reliquas
1359 3873 1437 3922 cum
1453 3872 1594 3922 annona
1606 3853 1641 3921 et
1660 3850 1766 3922 armis
1782 3858 1961 3945 correptas
1977 3849 2098 3922 usibus
2116 3873 2260 3925 suorum

646 3976 780 4050 servire
794 3973 899 4069 cogit.
919 3975 960 4045 ln
974 3995 1035 4046 eas
1052 3973 1202 4068 denique
1215 3974 1409 4046 (iustarum
1422 3974 1605 4068 angustias
1623 3973 1801 4069 compulit,
1817 3975 1926 4068 utqui
1944 3973 2074 4046 bellum
2087 3974 2260 4048 violentus

645 4099 900 4182 commovisset,
920 4119 1042 4193 pacem
1063 4097 1252 4171 redimeret
1268 4099 1442 4195 precibus.
1458 4099 1529 4170 Vix
1554 4099 1636 4171 dum
1661 4099 1731 4171 ista
1754 4099 1965 4184 confecerat,
1985 4123 2064 4173 curn
2099 4100 2134 4171 in
2158 4099 2260 4172 Sme-

643 4226 811 4299 lcnsciam
840 4223 1011 4295 adversus
1037 4221 1204 4294 Moschos
1221 4243 1333 4294 arma
1357 4222 1539 4294 transferri
1573 4246 1632 4296 res
1662 4223 1829 4318 postulat.
1859 4224 1926 4297 Hic
1954 4246 2093 4320 quoquo
2122 4211 2266 4297 foauna‘

644 4348 764 4422 virtuti
780 4347 1010 4441 obsequitur:
1031 4345 1218 4439 depellitur
1240 4346 1365 4431 hostis,
1386 4345 1552 4442 depulsus
1578 4348 1672 4442 apud
1701 4348 1913 4420 Mosaiscum
1944 4347 2165 4444 profligatur.
2186 4345 2257 4418 Ob·

645 4474 750 4548 sessis
768 4473 925 4546 Moscuee
943 4493 985 4543 ac
1010 4470 1239 4564 pereuntibus
1264 4470 1355 4543 fame
1386 4470 1532 4543 Polonis
1556 4494 1731 4544 annonam
1757 4471 1874 4544 infert.
1895 4472 2075 4546 Severiam
2096 4480 2133 4545 et
2157 4471 2259 4544 Caer-

645 4597 843 4670 nichoviam
867 4595 1019 4666 adimit:
1040 4593 1075 4666 in
1093 4594 1209 4690 patria
1238 4592 1490 4667 tumultuantes
1516 4603 1618 4690 pacat
1639 4619 1646 4666 :
1668 4594 1866 4691 perduelles
1894 4596 1974 4690 regi
1991 4595 2037 4668 ad
2055 4595 2260 4690 obsequium

646 4721 769 4816 cogit:
790 4741 890 4792 arces
918 4717 1122 4815 Bychoviae,
1147 4717 1379 4802 Lachoviciis,
1408 4724 1443 4789 et
1472 4717 1557 4790 alibi
1582 4726 1759 4792 restauret
1788 4719 2058 4813 communitque.
2091 4747 2107 4779 u
2134 4720 2260 4812 Longo

650 4872 667 4904 a
688 4865 865 4917 armorum
892 4863 959 4914 usu
985 4839 1127 4937 (laudat
1151 4841 1244 4914 hunc
1272 4841 1472 4935 alienigena
1501 4842 1708 4938 historicus)
1742 4848 1777 4916 et
1804 4842 1923 4914 multis
1955 4841 2123 4936 praeclare
2148 4841 2261 4938 partis

657 4985 661 4994 ⁴
688 5022 727 5097 (ii
753 5019 823 5080 Vide
847 5026 947 5093 prater
971 5021 1042 5078 alios
1067 5019 1197 5091 Bulleng.
1229 5017 1351 5086 Gallum,
1377 5017 1439 5076 Lib.
1454 5015 1517 5087 llil,
1535 5033 1598 5091 pag.
1617 5019 1685 5079 366.

684 5127 731 5205 (il
754 5127 793 5186 Ex
817 5129 881 5188 eod.
900 5143 952 5186 ms.
970 5125 1087 5200 Collegit
1100 5124 1293 5203 Ostrogiensis
1306 5124 1371 5186 Soc.
1384 5122 1410 5184 i.
1433 5127 1504 5198 opud
1529 5125 1682 5201 Gnsparunr
1699 5125 1898 5194 Niesioclium,
1924 5125 1986 5186 Lib.
2009 5123 2120 5184 Korona
2138 5122 2258 5202 Prista,

646 5234 751 5298 Littera
774 5234 807 5308 C,
832 5250 898 5314 pag.
913 5233 1008 5294 ,iii-
