4930 6634
640 775 702 842 302
1010 779 1286 840 utrolulclaum
1309 781 1523 844 soclssrlrls
1543 784 1630 845 JESU
1652 784 1906 846 lllSTOltldllUM

642 969 697 1036 est
714 962 821 1059 hujus
838 964 922 1037 loci.
949 963 1048 1036 Bene
1073 964 1184 1037 multa
1208 963 1310 1060 legas
1334 972 1409 1036 tum
1434 967 1470 1036 in
1501 964 1616 1051 Linda
1644 965 1762 1061 Clegii
1780 967 1959 1052 Mariana,
1979 975 2054 1040 tum
2071 969 2109 1040 in
2142 969 2269 1043 annuis
2372 1059 2375 1064 ³

645 1086 1121 1185 Rcsselliantcollcgiiouo
1139 1111 1242 1162 nemo
1256 1115 1347 1164 unus
1357 1093 1588 1165 Lituanorum
1604 1093 1814 1188 aspiraverit
1832 1092 1960 1178 adhuc,
1975 1117 1998 1166 a
2011 1094 2159 1190 regione
2172 1096 2267 1169 vide·

640 1211 724 1286 licet
758 1215 866 1286 tantis
898 1213 1073 1310 disjuncta
1101 1215 1313 1302 intervallis,
1333 1217 1380 1288 ad
1410 1224 1604 1290 extremam
1633 1217 1730 1290 Asiae
1764 1225 1906 1311 gentem
1940 1219 2058 1303 Sinas,
2096 1221 2268 1294 Lituanus

516 1397 518 1402 .
642 1344 776 1422 noster,
797 1363 930 1436 genere
943 1340 1003 1413 ille
1018 1347 1117 1412 ortus
1142 1340 1373 1426 nobilissimo,
1395 1342 1437 1414 P.
1454 1342 1617 1416 Andreas
1630 1341 1849 1426 Rudomina,
1868 1342 2073 1418 christianae
2086 1345 2268 1441 religionis

467 1482 616 1542 aarum
640 1462 711 1536 illis
741 1462 848 1536 etiam
876 1465 1113 1560 praedicandae
1143 1464 1282 1560 populis
1312 1466 1486 1540 desiderio
1508 1467 1687 1548 incensus,
1725 1467 1931 1560 penetravit.
1963 1467 2087 1542 Annos
2119 1480 2269 1565 quatuor

466 1559 615 1699 ffi‘t'ffl
640 1567 749 1687 supra
765 1591 892 1686 viginti
908 1599 1025 1677 natus,
1047 1591 1196 1664 decurso
1220 1591 1298 1686 jam
1316 1589 1549 1685 philosophiae
1570 1589 1699 1686 spatio,
1732 1589 1908 1684 virginem
1926 1612 1970 1663 ex
1987 1589 2117 1664 illustri
2135 1594 2269 1688 pariter

467 1716 582 1776 maiora
638 1714 773 1789 familia
788 1716 857 1789 sibi
870 1717 1116 1812 desponderat.
1138 1717 1185 1789 Et
1196 1717 1273 1812 jam
1286 1717 1331 1788 ad
1349 1716 1482 1788 dictum
1501 1715 1631 1811 nuptiis
1662 1717 1768 1804 diem,
1797 1718 1928 1792 illustri
1956 1721 2142 1794 comitatus
2160 1724 2262 1796 soda-

464 1798 528 1943 Ψ·
638 1839 726 1926 litio,
748 1842 794 1914 ad
811 1841 1075 1936 praestolantem
1093 1842 1161 1914 sibi
1173 1849 1357 1937 paternam
1375 1863 1515 1936 sponsae
1538 1840 1680 1916 domum
1692 1843 1908 1938 pergit‚oum
1926 1845 2042 1917 subito
2055 1845 2117 1918 lux
2129 1848 2264 1920 homini

636 1964 756 2038 divina
773 1968 957 2040 oboritur:
978 1991 1050 2042 non
1067 1968 1169 2040 istam
1186 1989 1265 2040 esse
1283 1966 1350 2038 sibi
1362 1966 1409 2038 ad
1427 1965 1577 2040 salutem
1591 1973 1775 2054 aeternam,
1793 1992 1899 2062 quam
1916 1969 2120 2065 imprudens
2140 1973 2258 2059 iniret,

634 2093 718 2166 vitae
740 2095 858 2168 viam:
889 2093 1080 2188 respiceret
1102 2116 1251 2189 sponsus
1273 2094 1360 2167 illud
1383 2095 1607 2180 connubium,
1629 2115 1698 2186 quo
1716 2100 1852 2167 mentes
1871 2101 1981 2167 castae
1998 2118 2078 2168 cunr
2091 2098 2166 2172 Deo
2180 2121 2262 2176 con·

626 2216 841 2313 junguntur,
862 2215 968 2312 idque
985 2219 1051 2291 sibi
1085 2217 1204 2289 divino
1239 2218 1385 2293 consilio
1411 2241 1490 2292 esse
1509 2219 1546 2290 in
1564 2218 1740 2292 societate
1765 2220 1855 2293 Jesu
1872 2219 2119 2316 assignatum:
2153 2224 2257 2312 hanc,

633 2341 663 2412 si
685 2347 839 2437 saperet,
854 2341 1102 2436 ingrederetur
1119 2367 1127 2426 ;
1147 2341 1260 2436 ipsam
1277 2342 1345 2413 sibi
1362 2341 1592 2436 propositam,
1609 2339 1735 2415 salutis
1748 2319 2089 2416 viamPraestrinxit
2104 2345 2261 2424 animum

631 2465 837 2559 repentinus
853 2464 983 2561 fulgor,
1005 2466 1251 2559 hominemque
1266 2466 1305 2536 in
1323 2465 1475 2560 vestigio
1486 2465 1629 2539 avertit.
1650 2466 1819 2539 Actutum
1841 2473 1976 2539 mutato
1990 2466 2155 2541 Andreas
2177 2493 2260 2549 oon-

630 2588 708 2663 silio
727 2591 889 2664 nuntium
912 2613 1053 2686 sponsae
1070 2589 1245 2684 rebusque
1274 2589 1432 2684 profanis
1450 2591 1611 2678 remittit,
1640 2598 1808 2686 rectaque
1835 2591 1980 2664 Vilnam
1998 2593 2045 2665 ad
2063 2592 2261 2692 Collegium

629 2714 844 2786 novitiorum
873 2739 912 2789 se
941 2714 1076 2787 confert
1091 2739 1100 2800 ;
1117 2719 1281 2807 acceptus
1305 2735 1399 2786 anno
1430 2714 1524 2788 1618
1558 2739 1597 2790 se
1619 2737 1755 2810 suaque
1786 2715 1925 2811 praedia
1956 2715 2124 2794 Societati
2141 2719 2261 2794 alacer

627 2839 816 2914 condonat.
832 2841 1011 2915 Andream
1028 2845 1170 2912 secutus
1188 2843 1243 2910 est
1260 2860 1345 2910 suus
1372 2839 1533 2912 minister
1549 2841 1699 2927 aulicuS,
1721 2843 1797 2936 ipse
1814 2843 1947 2936 pariter
1964 2865 1987 2913 a
2006 2843 2083 2916 Deo
2104 2867 2255 2920 commo-

627 2967 737 3041 nitus.
754 2968 823 3042 Hic
849 2968 930 3063 quia
951 2967 1162 3040 conditionis
1187 2989 1263 3038 suae
1281 2987 1414 3037 memor
1440 2963 1621 3037 Andream
1638 2966 1869 3049 reverentius,
1895 2988 2001 3061 quam
2026 2966 2120 3044 iuter
2137 2991 2255 3064 pares,

629 3093 815 3189 religiosos
845 3090 978 3165 scilicet
1007 3092 1044 3162 in
1074 3089 1215 3164 Christo
1244 3089 1386 3175 fratres,
1410 3111 1475 3161 usu
1494 3090 1626 3174 veniat,
1646 3090 1807 3174 haberet,
1841 3092 1886 3163 ab
1916 3091 1993 3187 ipso
2023 3093 2260 3190 reprehensus

628 3225 706 3293 est:
731 3247 747 3278 κ
769 3218 852 3312 quin
865 3219 955 3314 jam,
988 3217 1114 3312 inquit,
1134 3216 1294 3312 pristhrae
1319 3215 1488 3288 vanitatis
1506 3221 1639 3288 nostres
1666 3217 1703 3286 in
1722 3218 1789 3289 hac
1805 3217 2016 3292 humilitatis
2033 3218 2157 3291 schola
2175 3242 2258 3292 oon·

633 3374 650 3405 c
671 3343 833 3438 discipuli
850 3342 1113 3415 obliviscimur?
1131 3327 1244 3435 nuper
1261 3341 1325 3412 tibi
1342 3338 1586 3433 imperitabam
1603 3360 1692 3432 ego;
1712 3361 1782 3436 age
1801 3341 1864 3423 sis,
1883 3347 1923 3412 tu
1950 3339 2038 3413 mihi
2054 3339 2162 3413 hodie
2182 3348 2259 3413 esto

633 3497 649 3530 a
670 3469 884 3564 imperator:
906 3477 1004 3541 utere
1021 3467 1079 3539 hic
1100 3473 1161 3539 tuo
1187 3465 1345 3561 praefecti
1373 3486 1541 3549 munere;
1562 3462 1717 3560 mihique
1742 3466 1905 3550 fidenter,
1926 3464 2094 3560 quidvis,
2114 3464 2260 3537 obsecu-

633 3622 649 3655 κ
671 3600 750 3666 turo
785 3592 934 3688 impigre
966 3590 1108 3663 manda.
1130 3591 1212 3663 Non
1244 3588 1473 3668 committam,
1502 3592 1541 3658 ut
1558 3588 1704 3682 segnior
1733 3591 1770 3661 in
1788 3590 1855 3661 hoc
1885 3613 1977 3675 meo,
1997 3612 2103 3685 quam
2121 3596 2159 3661 tu
2177 3589 2259 3662 olim

460 3759 511 3812 Per
536 3770 603 3811 som·
633 3749 650 3780 a
670 3719 792 3803 fucris,
822 3725 885 3790 aut
916 3739 1011 3789 nunc
1041 3717 1091 3788 sis
1122 3715 1251 3800 intuo,
1284 3713 1408 3786 videar
1433 3710 1560 3784 officio.
1597 3748 1614 3780 n
1649 3712 1682 3784 A
1711 3713 1888 3797 tirocinio,
1920 3713 2047 3809 partim
2077 3713 2195 3786 Vilnae
2223 3715 2261 3786 in

457 3837 532 3931 ΨΜ
555 3834 596 3888 ³¹¹·
631 3843 790 3938 Collegio
808 3840 1032 3926 Academico,
1054 3840 1179 3935 partim
1208 3839 1347 3923 Romae,
1376 3834 1566 3930 theologiae
1596 3836 1692 3910 dedit
1723 3861 1878 3933 operam.
1914 3839 1935 3911 J
1939 3861 1997 3910 am
2015 3840 2127 3911 sacris
2154 3839 2261 3912 etiam

457 3915 604 4050 lallelllld
630 3970 807 4046 eruditum
823 3968 964 4050 litteris,
984 3965 1155 4038 famulum
1172 3987 1275 4037 suum
1300 3965 1355 4037 sui
1372 3947 1510 4037 consilii
1534 3964 1630 4038 Deus
1655 3964 1849 4038 secundum
1869 3971 2078 4036 nocturnam
2105 3963 2261 4058 quietem

457 4073 587 4129 ⁸³⁰⁰¹¹³⁰⁸·
630 4102 787 4169 monstro
805 4093 987 4167 admonuit
1009 4090 1205 4187 ejusmodi:
1238 4090 1424 4162 videbatur
1440 4089 1506 4162 sibi
1535 4088 1656 4162 videre
1681 4087 1804 4161 orbem
1829 4097 1937 4160 terrae
1953 4087 2112 4160 humeris
2141 4085 2262 4160 Socio-

629 4243 707 4292 rum
729 4219 943 4315 impositum,
971 4238 1120 4311 gravem
1149 4215 1247 4288 illum
1265 4213 1418 4310 undique
1449 4212 1723 4298 succolantibus,
1753 4235 1796 4286 ea
1828 4209 1981 4284 maxime
1998 4213 2158 4306 regione,
2179 4235 2262 4306 quae

629 4345 772 4441 plagam
802 4342 887 4418 solis
912 4347 1088 4438 spectaret
1119 4341 1287 4415 Orientis.
1318 4339 1390 4412 Sub
1421 4359 1464 4410 ea
1481 4337 1582 4409 molis
1608 4345 1709 4431 parte
1725 4335 1876 4432 bajulos
1906 4337 2070 4408 omnibus
2084 4359 2260 4432 quemquo

629 4470 761 4543 conniti
794 4469 942 4554 viribus,
981 4468 1124 4550 sudare,
1162 4488 1204 4539 ac
1240 4464 1375 4536 viribus
1409 4461 1573 4535 deficere.
1608 4460 1763 4535 Sudores
1794 4460 1935 4532 interim
1966 4460 2202 4534 laborantium
2235 4483 2258 4533 a

628 4595 807 4669 coelitibus
826 4594 940 4688 geniis
954 4593 1125 4688 abstergi,
1143 4597 1179 4663 et
1192 4590 1285 4663 vires
1301 4585 1546 4681 languentium
1563 4585 1777 4658 confirmari.
1800 4583 2003 4678 Spectarce
2021 4583 2111 4657 coelo
2129 4585 2257 4669 Deum,

627 4725 734 4812 atque
752 4715 954 4790 ethesauro
974 4737 1038 4786 suo
1059 4735 1209 4785 coronas
1227 4733 1314 4784 auro
1341 4711 1559 4806 gemmisque
1576 4710 1753 4805 fulgentes
1770 4712 1824 4779 tot
1840 4729 2014 4802 promere,
2036 4701 2122 4804 quot
2139 4714 2260 4802 guttas

628 4842 767 4916 sudoris
781 4840 883 4913 labor
896 4837 1276 4933 cuiqueexpressisset.
1303 4837 1392 4908 Haec
1409 4835 1643 4908 admirantem
1671 4831 1828 4926 appellat
1841 4830 2030 4927 coeligena,
2056 4838 2259 4926 monetque,

632 4996 649 5028 κ
670 4967 702 5039 si
720 4965 903 5062 placerent
921 4963 990 5036 sibi
1022 4957 1154 5035 laboris
1188 4961 1348 5057 praemia‚
1392 4961 1533 5034 adesset
1551 4961 1625 5054 ipse
1641 4957 1783 5052 adjutor
1813 4956 2109 5029 laborantibus»
2143 4955 2209 5028 Ille
2242 4979 2264 5029 e

635 5089 786 5186 vestigio
813 5089 942 5162 offerre
971 5110 1010 5160 se
1039 5085 1224 5180 operariis,
1245 5108 1405 5180 onusque
1421 5085 1627 5180 proclinatas
1649 5083 1762 5179 partis
1796 5080 1928 5155 subire.
1958 5080 2112 5153 Laudari
2142 5080 2265 5153 statim

634 5239 657 5290 a
686 5214 855 5291 coelicolis
884 5213 1028 5312 adjutor
1057 5218 1232 5294 strenuus,
1273 5211 1419 5306 Deoque
1448 5206 1700 5283 commendari.
1733 5206 1824 5278 Haeo
1853 5225 1918 5300 per
1952 5204 2137 5276 somnium.
2172 5203 2267 5276 Inde
