4930 6634
642 827 704 894 256
1032 835 1309 897 ultuanlcattuu
1334 837 1549 897 suctusttls
1568 835 1653 897 tuso
1678 835 1929 898 fllsroulaauu

641 1039 682 1088 ac
715 1016 880 1112 deinceps
909 1025 1114 1112 persecutus
1149 1021 1257 1106 viam,
1284 1030 1322 1095 ut
1356 1023 1496 1118 pietatis
1530 1030 1566 1096 et
1599 1023 1806 1096 meritorum
1852 1025 1959 1098 laude
2001 1023 2108 1096 multo
2150 1021 2271 1116 plures

643 1163 747 1235 quam
774 1149 892 1227 astate,
919 1143 965 1215 ad
991 1145 1169 1240 octogiuta
1186 1153 1375 1241 provectus
1394 1170 1522 1232 annos,
1544 1135 1720 1222 anteierit.
1738 1149 1904 1222 Maturus
1935 1151 1981 1221 ad
2004 1173 2062 1222 res
2078 1147 2267 1243 gerendas,

641 1271 771 1358 praeter
805 1265 976 1352 siculam,
1009 1291 1211 1354 romanam,
1249 1277 1286 1343 et
1315 1279 1478 1344 venetam
1510 1272 1737 1366 provincias,
1778 1275 1980 1346 lituanicam
2008 1282 2044 1347 et
2072 1271 2270 1368 polonicam

641 1386 773 1483 insigni
789 1390 990 1483 prudentia,
1012 1392 1197 1476 charitate,
1226 1401 1331 1490 atque
1357 1394 1534 1467 industria
1568 1397 1796 1491 gubernavit.
1829 1400 1962 1472 Munus
1997 1397 2198 1470 assistentis
2223 1393 2269 1466 ab

590 1539 592 1546 ’
638 1509 766 1584 italicis
803 1514 1017 1608 provinciis,
1052 1517 1242 1611 praeposito
1280 1517 1439 1612 generali
1473 1517 1633 1601 Claudio,
1681 1509 1855 1616 praeclare
1886 1521 2063 1594 sustinuit.
2099 1518 2269 1594 Omnibus

638 1633 695 1706 vel
724 1643 862 1709 naturae
879 1637 935 1710 vel
966 1638 1135 1712 doctrinae
1171 1641 1347 1735 praesidiis
1380 1643 1423 1713 ad
1460 1642 1646 1714 dicendum
1668 1653 1839 1740 paratus,
1879 1667 1989 1717 annos
2024 1667 2133 1740 prope
2163 1664 2267 1714 sexa-

639 1758 750 1853 ginta,
788 1759 1012 1834 alienissimis
1054 1764 1158 1836 etiam
1192 1764 1237 1835 ab
1283 1765 1349 1836 boc
1394 1765 1508 1838 officio
1555 1767 1747 1861 impeditus
1798 1769 1943 1852 muniis
1992 1765 2266 1840 concionabatur

639 1882 895 1978 approbatione
928 1885 1049 1980 populi
1076 1895 1112 1958 et
1142 1886 1293 1960 utilitate
1327 1889 1519 1984 praecipua.
1558 1890 1675 1985 Hujus
1716 1891 1957 1974 concionibus,
1991 1889 2143 1985 Neapoli
2165 1889 2265 1960 habi·

638 2005 698 2090 tis,
739 2007 785 2078 ad
832 2009 987 2081 sanctius
1029 2009 1112 2082 vitae
1150 2011 1367 2096 institutum,
1410 2021 1444 2085 et
1475 2013 1686 2086 Societatem
1722 2013 1913 2087 ineundam
1947 2021 2125 2108 permotus
2157 2012 2266 2084 fuisse

639 2126 767 2201 dicitur
789 2129 1004 2203 clarissimus
1031 2132 1085 2202 vir
1113 2131 1192 2238 ille,
1220 2133 1467 2208 Bernardinus
1496 2136 1684 2211 Realinus.
1718 2139 1895 2212 cardinali
1914 2137 2131 2211 Bellarmino
2160 2159 2264 2208 carus

641 2250 678 2325 iu
708 2254 829 2348 primis
860 2254 942 2340 tria
980 2255 1047 2328 hoc
1081 2257 1136 2327 sui
1161 2257 1324 2333 loannes
1359 2262 1467 2333 animi
1502 2287 1566 2358 per
1591 2263 1830 2338 consessiones
1856 2263 2003 2348 arbitro,
2022 2271 2058 2334 et
2086 2264 2121 2334 in
2157 2263 2263 2335 rebus

642 2376 817 2473 perplexis·
835 2377 1051 2463 consiliario,
1071 2380 1292 2456 familiariter
1315 2384 1490 2457 utebatur.
1520 2387 1663 2460 Amavit
1681 2411 1759 2460 eum
1787 2388 2028 2461 sanctissimus
2053 2387 2159 2459 etiam
2185 2408 2266 2460 cou-

639 2502 752 2575 victor
770 2525 856 2576 suus
873 2503 910 2575 iu
936 2503 1095 2598 Collegio
1115 2505 1279 2578 Romano
1309 2508 1478 2604 Aloysius
1505 2509 1685 2606 Gonzaga‚
1708 2535 1783 2584 suae
1801 2511 2043 2584 sanctimoniae
2061 2518 2096 2582 et
2124 2532 2260 2581 morum

641 2625 853 2700 imitatorem
872 2627 1088 2723 diligentem.
1110 2629 1276 2704 Pluribus
1290 2633 1511 2706 commendat
1529 2635 1551 2706 J
1554 2657 1703 2708 oannem
1723 2635 1913 2708 historicus
1932 2635 2120 2708 Societatis
2136 2633 2179 2706 P.
2195 2634 2259 2705 Ju-

639 2747 709 2821 lius
728 2750 896 2824 Cordara.
917 2753 986 2826 Sed
1013 2753 1069 2825 bis
1095 2755 1230 2849 aequius
1261 2756 1449 2829 Lituanica
1479 2758 1661 2852 provincia
1678 2756 1834 2830 vindicat
1858 2757 1924 2828 sibi
1954 2756 2077 2829 laudes
2096 2757 2256 2838 Petrum,

640 2875 789 2949 loannis
810 2877 988 2950 Ambrosii
1004 2878 1179 2963 Veltheri‚
1200 2886 1236 2952 et
1253 2882 1436 2954 Laurentii
1454 2882 1587 2968 Boleri,
1608 2881 1888 2974 alienigenarum
1903 2890 1938 2954 et
1954 2882 2080 2955 horum
2099 2880 2257 2976 quidem;

641 3021 727 3094 quos
749 3008 867 3076 tamen
897 3025 982 3076 usus
1003 3002 1156 3098 longior,
1178 3011 1213 3076 et
1247 3004 1322 3099 ipse
1347 3006 1384 3076 in
1401 3005 1469 3078 hac
1499 3005 1679 3100 provincia
1697 3005 1812 3076 obitus
1830 3005 1945 3099 magis
1962 3003 2045 3076 facit
2071 3012 2258 3076 nostrates.

638 3124 661 3196 J
665 3147 850 3210 oannes,e
877 3127 1058 3221 superiore
1088 3128 1279 3200 Germania
1313 3129 1350 3200 in
1378 3129 1563 3201 Livoniam
1594 3151 1687 3200 anuo
1722 3127 1861 3200 circiter
1882 3128 1975 3200 1582
1998 3127 2202 3212 accersitus,
2224 3126 2260 3198 in

639 3245 761 3318 eadem
795 3248 988 3342 provincia,
1009 3249 1159 3322 maxime
1183 3250 1221 3320 in
1239 3249 1424 3335 Esthonia,
1445 3251 1630 3324 utilissime
1660 3258 1834 3336 versatus,
1856 3273 1934 3322 oum
1958 3250 2003 3321 ab
2029 3249 2207 3322 erroribus
2225 3259 2263 3322 et

638 3370 950 3444 consuetudinibus
968 3373 1087 3467 pravis
1102 3374 1304 3468 complures
1325 3374 1429 3446 dictis
1447 3374 1670 3470 scriptisque,
1687 3375 1811 3469 lingua
1828 3373 1934 3446 etiam
1948 3373 2142 3458 esthonica,
2154 3395 2261 3468 quam

637 3497 747 3570 multo
764 3495 1004 3570 condidioerat
1032 3496 1163 3582 labore,
1182 3497 1229 3570 ad
1257 3498 1512 3593 professionem
1543 3497 1625 3569 fidei
1660 3497 1863 3570 christianae
1893 3503 1928 3569 et
1944 3495 2028 3568 vitae
2057 3496 2261 3569 christianae

635 3619 868 3715 pertraxiset:
889 3643 912 3692 a
929 3619 1055 3692 Carolo
1074 3621 1293 3694 Sudermano
1313 3622 1482 3717 principe,
1508 3621 1693 3694 Livoniam
1711 3605 1921 3716 populante,
1933 3618 2080 3714 Derpati
2097 3641 2257 3714 compre-

635 3743 778 3828 hensus,
796 3751 831 3816 et
852 3766 931 3814 cum
949 3764 1012 3816 sex
1038 3765 1057 3816 e
1088 3743 1244 3838 Collegio
1271 3746 1375 3818 sociis
1400 3743 1571 3817 abductus
1589 3744 1625 3816 in
1657 3744 1832 3828 Sueciam,
1864 3741 2047 3838 praeclaris
2073 3743 2122 3814 ibi
2152 3742 2258 3816 docu-

635 3870 762 3943 mentis
780 3869 945 3942 virtutem
959 3892 1058 3942 suam
1085 3873 1139 3941 vir
1154 3868 1256 3941 fortis
1269 3870 1399 3967 populo
1417 3871 1468 3944 illi
1486 3869 1706 3966 approbavit.
1729 3866 1783 3938 lbi
1800 3867 1822 3938 J
1826 3888 1959 3938 oannes
1975 3866 2013 3938 in
2038 3864 2200 3949 vinculis,
2220 3867 2259 3938 in

636 4013 771 4066 summa
801 4015 917 4066 rerum
947 3991 1080 4087 inopia,
1110 3993 1218 4066 solari
1250 3994 1406 4088 captivos
1439 3993 1595 4078 sodales
1618 3992 1746 4086 etipse
1775 3990 1894 4074 miser,
1915 3989 2074 4062 dolorum
2095 3987 2261 4062 fomentis

635 4117 728 4190 mala
741 4116 840 4190 durae
857 4118 1034 4190 servitutis
1049 4117 1170 4190 levare
1185 4143 1192 4190 :
1208 4117 1345 4191 laceras
1365 4119 1540 4191 sociorum
1557 4121 1674 4188 vestes
1698 4121 1734 4188 et
1751 4113 1902 4196 calceos,
1922 4113 2063 4186 minime
2080 4112 2163 4185 olim
2180 4115 2258 4208 ejus

633 4241 721 4314 artis
734 4241 863 4326 sciens,
884 4240 1030 4314 reficere
1047 4265 1054 4312 :
1076 4241 1310 4314 barbarorum
1323 4243 1458 4314 animos
1474 4250 1548 4314 tum
1563 4240 1664 4312 donis
1683 4239 1983 4320 sciatherioorum,
2005 4239 2113 4311 scitus
2131 4240 2255 4311 horum

633 4365 772 4454 artifex,
789 4374 864 4438 tum
889 4365 1053 4438 comitate
1071 4366 1164 4460 (quae
1195 4385 1277 4437 suos
1301 4388 1416 4440 mores
1442 4364 1710 4437 commendabat
1726 4362 1916 4458 praecipue)
1943 4363 2048 4435 sociis
2066 4362 2257 4436 conciliare

634 4489 769 4564 studiit.
791 4491 1078 4584 Quinquennium
1097 4489 1134 4562 in
1151 4489 1213 4561 illo
1239 4488 1317 4562 diro
1343 4488 1523 4585 patientiae
1549 4488 1745 4586 gymnasio,
1774 4487 1867 4560 same
1893 4487 2128 4583 aerumnisque
2146 4509 2256 4583 prope

552 4693 559 4708 ,
634 4620 794 4696 enectus,
818 4612 937 4707 exegit
954 4635 1032 4684 cum
1048 4610 1242 4684 sodalibus.
1261 4613 1450 4686 Dimissum
1472 4614 1653 4708 complexa
1670 4614 1914 4709 Brunsberga.
1936 4614 2007 4685 Ubi
2034 4623 2113 4708 post
2136 4623 2255 4688 tantas

458 4692 606 4843 gffi,
627 4737 842 4834 jactationes
856 4734 1104 4830 quiescendum
1123 4743 1213 4822 erat,
1235 4735 1306 4820 ille,
1328 4759 1398 4808 non
1417 4759 1518 4810 secus
1544 4761 1585 4810 ac
1603 4739 1632 4809 si
1649 4759 1772 4811 recens
1794 4745 1900 4832 atque
1921 4736 1967 4808 ab
1985 4738 2056 4810 otio
2075 4735 2251 4825 rediisset,

456 4867 516 4906 Μ·
633 4871 745 4938 totum
759 4885 797 4936 se
814 4863 851 4936 in
864 4862 916 4935 rei
933 4861 1063 4935 divinae
1089 4870 1124 4936 et
1137 4861 1328 4934 salutarem
1346 4859 1494 4933 aliorum
1512 4885 1632 4934 curam
1650 4860 1884 4956 impendebat.
1905 4860 2067 4946 Dolebat‚
2089 4863 2253 4956 angustio

632 4988 806 5073 hocloco,
832 5008 937 5082 quam
954 4986 991 5057 in
1009 4985 1158 5059 Sueticis
1183 4985 1308 5058 luisset
1332 4985 1544 5072 carceribus,
1574 4987 1640 5084 sibi
1656 4987 1747 5058 bene
1777 4967 1934 5058 merendi
1960 5007 2038 5058 esse
2063 5007 2249 5080 campum:

633 5131 743 5207 quare
782 5117 820 5183 ut
848 5107 997 5181 inillam
1027 5131 1172 5182 arenam
1203 5131 1302 5182 suam
1332 5108 1398 5181 sibi
1424 5108 1540 5183 redire
1570 5105 1703 5194 liceret,
1732 5131 1816 5181 suos
1843 5109 1968 5182 orabat
1993 5109 2253 5204 praesideam

632 5227 794 5310 affectum
826 5253 966 5306 servum
1000 5255 1101 5305 suum
1135 5233 1269 5306 Deuse
1300 5232 1458 5328 Collegio
1488 5232 1835 5328 Brunsbergensium
1864 5233 1910 5306 ad
1941 5234 2096 5330 requiem
2112 5235 2254 5306 vocavit
