4936 6658
668 811 1186 892 uvcaroucruusueeoacou.
1711 795 1774 874 666

197 999 286 1080 Quae
302 997 442 1073 Nicolai
457 997 621 1074 demissio
639 998 685 1072 ad
703 997 903 1094 opinionem
920 996 965 1070 de
982 997 1131 1072 veritate
1148 997 1225 1093 ejus
1243 994 1404 1072 beneficii
1417 995 1527 1069 divini
1540 1001 1576 1070 et
1588 995 1772 1070 sanctitate
1800 1008 1866 1067 resa

153 1145 215 1196 sua
232 1101 442 1196 firmandam
459 1121 595 1196 valuit:
612 1128 651 1194 ut
670 1120 796 1194 deiude
814 1127 928 1195 rector
946 1126 981 1196 et
998 1121 1059 1195 alii
1077 1122 1127 1196 sic
1144 1127 1348 1218 reputarent
1365 1145 1483 1196 secum
1502 1147 1510 1194 z
1530 1149 1546 1182 a
1567 1121 1681 1194 virum
1698 1142 1776 1194 esse

155 1277 171 1310 κ
188 1249 367 1346 praecipua
380 1247 511 1344 pietate
528 1273 536 1321 :
555 1247 709 1343 magnis,
730 1247 824 1342 quod
841 1247 972 1321 scireut
991 1271 1126 1336 omues
1147 1249 1268 1343 eisque
1294 1247 1449 1320 mirificis
1468 1253 1631 1319 ornatum
1648 1245 1770 1319 donis:

154 1403 171 1434 κ
190 1374 226 1446 16
239 1373 360 1458 rebus,
375 1353 572 1469 praesertim
588 1371 804 1468 hujusmodi,
830 1372 967 1446 acutius
985 1373 1101 1468 ipsum
1117 1397 1264 1449 cernere
1278 1397 1382 1470 quam
1399 1373 1488 1444 alios
1506 1398 1513 1445 :
1535 1371 1709 1472 eumdem,
1726 1372 1776 1443 ita

156 1525 171 1560 6
191 1497 371 1582 humilem,
386 1504 619 1583 reverentem,
636 1502 790 1579 cautum,
806 1493 989 1571 fraudibus
1016 1499 1089 1571 orci
1108 1520 1178 1571 non
1192 1498 1295 1572 facile
1313 1522 1391 1573 csse
1409 1497 1622 1569 obnoxium:
1654 1517 1776 1592 preces

157 1651 289 1713 usuas,
321 1652 399 1702 cum
425 1629 583 1702 bonitate
612 1629 734 1701 divina
763 1629 968 1724 simpliciter
998 1631 1272 1727 suppliciterque
1299 1633 1448 1729 agentis,
1481 1656 1552 1705 nou
1582 1631 1694 1705 videri
1722 1633 1776 1704 in·

156 1781 172 1814 v
193 1752 342 1850 dignas;
377 1754 489 1850 accipi
519 1753 667 1849 proinde
701 1755 769 1826 hac
803 1754 910 1828 etiam
943 1754 1000 1826 via
1031 1757 1213 1850 potuisse:
1252 1779 1329 1830 esse
1363 1756 1512 1852 denique
1545 1757 1674 1831 similia
1699 1781 1778 1832 cum

156 1907 173 1938 6
192 1877 347 1952 fidentiae
363 1878 529 1951 humanae
546 1885 621 1952 tum
634 1879 866 1974 indulgentiae
879 1887 914 1953 et
931 1879 1160 1976 benignitatis
1179 1882 1308 1955 divinae
1336 1883 1495 1979 exempla
1510 1884 1545 1955 iu
1561 1883 1731 1957 Ecclesia.
1757 1919 1774 1951 6

155 2007 193 2078 ln
210 2003 379 2078 humilem
392 2006 442 2078 ita
456 2004 595 2079 Nicolai
614 2004 782 2091 animum,
799 2005 972 2101 quomodo
986 2007 1150 2080 feruutur
1167 2009 1204 2080 in
1222 2008 1372 2083 declivia
1388 2009 1657 2096 torrentes,alia
1674 2017 1776 2105 atque
1803 2007 1950 2101 flumincas

154 2133 224 2206 alia
242 2133 286 2206 de
304 2133 395 2206 coelo
427 2134 521 2206 dona
550 2133 672 2229 pronis
702 2135 893 2207 manabant
922 2133 1045 2220 alveis,
1065 2141 1233 2229 tantoque
1262 2133 1419 2218 uberius,
1440 2139 1571 2228 quanto
1601 2133 1677 2228 ipsa
1695 2156 1776 2206 con·
1801 2089 1953 2225 ligium

155 2257 262 2330 temni
279 2258 394 2353 magis
408 2265 565 2354 cuperet.
586 2259 852 2354 Deprecabatur
872 2259 999 2346 Deum,
1025 2264 1063 2332 ut
1080 2283 1126 2334 ne
1141 2283 1206 2333 sua
1223 2257 1396 2332 beneficia
1411 2258 1459 2329 ita
1479 2257 1516 2330 in
1543 2279 1581 2330 se
1593 2256 1780 2352 indignum
1833 2355 1836 2360 ἱ

156 2382 407 2480 profunderet:
428 2382 699 2479 pessumdarent
717 2407 756 2458 66
773 2406 837 2480 pro
855 2386 929 2457 suis
955 2383 1058 2458 malis
1084 2385 1219 2458 meritis
1237 2406 1389 2457 vermem
1408 2390 1537 2456 creatae
1552 2405 1609 2455 ras
1631 2405 1752 2456 omnes
1770 2408 1778 2456 :

157 2532 277 2582 omnes
295 2509 495 2594 calumniae,
514 2508 671 2597 fraudes,
690 2509 896 2604 ignominiae
915 2533 954 2584 se
972 2510 1162 2605 operirent.
1181 2510 1236 2582 Ita
1254 2515 1396 2605 opertus
1413 2513 1633 2581 moreretur:
1654 2508 1783 2581 mortui

156 2634 306 2730 denique
329 2635 501 2710 memoria
519 2635 632 2737 omnis
652 2634 829 2710 oblivione
846 2640 1088 2709 contereretur
1113 2635 1341 2730 sempiterna.
1362 2633 1449 2706 Cum
1467 2633 1670 2730 aliquando,
1688 2631 1784 2707 solus

156 2761 191 2832 in
204 2759 380 2846 cubiculo,
403 2783 578 2834 moresne
593 2761 715 2855 flagris
737 2761 813 2856 ipse
831 2767 1007 2857 pugnaret
1022 2782 1152 2846 secum,
1174 2761 1332 2854 beneque
1350 2758 1497 2832 multato
1522 2765 1639 2855 tergo,
1659 2757 1785 2833 faciem

157 2885 285 2959 deiude
294 2885 421 2981 palmis
429 2886 582 2959 caederet
599 2909 607 2956 ε
625 2884 745 2958 incidit
760 2884 797 2956 iu
808 2884 1206 2980 istampugnamnescio
1217 2882 1464 2978 quifamiliaris
1475 2882 1636 2956 Nicolao.
1649 2882 1785 2957 Nactus

158 3011 239 3084 hinc
247 3009 394 3106 jocandi
406 3011 511 3083 etiam
525 3009 747 3083 occasionem
760 3033 839 3083 cum
852 3010 977 3094 amico,
994 3011 1133 3105 quaerit,
1150 3032 1274 3104 equam
1289 3008 1337 3081 ita
1351 3008 1520 3081 Nicolaus
1534 3008 1656 3103 flagris
1669 3009 1785 3104 pinse·

158 3141 225 3217 ret,
241 3157 344 3230 quem
364 3134 415 3207 ita
422 3133 588 3207 miserum
597 3132 819 3208 obtunderet.
840 3163 856 3196 v
874 3134 951 3221 Ille,
964 3135 1109 3222 malum,
1122 3133 1245 3230 iuquit,
1257 3133 1388 3205 malum
1403 3133 1460 3205 hic
1470 3133 1606 3227 castigo
1615 3133 1780 3227 genium:

161 3287 177 3320 v
198 3257 310 3353 isque,
333 3264 371 3331 nt
394 3259 496 3332 tusis
515 3259 641 3344 sciens,
669 3267 811 3356 egomet
829 3283 917 3333 sum.
949 3259 1036 3333 Cum
1049 3259 1136 3332 istoc
1154 3260 1256 3332 hoste
1272 3258 1473 3354 depugno.»
1494 3256 1783 3330 Accommodavlt
1881 3290 1884 3297 ·

159 3381 205 3454 ad
232 3383 311 3456 haec
340 3382 536 3456 doctrinam
564 3383 678 3457 amico
703 3407 774 3457 non
803 3385 977 3458 inutilem.
998 3384 1175 3457 Utebatur
1201 3383 1407 3479 quibusdam
1433 3383 1545 3478 signis
1572 3382 1785 3456 adsensum

160 3507 301 3604 pietatis
318 3508 564 3582 excitandum:
595 3496 699 3582 inter'
718 3532 761 3584 ea
779 3511 875 3582 urbis
901 3511 1029 3595 Viluae,
1052 3510 1089 3581 in
1114 3508 1258 3582 bractea
1283 3509 1398 3604 pictae,
1419 3506 1544 3581 habuit
1570 3509 1781 3603 imaginem
1810 3497 1900 3648 ἓξὲξ

161 3656 205 3707 ex
220 3633 321 3730 cujus
352 3637 497 3729 aspectu
527 3641 714 3730 usurparet
744 3635 820 3731 ejus
851 3634 960 3707 divini
989 3634 1149 3708 beneficii
1180 3635 1394 3720 memoriam,
1423 3633 1563 3730 quoad
1591 3634 1786 3708 Ecclesiam
1812 3677 1881 3719 cmc.

161 3758 370 3832 catholicam
389 3765 424 3834 ct
441 3758 654 3833 Societatem
679 3760 701 3833 J
705 3783 767 3834 esu
788 3760 918 3833 ibidem
945 3767 1143 3856 pertractus
1170 3766 1276 3834 asset.
1297 3760 1400 3832 Hauc
1425 3760 1603 3834 interdurn
1626 3760 1786 3834 iudicans

162 3883 242 3956 aliis
259 3885 298 3958 in
314 3885 470 3980 imagine
487 3884 610 3958 urbem
628 3910 636 3957 ι
653 3912 669 3945 v
692 3909 749 3972 en,
770 3886 902 3971 aiebat,
931 3907 1046 3958 meum
1077 3885 1160 3958 olim
1186 3885 1398 3981 Calviuipori
1415 3886 1623 3980 pistrinum;
1642 3887 1701 3959 hic
1719 3909 1786 3981 ego

166 4037 183 4068 ⁶
204 4031 291 4104 puer
308 4007 489 4104 improbus
506 4011 600 4082 inter
618 4010 772 4104 aequales
789 4009 881 4083 male
900 4033 1015 4083 meam
1028 4011 1215 4084 versabam
1235 4010 1385 4096 molam;
1410 4010 1468 4082 hic
1493 4033 1550 4083 me
1573 4010 1669 4084 Deus
1683 4011 1788 4084 mise·

166 4163 183 4196 c
205 4135 316 4208 ricors
342 4135 470 4208 misere
496 4142 700 4230 pereuntem
731 4137 877 4230 aspexit.
908 4171 925 4203 a
954 4135 1179 4209 Memorabat
1205 4157 1248 4209 aa
1272 4159 1366 4232 saepe
1391 4135 1633 4233 illacrymans
1664 4136 1789 4208 Humi·
1815 4165 1904 4222 rame

163 4259 245 4333 liter
262 4260 472 4332 sentientem
489 4258 534 4332 de
552 4281 604 4344 se,
621 4282 833 4355 suarumque
851 4261 1120 4335 obtrectatorem
1136 4260 1293 4346 laudum,
1311 4266 1497 4356 patronum
1514 4282 1652 4356 semper
1663 4261 1789 4336 habuit
1814 4246 1907 4389 {2¹53
1921 4241 1964 4299 ‘¹⁶'

164 4407 267 4458 suum
286 4375 499 4456 existimatio
517 4383 679 4457 aliorum.
712 4384 855 4458 Nemini
881 4384 981 4459 licuit
1008 4409 1156 4482 carpere
1172 4386 1294 4472 alium,
1315 4391 1491 4482 praesente
1509 4383 1673 4458 Nicolao.
1696 4386 1790 4468 Quo·
1906 4367 1913 4385 ⁸

164 4533 244 4582 rum
260 4509 355 4582 facta
368 4509 530 4583 excusari
541 4533 613 4582 non
631 4516 807 4605 poterant,
829 4533 951 4584 eornm
968 4511 1115 4584 consilia
1138 4507 1435 4607 interpretabatur
1452 4509 1654 4605 benignius,
1677 4511 1790 4587 Inter-

164 4633 248 4706 dum
265 4657 368 4707 suum
394 4654 549 4706 errorem
580 4633 733 4730 aliquem
750 4617 869 4707 alieuo'
894 4635 1107 4708 obtendebat
1135 4635 1235 4723 vitio,
1256 4641 1422 4708 narrator
1438 4636 1484 4708 ad
1509 4635 1792 4710 transferendam

162 4759 201 4832 iu
219 4783 257 4833 se
280 4757 448 4832 invidiam
466 4759 626 4833 callidus.
661 4760 732 4834 Sed
757 4760 965 4835 humilitatis
981 4766 1076 4834 artes
1095 4760 1224 4834 divinis
1242 4760 1452 4856 quandoque
1472 4759 1583 4858 signis
1597 4760 1794 4855 prodeban-

163 4891 233 4958 tur.
256 4887 312 4958 Ita
329 4885 455 4958 accidit
473 4885 641 4971 Nesvlsii,
657 4885 695 4958 in
712 4884 881 4982 Collegio.

217 5008 304 5083 Cum
317 5008 439 5084 Socios
456 5010 616 5084 hortator
634 5009 846 5084 domesticus
878 5010 924 5083 ad
951 5009 1158 5083 humilitatis
1190 5010 1346 5084 studium
1376 5011 1558 5096 excitaret,
1589 5011 1789 5109 clepsydra,
1817 5053 1962 5126 cgpgd„

165 5141 271 5231 gestu
288 5135 326 5209 in
343 5135 481 5210 fervore
500 5135 668 5211 orationis
687 5135 843 5222 detrusa,
877 5158 921 5210 ex
951 5136 1028 5232 ipso
1054 5158 1138 5211 aere
1168 5135 1346 5232 pependit,
1381 5135 1616 5233 dependitque
1641 5139 1788 5226 tamdiu,
1820 5133 1937 5209 prdem

166 5259 280 5336 donec
314 5285 358 5336 ex
391 5261 653 5338 considentibus
686 5261 828 5357 longius
856 5284 1026 5338 accurens
1061 5261 1189 5358 aliquis
1216 5263 1404 5360 exceperit.
1438 5263 1553 5341 Nemo
1583 5264 1678 5338 hunc
1705 5264 1793 5340 vidit
1819 5231 1929 5278 “m

1694 5455 1787 5489 ‘2--0
