4948 6672
669 761 732 834 448
1350 758 1581 822 trruumcus.

666 973 871 1060 prasideiit
890 1003 900 1043 .·
910 992 1025 1062 porro
1042 973 1217 1044 Zedadias
1246 974 1307 1060 qui
1325 978 1377 1042 est
1390 973 1467 1042 duro
1496 972 1534 1040 in
1559 971 1662 1041 dome
1689 969 1798 1052 dada,
1817 987 1925 1058 super
1941 987 1984 1036 eo
2001 985 2109 1054 opero
2122 967 2204 1050 erit,
2220 987 2300 1056 puae

669 1088 717 1156 ad
731 1085 827 1176 repis
852 1088 1003 1174 officium
1015 1087 1211 1173 pertinent.
1233 1081 1338 1155 Unde
1367 1081 1537 1175 sequitur,
1567 1079 1614 1154 ad
1634 1083 1731 1179 regis
1761 1083 1914 1156 officium
1931 1104 2004 1154 non
2032 1081 2209 1176 pertinere
2227 1081 2299 1155 dis-

668 1195 878 1291 positionem
894 1195 937 1269 de
960 1195 1064 1269 rebus
1081 1202 1118 1269 et
1144 1192 1304 1291 personis
1338 1191 1595 1279 ecclesiasticis,
1630 1194 1757 1290 quippe
1788 1193 1834 1267 ad
1859 1193 1926 1266 Dei
1955 1191 2088 1265 cultum
2113 1191 2246 1266 directe
2263 1201 2300 1267 et

670 1303 911 1402 principaliter
931 1306 1114 1380 institutis.
1140 1306 1314 1387 Quocirca
1336 1304 1368 1375 si
1381 1303 1417 1375 in
1433 1302 1514 1398 lege
1540 1305 1665 1390 veteri,
1685 1328 1790 1400 quam
1809 1302 1990 1400 apostolus
2006 1311 2109 1377 vocat
2126 1303 2219 1400 (Gal.
2236 1305 2299 1400 lv)

671 1439 852 1490 servorum
879 1417 1009 1514 legem,
1042 1441 1161 1492 rerum
1191 1423 1228 1491 et
1268 1435 1499 1513 personarum
1528 1413 1864 1488 aecclesiasticarum
1890 1413 2076 1510 ¹dispositio
2102 1412 2298 1488 adsummi

671 1528 865 1604 sacerdotis
893 1530 1049 1603 tribunal
1069 1530 1265 1626 spectabat,
1300 1549 1371 1599 non
1405 1549 1486 1599 vero
1516 1526 1563 1600 ad
1585 1525 1743 1622 regalem
1760 1535 1795 1601 et
1811 1526 1991 1625 politicam
2024 1526 2299 1613 auctoritatem

670 1639 780 1713 multe
794 1639 906 1737 magis
919 1640 957 1713 id
973 1664 1075 1715 novae
1092 1641 1184 1736 legis
1202 1640 1443 1714 sacerdotibus
1462 1641 1640 1725 convenit,
1658 1665 1750 1736 quae,
1768 1648 1860 1716 teste
1883 1639 2043 1736 apostolo
2075 1640 2154 1714 loco
2172 1640 2296 1727 citato,

670 1760 724 1829 est
732 1753 791 1827 Iex
798 1754 989 1830 liberorum
998 1764 1035 1830 et
1048 1755 1213 1840 filiorum,
1226 1761 1262 1830 et
1278 1779 1369 1850 quae,
1382 1763 1422 1828 ut
1430 1755 1523 1827 idem
1532 1753 1713 1850 apostolus
1722 1752 1773 1830 ait
1792 1754 1860 1850 (ep.
1873 1752 1918 1824 ad
1932 1753 2107 1826 Hebraeos
2119 1753 2223 1835 VIII,
2242 1753 2294 1846 6),

669 1861 708 1936 in
720 1862 922 1936 melioribus
938 1863 1227 1960 promissionibus
1244 1873 1368 1938 sancta
1385 1873 1451 1950 est,
1472 1874 1577 1962 atque
1594 1865 1645 1937 ita
1664 1889 1728 1938 sua
1746 1863 1955 1938 excellentIa
1968 1871 2123 1936 veterem
2134 1867 2294 1959 superat,

669 1973 760 2048 slent
777 1997 904 2070 corpus
919 1981 954 2049 et
966 1975 1083 2070 imago
1098 1982 1266 2069 superant
1282 1977 1455 2062 umbram,
1476 1983 1515 2049 ut
1528 1977 1621 2060 idem
1635 1981 1815 2072 comparat
1829 1974 1886 2070 (ad
1905 1973 2090 2059 Hebreeos,
2111 1975 2162 2060 X,
2182 1973 2226 2071 I).

720 2086 831 2160 Porro
857 2086 894 2158 in
911 2086 1124 2159 contrarium
1139 2085 1243 2181 objici
1256 2095 1388 2181 posset,
1407 2088 1444 2160 id
1458 2088 1551 2184 quod
1564 2111 1609 2162 ex
1626 2085 1807 2184 principiis
1824 2085 1918 2160 veris
1940 2083 2151 2180 theologicis
2168 2086 2299 2159 asserit

671 2196 893 2292 Becanus(in
909 2195 1068 2270 Manuali
1081 2202 1295 2272 controvers.
1310 2199 1372 2272 lib.
1384 2197 1430 2283 V,
1447 2221 1477 2270 c.
1499 2199 1568 2291 17),
1582 2198 1745 2270 nimirum
1754 2219 1859 2294 posse
1875 2196 2067 2292 principem
2085 2197 2298 2270 catholicum

672 2332 743 2382 non
771 2307 885 2382 solum
908 2310 1111 2404 permittere
1138 2331 1200 2382 seu
1233 2308 1386 2383 tolerare
1411 2309 1447 2382 in
1481 2331 1545 2381 suo
1569 2316 1664 2382 statu
1697 2308 1895 2394 haereticos,
1921 2308 1984 2382 sed
2014 2308 2120 2382 etiam
2148 2308 2294 2404 pacisci,

672 2427 708 2492 et
737 2419 941 2514 promittere
971 2440 1010 2493 se
1049 2440 1111 2493 eos
1139 2419 1392 2514 permissurum
1423 2442 1486 2494 seu
1532 2419 1788 2504 toleraturum
1821 2419 1911 2492 slent
1940 2441 2027 2514 erge
2067 2416 2152 2493 addi
2178 2427 2301 2518 potest

672 2529 875 2622 tolerationi
894 2530 1095 2626 promissio,
1110 2529 1216 2603 immo
1229 2537 1265 2604 et
1272 2533 1524 2628 juramentum,
1550 2530 1581 2605 si
1605 2539 1660 2606 est
1680 2529 1865 2628 promissio
1882 2529 1936 2605 rei
1947 2529 2068 2617 licitae,
2089 2531 2140 2604 ita
2157 2531 2299 2607 videtur

672 2635 778 2739 pe’sse
803 2641 909 2716 etlam
924 2639 983 2715 lex
999 2641 1066 2715 hac
1078 2640 1123 2716 de
1139 2664 1179 2715 re
1191 2641 1288 2716 ferri.

732 2752 804 2828 Sed
820 2753 1026 2850 responderi
1041 2759 1157 2848 potest
1177 2778 1185 2826 ε
1206 2752 1439 2850 promissione
1454 2751 1518 2825 tali
1534 2775 1605 2826 non
1623 2749 1732 2824 adimi
1746 2757 1953 2848 potestatem
1969 2750 2139 2847 puniendi
2154 2751 2301 2827 haereti-

674 2889 747 2951 cos,
764 2865 827 2940 sed
843 2871 979 2938 tantum
998 2862 1160 2959 impediri
1185 2871 1303 2938 actum
1333 2864 1526 2959 punitionis
1548 2890 1556 2950 ;
1585 2861 1667 2958 quia
1693 2863 1753 2959 qui
1778 2864 1950 2960 promittit
1975 2885 2014 2937 se
2042 2863 2196 2959 aliquem
2225 2887 2301 2937 non

673 2977 890 3077 puniturum,
907 2997 978 3046 non
995 2972 1080 3046 dicit
1098 2998 1137 3048 se
1155 2999 1225 3050 non
1242 2999 1347 3072 posse
1364 3002 1445 3052 eum
1465 2977 1605 3074 punire,
1625 2977 1689 3052 sed
1701 2985 1839 3051 tantum
1852 2977 2025 3074 promittit
2049 3001 2087 3052 se
2106 3000 2177 3052 non
2192 2963 2298 3073 puni·

622 3105 626 3114 '
670 3098 801 3164 turum.
831 3086 924 3159 Atei
938 3085 997 3159 Iex
1022 3085 1105 3161 talis
1117 3087 1281 3176 ferretur,
1303 3114 1372 3164 nen
1390 3099 1528 3164 tantum
1542 3091 1717 3165 adimeret
1733 3099 1850 3163 actum
1872 3090 2080 3185 punitionis,
2108 3089 2171 3164 sed
2185 3091 2298 3186 Ipsam

670 3206 882 3299 potestatem
900 3204 935 3272 et
959 3198 1204 3274 auctoritatem
1220 3200 1400 3297 puniendi.
1427 3202 1506 3275 Hoc
1518 3210 1650 3285 autem,
1667 3207 1705 3274 ut
1719 3223 1826 3296 supra
1843 3201 1974 3273 dictum
1992 3208 2059 3288 est,
2088 3201 2300 3299 injuriosum

674 3317 768 3386 esset
784 3310 911 3383 diuinis
929 3317 964 3384 et
980 3311 1144 3383 humanis
1167 3310 1321 3409 legibus,
1347 3336 1454 3410 supra
1471 3311 1765 3410 commemoratis,
1786 3335 1865 3408 quae
1883 3312 1969 3386 dant
1994 3320 2205 3409 potestatem
2233 3339 2301 3412 pu-

675 3422 793 3498 niendi
809 3423 996 3497 haereticos
1015 3428 1050 3496 et
1067 3423 1190 3497 velunt
1208 3411 1290 3498 eam'
1304 3424 1459 3500 residere
1476 3425 1514 3498 in
1532 3426 1770 3500 ecclesIastico
1787 3433 1822 3500 et
1838 3425 1980 3523 politico
1998 3427 2217 3524 magistratu.

1261 3757 1458 3817 QUAERITUR
1487 3759 1646 3814 SECUNDO
1667 3761 1675 3809 2

678 3955 738 4027 An
752 3954 865 4043 possit
880 3951 1099 4040 episcopatus
1122 3947 1397 4034 Promistiensis,
1424 3951 1487 4040 qui
1502 3973 1696 4041 numquam
1712 3954 1781 4040 suit
1797 3955 1837 4022 in
1865 3955 2010 4039 Ueiente,
2026 3975 2091 4024 nec
2103 3957 2301 4044 episcopos,

730 4109 874 4192 recepto
899 4101 1218 4183 metamaucum
1249 4099 1394 4183 baduit;
1416 4123 1478 4185 an,
1494 4104 1653 4192 inquam,
1675 4110 1756 4191 post
1788 4111 1935 4175 mortem
1960 4107 2123 4179 moderati
2143 4107 2306 4196 episcopi

727 4257 820 4326 reniti
832 4255 946 4344 pessit
963 4252 1104 4322 restitut
1114 4251 1359 4337 schismaticis,
1379 4253 1486 4322 soleis
1503 4255 1646 4324 cautelis
1658 4255 1894 4326 animorum?

727 4489 856 4584 Resp.‚
875 4510 947 4578 non
965 4507 1079 4582 posse.
1105 4485 1140 4558 1⁰
1169 4482 1209 4557 Si
1232 4481 1333 4556 fieret
1357 4482 1435 4558 haec
1460 4483 1683 4580 episcopatus
1711 4486 1757 4560 ab
1779 4487 1886 4562 unitis
1908 4488 2039 4564 ablatio
2057 4489 2207 4586 (etiamsi
2231 4513 2313 4566 non

678 4607 797 4677 essent
817 4597 1099 4672 inconvenientia
1111 4594 1182 4669 alia
1195 4596 1373 4691 graviora,
1395 4596 1592 4690 praesertim
1612 4597 1810 4672 animarum
1828 4623 1922 4672 nunc
1943 4600 2050 4674 unitis
2079 4599 2312 4676 subditarum

678 4711 866 4809 pernicies
887 4733 966 4807 quae
979 4714 1197 4803 sequeretur,
1219 4708 1251 4780 si
1269 4707 1571 4782 schismaticorum
1609 4710 1773 4804 regimini
1806 4711 2082 4808 subjicerentur),
2102 4711 2313 4787 alienaren-

678 4830 738 4895 tur
755 4822 802 4894 ab
819 4821 924 4892 unitis
942 4843 1020 4892 eum
1034 4819 1072 4892 S.
1092 4818 1141 4891 R.
1162 4819 1206 4891 Ε.
1222 4842 1231 4891 :
1248 4819 1418 4916 imprimis
1432 4821 1611 4896 domicilia
1623 4844 1727 4897 sacra
1738 4823 1971 4910 etcatholica,
1988 4823 2038 4896 uti
2052 4830 2136 4897 sunt
2152 4827 2310 4922 templa,

678 4932 907 5016 monasteria,
926 4930 1145 5004 xenodochia
1179 4937 1275 5019 etc.;
1313 4933 1441 5006 deinde
1479 4933 1720 5006 alienarentur
1752 4957 1856 5008 sacra
1889 4935 2047 5030 supellex
2080 4942 2117 5009 et
2144 4937 2315 5032 pretiosa

677 5045 842 5132 mobIlia;
861 5043 1004 5118 tandem
1021 5041 1261 5117 alienarentur
1288 5045 1392 5118 etlam
1410 5047 1503 5118 bona
1531 5046 1673 5120 stabilia
1693 5053 1729 5121 et
1754 5046 1911 5120 redditus
1930 5047 2039 5122 annui
2062 5070 2105 5120 ex
2123 5047 2194 5120 illis
2218 5071 2314 5144 pro·

677 5163 879 5250 venientes,
906 5159 1032 5256 quibus
1066 5159 1220 5256 episcopi
1253 5160 1384 5258 aliique
1409 5161 1638 5237 ecclesIastici
1670 5183 1712 5234 ac
1737 5182 1858 5234 eorum
1887 5159 2009 5234 famuli
2039 5165 2310 5237 sustentantur.
