4930 6634
661 771 723 844 284
1048 772 1326 840 subhumatus
1348 769 1562 837 sectaveris
1583 775 1670 839 lusu
1693 773 1944 838 HISTOthRUM

663 990 726 1063 per
755 966 957 1062 episcopum
988 964 1243 1059 Kijoviensem,
1276 963 1306 1035 T
1309 963 1450 1036 homam
1487 963 1709 1060 Uieyskium‚
1742 964 2049 1058 religiosissimum
2079 963 2285 1048 antistitem,

663 1114 744 1163 mox
762 1077 912 1163 eundem
939 1089 1097 1161 suumin
1122 1087 1299 1160 Societate
1329 1086 1515 1182 collegam.
1538 1089 1573 1159 ls
1604 1111 1744 1160 sacrum
1774 1089 1891 1161 ancile
1915 1088 2050 1162 retulit.
2078 1087 2174 1161 Anni
2198 1088 2289 1161 1670

664 1214 791 1286 XVIII
809 1213 983 1285 kalendas
1009 1213 1184 1292 octobres,
1217 1234 1319 1283 sacro
1345 1211 1514 1284 memorie
1537 1211 1716 1285 Exaltatae
1743 1213 1863 1286 Sacrae
1898 1212 2020 1285 Crucis
2048 1211 2118 1296 die,
2156 1211 2290 1284 laetitiis

666 1340 905 1436 triumphante
932 1338 1093 1411 omnibus
1116 1338 1271 1421 civitate,
1290 1338 1408 1431 imago
1430 1338 1547 1410 divina
1569 1335 1865 1431 ecurialitemplo
1887 1335 1934 1408 ad
1958 1344 2197 1432 praeparatum
2224 1337 2290 1408 sibi

665 1462 832 1538 sacellum
849 1463 1032 1558 deportata
1045 1486 1108 1557 per
1126 1461 1318 1556 Georgium
1337 1462 1548 1548 Conradum,
1570 1462 1718 1534 civicum
1734 1458 1940 1534 antistitem.
2045 1537 2048 1544 ,
2073 1495 2079 1506 ·

494 1645 524 1700 P.
548 1562 640 1698 ilani
713 1585 779 1657 Est
814 1586 907 1680 quod
938 1610 1204 1659 commemorem
1239 1586 1282 1658 de
1301 1587 1343 1658 P.
1366 1585 1502 1657 Adamo
1531 1587 1691 1671 iacebis,
1729 1586 1981 1661 Polocensibus
2009 1587 2172 1672 maxime,
2198 1585 2292 1681 apud

492 1729 578 1782 rector
599 1803 606 1816 .
665 1738 752 1809 quos
766 1713 961 1808 Collegium
980 1722 1096 1786 rector
1110 1736 1241 1808 magna
1265 1710 1454 1807 prudentia
1471 1719 1507 1782 et
1532 1711 1706 1788 charitate
1732 1716 1886 1812 quinquo
1904 1739 2012 1811 supra
2030 1716 2150 1790 decem
2176 1737 2292 1788 annos

494 1804 612 1938 ξὲῗὲῖῗὲ
666 1821 890 1937 gubernavit.
920 1843 1002 1936 lpso
1020 1848 1244 1935 procurante,
1265 1840 1439 1912 aedificata
1470 1840 1582 1912 Sociis
1610 1841 1746 1925 domun,
1780 1842 1959 1914 conditum
1986 1841 2168 1936 templum,
2189 1863 2290 1914 recu-

664 1966 774 2061 perati
788 1965 833 2035 ab
845 1964 974 2058 iniquis
987 1964 1248 2058 possessoribus
1263 1965 1349 2056 agri.
1367 1963 1484 2036 Multa
1501 1972 1676 2058 praeterea
1690 1965 1953 2048 ibidem,'etiam
1968 1964 2140 2060 privatus,
2156 1965 2289 2036 ultimis

666 2096 815 2183 quatuor
840 2088 942 2159 annis
970 2087 1134 2182 praestitit
1164 2087 1277 2158 utilia.
1310 2087 1428 2158 Vilnae
1455 2087 1645 2181 populares
1671 2112 1754 2162 suos
1781 2088 1899 2162 multis
1933 2089 2036 2160 annis
2068 2090 2295 2162 concionator

669 2211 787 2285 docuit
821 2210 1016 2294 salutaria;
1049 2210 1189 2283 interim
1224 2217 1431 2304 procurator
1471 2211 1594 2284 domus
1627 2212 1809 2306 professae,
1842 2219 1889 2284 et·
1910 2211 2054 2285 fabricae
2089 2199 2290 2308 praelectus,

667 2337 789 2409 Tertio
808 2335 922 2406 aetatis
941 2356 1048 2428 supra
1067 2335 1366 2427 septuagesimum
1384 2356 1477 2408 anno
1498 2358 1698 2428 supremum
1710 2335 1862 2440 quievit.

497 2526 520 2582 p
545 2441 645 2592 allgem
717 2462 750 2531 Ἀ
785 2459 937 2540 Mutina,
959 2457 1107 2550 Collegii
1137 2457 1265 2528 ibidem
1298 2465 1481 2543 rectorem,
1505 2459 1588 2530 olim
1612 2460 1808 2533 Lituanicae
1837 2460 2057 2532 visitatorem
2085 2459 2292 2554 provinciae,

498 2568 542 2658 tls
558 2605 643 2656 rector
670 2585 784 2656 virum
802 2583 973 2678 praeclare
1003 2581 1177 2664 meritum,
1211 2583 1384 2654 loannem
1419 2581 1628 2676 Argentum,
1649 2583 1862 2668 nuntiatum,
1895 2584 1928 2654 V
1931 2584 1946 2654 l
1965 2583 2135 2657 kalendas
2160 2585 2297 2658 decem·

497 2680 617 2816 ffl‘ffg
670 2706 750 2778 bres
772 2706 978 2778 decessisse.
1005 2704 1267 2798 Cognoscendae
1299 2703 1457 2776 Poloniae
1493 2706 1606 2800 prima
1636 2707 1768 2778 ioanni
1793 2707 1877 2780 data
1895 2708 2029 2779 occasio
2060 2731 2151 2779 anno
2186 2706 2293 2788 1603,

668 2854 745 2901 cum
775 2829 975 2923 Stephanus
993 2826 1170 2898 Bochaius
1187 2834 1333 2899 vexaret
1362 2828 1652 2922 Transylvanos;
1674 2837 1747 2902 tum
1765 2833 1787 2904 J
1791 2853 1924 2902 oannes
1954 2829 2297 2926 Claudiopolitanum

668 2978 768 3027 suum
802 2963 918 3026 rector
948 2953 1143 3046 Collegium
1175 2953 1341 3024 subduxit
1372 2951 1646 3036 Cracoviam,'a
1678 2975 1764 3046 rege
1791 2953 2021 3046 Sigismundo
2043 2953 2095 3026 lll
2131 2962 2298 3048 acceptus

668 3079 897 3173 perbenigne.
935 3077 1134 3149 Provinciae
1151 3075 1306 3149 Austriae
1324 3076 1524 3170 praelectus
1551 3075 1638 3147 1611
1673 3077 1869 3148 aClaudio
1905 3078 2066 3171 generali
2097 3076 2295 3172 delegatus

669 3202 751 3274 visit
776 3201 935 3275 Poloniae
953 3209 988 3274 61
1015 3199 1205 3283 Lituaniae,
1226 3198 1359 3271 divisas
1380 3197 1498 3282 modo,
1518 3199 1738 3296 provincias;
1760 3200 1981 3294 inspecturus
1998 3201 2170 3285 cominus,
2191 3223 2298 3295 quam
2353 3229 2354 3238 ¹

670 3326 714 3398 ob
749 3349 822 3398 rem
853 3324 888 3396 in
920 3324 989 3396 illis
1024 3323 1118 3395 Socii
1151 3331 1373 3395 vexarentur.
1411 3322 1468 3395 Re
1498 3323 1606 3417 probe
1636 3323 1832 3418 explorata,
1861 3348 1940 3417 quae
1969 3324 2082 3400 Sociis
2106 3325 2301 3398 offerentur

671 3452 823 3546 injuriae,
838 3451 879 3520 in
897 3449 1044 3544 supplici
1062 3448 1183 3521 libello
1213 3449 1291 3544 regi
1308 3445 1535 3540 Sigismundo
1554 3449 1736 3541 exposuit;
1769 3450 1888 3542 itaque
1907 3449 2099 3543 principem
2114 3449 2160 3520 ad
2178 3450 2299 3523 Socie-

673 3583 781 3650 tatem
800 3575 837 3646 in
867 3597 930 3646 suo
961 3597 1071 3667 regnu
1101 3573 1305 3669 diligentius
1340 3575 1507 3645 tuendam
1536 3574 1722 3666 permovit.
1755 3574 1916 3648 Vilnensi
1946 3574 2104 3669 Collegio
2134 3583 2302 3650 accurate

674 3701 845 3794 inspecto,
877 3722 970 3770 anno
999 3699 1091 3797 1614
1122 3697 1287 3784 instituit,
1321 3705 1359 3769 ut
1389 3696 1483 3769 Socii
1513 3697 1636 3770 diebus
1671 3700 1777 3772 certis
1805 3700 1915 3781 vicos,
1946 3700 2103 3793 plateas,
2130 3702 2303 3776 suburbia

677 3825 827 3909 obirent,
863 3822 1055 3918 plebeculae
1090 3821 1264 3915 magistri,
1296 3828 1332 3893 et
1365 3822 1409 3893 ad
1440 3805 1727 3915 pictatis'offlcia
1759 3824 1970 3897 hortatores.
1999 3826 2092 3897 Dum
2121 3827 2234 3899 Sociis
2261 3829 2304 3900 in

550 4035 554 4042 g
677 3947 843 4022 Lituania
860 3948 1018 4019 ioannes
1049 3945 1105 4040 pie
1132 3951 1360 4038 amanterque
1386 3943 1532 4016 consilia
1549 3967 1613 4015 sua
1645 3947 1879 4034 commendat,
1900 3949 1945 4021 ad
1963 3973 2089 4022 munus
2120 3951 2305 4046 praepcsiti

677 4072 868 4170 generalis,
897 4094 959 4167 per
981 4081 1131 4142 mortem
1161 4069 1297 4142 Claudii
1321 4069 1505 4163 Aquaviva
1534 4070 1708 4156 relictum,
1738 4095 1864 4144 novem
1895 4081 1930 4144 et
1957 4073 2082 4168 viginti
2108 4075 2305 4148 electorum

676 4197 857 4292 suffragiis
871 4196 1052 4268 invitatur.
1080 4194 1134 4266 Ea
1151 4195 1307 4267 Joannes
1324 4192 1465 4264 virtutis
1491 4193 1749 4266 existimatione
1766 4203 1802 4267 61
1832 4197 2016 4290 sapientiae
2040 4199 2198 4272 florebat.
2227 4199 2305 4273 Sed

674 4322 799 4396 laudes
833 4320 899 4391 viri
917 4319 1007 4404 aliis,
1027 4319 1101 4391 suis
1136 4318 1287 4390 maxime
1317 4316 1507 4411 gentilibus
1538 4317 1768 4390 celebrandas
1800 4321 2042 4414 relinquimus,
2079 4324 2307 4416 persecuturi

676 4471 756 4543 quae
769 4446 884 4541 magis
897 4445 1114 4518 nostratibus
1129 4441 1199 4515 sint
1216 4439 1349 4512 affinia.

508 4557 634 4693 Vilnffioe
726 4571 843 4642 Vilnae
865 4568 1060 4664 Collegium
1088 4575 1123 4640 et
1152 4564 1284 4640 scholae
1312 4589 1334 4636 a
1362 4562 1539 4658 pestilenti
1575 4563 1675 4637 clade
1696 4566 1887 4639 refloruere
1917 4569 2114 4664 insigniter.
2151 4569 2307 4664 Septua-

508 4715 653 4784 caregtum
678 4697 779 4791 ginta
797 4704 831 4768 et
848 4695 1001 4789 quinque
1015 4694 1051 4765 in
1069 4692 1244 4765 domicilio
1259 4688 1366 4773 Socii,
1387 4688 1621 4783 septingentis
1638 4688 1757 4783 plures
1775 4689 1811 4760 in
1830 4690 1961 4763 scholis
1974 4692 2167 4766 academici
2180 4715 2309 4768 cense-

509 4795 641 4852 convales-

510 4875 548 4931 cit

510 5031 581 5087 trius
599 5029 636 5083 M.

679 4819 808 4892 bantur
824 4810 838 4890 i
854 4818 945 4894 inter
963 4841 1023 4890 eos
1055 4818 1211 4890 loannes
1237 4812 1493 4898 Demetriadea
1514 4813 1684 4886 Demetrii
1707 4811 1926 4898 [aaronica
1949 4815 2070 4908 magni
2098 4815 2310 4916 Moscorum
2449 4817 2450 4822 ’

511 4916 604 5010 ne'me·
682 4945 779 5017 duois
796 4943 904 5028 filius,
933 4965 978 5016 er
995 4939 1150 5025 Mariua,
1179 4938 1421 5011 Mnischorum
1452 4937 1789 5010 Sandomiriensium
1806 4937 2042 5030 palatinorum
2069 4939 2154 5024 lilia,
2175 4963 2311 5037 proge-
2449 5015 2450 5032 ,

511 5108 635 5165 Ducisfi·
681 5068 798 5140 nitus:
832 5089 853 5138 a
885 5065 1113 5160 Sigismundo
1144 5065 1211 5149 III,
1241 5086 1326 5157 rege
1360 5059 1518 5133 Poloniae
1536 5061 1693 5155 palatino
1723 5061 1885 5134 Vilnensi
1911 5064 2023 5136 Leoni
2054 5064 2221 5158 Sapieha,
2260 5069 2311 5140 ab
2449 5079 2450 5110 ³

509 5189 573 5246 ¹1⁰⁸·
681 5194 748 5265 hoc
765 5191 895 5267 nostris
912 5188 1122 5262 academicis
1140 5210 1233 5259 anno
1251 5188 1343 5262 1626
1358 5186 1442 5258 XVI
1457 5187 1740 5259 commendatus:
1760 5188 1966 5262 adolescens
1980 5189 2108 5264 indolis
2128 5194 2307 5287 egregiae.
