4948 6654
687 763 796 824 LIBER
816 761 988 837 Quantus
1008 764 1222 844 (1500-1000).
1486 785 1494 800 ·
1739 769 1797 836 173

176 968 255 1020 cum
267 947 403 1020 civibus
420 945 663 1028 communiter,
679 945 817 1020 tuturus
834 954 927 1021 esset
944 955 1187 1044 propugnatur
1203 954 1239 1022 et
1260 947 1406 1036 vindex;
1421 949 1520 1044 cujus
1538 951 1702 1044 promissi
1716 974 1796 1047 spes
1821 971 1884 1028 1593

177 1095 200 1143 a
234 1073 460 1167 Sigismundo
490 1071 633 1144 minime
661 1071 858 1145 offerretur.
896 1073 986 1144 Eum
1016 1072 1132 1167 itaqua
1158 1072 1285 1168 (verbis
1314 1072 1373 1144 hio
1390 1070 1516 1144 Poloni
1537 1074 1694 1147 historici
1711 1077 1794 1148 Pia-

177 1197 286 1270 seokii
317 1197 408 1293 utor)
426 1198 461 1294 (0)
478 1217 600 1271 omnes
624 1198 785 1270 doctores
807 1196 1011 1269 lutheranus
1030 1197 1354 1280 exterminaturum,
1378 1197 1637 1300 vindicaturum
1666 1202 1796 1296 templa

175 1322 293 1394 omnia
312 1321 505 1406 catholicis,
521 1321 559 1392 13
572 1319 699 1414 vulgus
717 1320 926 1414 spargebat;
943 1327 979 1391 et
991 1319 1034 1391 ad
1048 1341 1126 1393 eam
1144 1343 1286 1417 operam
1299 1321 1413 1416 ipsum
1426 1319 1463 1392 in
1477 1343 1625 1416 regnum
1640 1323 1662 1395 J
1664 1325 1796 1398 esuitas

172 1446 267 1518 ultra
284 1445 382 1519 mille
407 1444 611 1541 (peditatum
633 1466 771 1516 omnem
793 1443 1038 1538 Hungaricum
1052 1431 1220 1517 'simulato
1234 1443 1373 1517 interim
1389 1444 1530 1516 nomine
1549 1454 1584 1518 et
1597 1447 1719 1519 habitu
1734 1449 1797 1520 mi-

172 1570 269 1642 litari
298 1570 455 1642 Jesuitas
481 1591 559 1642 esse
584 1568 781 1658 insinuans)
804 1573 937 1640 mutata
962 1575 1060 1640 veste
1087 1564 1338 1637 introduxisse.
1359 1563 1550 1637 Absentem
1580 1567 1728 1661 denique
1755 1591 1798 1648 ex
1819 1569 1909 1658 Bella·
1923 1569 1955 1623 ‘1⁰

172 1694 320 1766 arbitrio
344 1692 571 1774 Polonorum‚
590 1713 625 1764 et.
644 1714 708 1785 per
724 1700 901 1775 externos,
920 1713 1070 1784 regnum
1088 1688 1223 1762 Sueciae
1240 1687 1530 1782 gubernaturum,
1550 1687 1719 1784 legesque
1736 1713 1797 1786 pa·
1815 1645 1925 1775 ligii?

171 1819 259 1890 trias
274 1818 553 1888 immutaturum.
574 1813 759 1908 Ejusmodi
775 1835 900 1886 causas
913 1813 1095 1906 cupiditati
1109 1834 1183 1884 suae
1197 1810 1434 1905 praetendebat
1451 1810 1572 1882 rivalis
1588 1812 1707 1904 regni,
1727 1835 1796 1906 quo

171 1941 310 2014 facilius
328 1941 465 2013 levaret
483 1935 719 2033 suspicionem
745 1937 909 2009 ambitus.
931 1937 1020 2015 Quae
1037 1937 1154 2031 patrui
1173 1933 1347 2008 calliditas
1366 1957 1411 2006 ne
1431 1933 1657 2027 Sigismundo
1683 1935 1798 2009 fraudi

174 2072 280 2152 esset,
302 2064 517 2136 Polonorum
543 2063 684 2156 quidam
713 2083 896 2156 procerum
926 2059 1055 2153 scripto
1085 2081 1205 2152 regem
1228 2059 1439 2130 mouendum
1456 2059 1593 2152 putavit
1611 2059 1659 2154 (a).
1682 2060 1737 2132 Ex
1754 2083 1795 2134 33

173 2190 305 2262 monito
330 2187 521 2282 intelliges,
543 2208 651 2256 unum
672 2185 786 2277 ipsum
805 2182 1000 2276 objacuisse
1021 2183 1348 2277 praepedimentum,
1367 2183 1413 2255 ab
1428 2184 1604 2256 haereticis
1622 2183 1796 2277 objectum

175 2313 401 2409 Sigismundo
419 2309 466 2381 ad
484 2308 610 2382 solium
628 2307 780 2400 patrium
798 2331 805 2376 ε
828 2304 1009 2399 religionis
1032 2281 1204 2377 videlicet
1219 2305 1372 2376 studium
1390 2303 1589 2389 catholicae;
1615 2305 1713 2399 cujus
1735 2305 1794 2376 hic

173 2439 206 2510 13
224 2460 309 2510 suas
330 2434 559 2509 restituendae
579 2431 681 2505 sedes
710 2430 775 2502 suit
792 2428 1023 2524 percupidus;
1047 2451 1131 2500 nam
1149 2429 1193 2500 de
1211 2427 1489 2501 administrando
1518 2450 1629 2521 regno
1659 2430 1793 2522 Sueciae
1814 2390 1960 2524 0⁰13}pr

174 2585 232 2656 per
255 2559 405 2635 eundem
422 2558 582 2631 Poloniae
600 2579 721 2650 regem
734 2545 913 2646 negotium
931 2575 1033 2624 omne
1050 2551 1154 2626 facile
1166 2551 1375 2623 confectum.
1398 2551 1499 2630 Quod
1516 2552 1641 2646 religio
1656 2552 1793 2625 sincera
1814 2569 1922 2643 arogno

174 2707 212 2757 ac
228 2692 346 2768 vetus,
370 2706 433 2779 per
448 2683 566 2753 divum
584 2679 707 2751 Olaum
724 2699 845 2784 regem
858 2677 960 2748 annis
978 2677 1107 2748 abhinc
1126 2697 1236 2770 prope
1258 2674 1488 2769 septingentis
1506 2674 1543 2770 (a)
1559 2697 1581 2745 a
1599 2676 1720 2748 833303
1733 2699 1792 2749 ac·
1814 2631 1915 2766 {lilii

174 2819 286 2905 cepta,
304 2809 455 2902 indeque
481 2829 606 2899 regum
632 2811 667 2876 et
689 2802 860 2873 bonorum
876 2801 1072 2872 antistitum
1095 2799 1219 2872 studiis
1236 2806 1433 2894 propagata
1449 2799 1496 2870 ad
1518 2799 1666 2870 Gustavi
1685 2822 1793 2894 usque

173 2943 342 3028 tempora,
362 2954 428 3027 per
449 2928 680 3004 Laurentium
701 2934 736 2999 et
754 2925 881 2996 Olaum
898 2923 1137 3008 Petersonios,
1158 2923 1289 2996 fratres
1311 2945 1515 3017 germanos,
1545 2923 1691 2996 Lutheri
1710 2924 1792 2996 olim

175 3059 426 3152 Vittembergae
456 3054 658 3150 discipulos,
679 3051 846 3143 corrupti,
866 3049 1041 3123 deteriore
1071 3055 1164 3121 esset
1192 3049 1284 3135 1333,
1314 3073 1356 3121 33
1386 3047 1537 3120 maxime
1566 3071 1650 3120 cura
1679 3049 1792 3122 bonus

174 3185 331 3278 princeps
352 3181 561 3276 augebatur.
580 3177 626 3250 At
647 3174 886 3270 exspectanda
899 3180 976 3245 erat
987 3174 1115 3246 idonea
1132 3175 1245 3269 magis
1262 3197 1379 3247 rerum
1396 3175 1612 3268 agendarum
1625 3181 1790 3269 opportu-

170 3308 271 3392 nitas,
294 3304 627 3396 conoedendumque
645 3299 817 3393 tantisper
834 3299 1081 3371 haereticorum
1099 3300 1316 3394 pertinaciae.

210 3429 423 3504 Postulabat
435 3450 457 3499 a
469 3411 603 3499 civibus
620 3424 658 3495 13
671 3423 792 3518 primis
811 3423 959 3495 eandem
979 3423 1046 3494 sibi
1054 3423 1289 3518 jurisjurandi
1302 3426 1450 3521 proponi
1468 3424 1655 3498 formulam
1671 3423 1782 3518 Sigis·
1810 3385 1947 3524 Qum

166 3553 325 3638 mundus,
348 3575 392 3625 ex
405 3573 474 3646 qua
491 3571 619 3644 parens
638 3569 721 3618 suus
741 3567 841 3617 suam
865 3547 971 3618 fidem
990 3547 1028 3618 13
1046 3547 1143 3618 aditu
1158 3548 1259 3641 regui
1273 3548 1344 3620 ritu
1362 3546 1487 3642 gentili
1505 3548 1751 3620 obstrinxisset
1772 3572 1779 3618 :
1810 3547 1900 3639 Slus-t

166 3688 211 3766 ut,
223 3680 363 3775 quando
378 3677 518 3772 quidem
534 3647 780 3770 Augustanam
794 3669 1051 3743 confessionem
1066 3677 1251 3770 tantopere
1265 3677 1439 3756 curarent,
1453 3669 1637 3742 catholicae
1646 3693 1782 3764 quoque
1809 3625 1901 3761 iffi&

165 3804 341 3900 religionis
375 3802 528 3874 studium
554 3823 574 3872 e
601 3805 780 3891 compacto
811 3793 968 3864 sinerent
999 3791 1123 3886 cuique
1150 3819 1227 3869 esse
1253 3796 1430 3869 liberum:
1454 3805 1540 3880 tum,
1569 3819 1613 3868 ne
1642 3798 1782 3891 insigne

163 3929 273 4022 03331,
293 3947 472 4008 coronam,
492 3921 600 4018 capiti
625 3942 688 3993 suo
705 3918 900 4010 imponeret
913 3915 1016 3998 31133,
1046 3941 1150 4010 quam
1169 3943 1326 4015 praesens
1350 3923 1502 3994 Romani
1519 3923 1663 3994 nuntius
1685 3925 1777 3995 Pon·
1808 3987 1928 4042 ntorum

166 4048 278 4131 tilicis,
299 4047 335 4120 S.
355 4044 478 4118 Severi
494 4043 691 4139 episcopus,
713 4039 930 4134 Malaspina.
952 4041 998 4114 Et
1011 4043 1162 4135 primum
1177 4046 1317 4138 quidem
1331 4047 1559 4140 postulatum,
1577 4053 1656 4139 post
1674 4046 1780 4118 tricas
1806 4064 1951 4120 obtureti-

163 4173 336 4266 multaque
349 4169 460 4243 verba
475 4167 568 4239 ultro
585 4165 741 4258 citroque
768 4164 901 4248 habita,
922 4164 1113 4264 admissum
1131 4175 1203 4251 est;
1232 4169 1384 4241 alterum
1402 4169 1500 4240 nulla
1519 4170 1655 4240 ratione
1669 4170 1779 4241 evinci
1808 4143 1957 4198 cinnoent-

162 4298 284 4392 potuit,
305 4292 433 4368 Carolo
451 4289 601 4364 maxime
630 4289 853 4360 adversante.
875 4291 996 4379 ltaque
1024 4309 1047 4358 a
1076 4288 1392 4387 pseudo-episcopo
1413 4290 1628 4386 Upsaliensi,
1658 4291 1778 4364 Abra-

160 4422 263 4493 hamo
281 4421 504 4498 Anderson0,
517 4414 718 4497 lutheran0,
736 4411 961 4505 Sigismundo
978 4419 1013 4483 et
1025 4411 1138 4484 Annae
1156 4417 1310 4510 conjugi,
1324 4415 1482 4510 Upsaliae
1499 4417 1534 4485 in
1549 4414 1679 4510 templo
1693 4424 1775 4492 3313

160 4547 326 4640 majorem
342 4564 455 4625 aram,
474 4539 692 4612 caeremoniis
710 4538 829 4629 utique
859 4535 1020 4607 omnibus
1038 4513 1057 4608 3
1074 4538 1194 4610 rituali
1212 4560 1358 4609 romano
1384 4538 1592 4624 observatis,
1615 4541 1778 4635 imposita

158 4672 258 4768 regui
287 4667 420 4744 Suetici
442 4665 608 4760 13313313.
627 4663 749 4735 Rebus
779 4664 929 4756 denique
961 4663 1121 4734 omuibus
1148 4685 1211 4757 per
1240 4661 1381 4732 comitia
1407 4661 1601 4754 generalia,
1628 4669 1778 4736 exeunte
1805 4693 1922 4748 Ornatus

156 4796 284 4868 martio
311 4794 418 4874 1594,
446 4791 482 4861 13
500 4789 627 4863 833313
655 4786 871 4880 compositis,
901 4786 1072 4878 regnique
1095 4784 1401 4857 administratione
1422 4779 1548 4855 Carolo
1577 4785 1775 4868 commissa,
1806 4775 1855 4830 rite
1868 4777 1930 4831 iusi-

154 4917 415 5012 Slgismundus‚
440 4913 576 4984 duabus
594 4910 746 5004 insignis
764 4909 915 4992 coronis,
936 4907 1040 4980 rediit
1070 4909 1107 4978 13
1138 4907 1338 4994 Poloniam,
1359 4905 1479 4978 XLIV
1507 4905 1654 4978 navibus
1673 4905 1777 4979 81310-
1806 4857 1905 5002 323⁸

153 5041 287 5116 holmia
305 5041 489 5114 Gedanum
506 5038 705 5109 comitatus.
1805 5011 1939 5143 pplroqppm

1806 4221 1925 4275 missum.

191 5195 233 5272 (11
243 5190 489 5263 prosecuturos.
502 5193 565 5267 gast
581 5179 1251 5258 03830333331501-10)0.0133331130313.·-
1262 5179 1777 5260 [3)11311331133031131331313833313.
