4930 6634
666 783 727 846 300
1046 789 1322 850 LlTllANlCARUll
1346 791 1560 853 SthlETATlS
1582 793 1669 854 lusu
1693 790 1946 851 lllSTORlAllUlll

671 1003 688 1034 ιι
710 996 815 1069 quam
834 997 947 1070 nuper
964 975 1187 1051 decederete
1208 978 1294 1065 vita,
1319 978 1456 1066 diebus,
1478 977 1772 1074 quemadmodum
1798 985 1832 1050 et
1862 977 1952 1051 alias
1981 979 2114 1053 referre
2137 982 2297 1076 jucunde

670 1126 686 1158 a
708 1097 832 1170 solitus
846 1106 934 1184 erat,
955 1107 1086 1195 quanto
1105 1101 1170 1174 sibi
1184 1103 1220 1174 iu
1234 1102 1297 1175 illa
1314 1104 1398 1175 belli
1411 1105 1588 1198 pestisque
1611 1103 1813 1176 calamitate
1840 1103 1963 1176 fuisset
1987 1103 2118 1176 solatio
2142 1104 2230 1176 illud
2257 1105 2304 1177 ad

642 1253 650 1278 ·-
670 1251 687 1283 a
708 1223 898 1318 Deiparam
917 1224 1041 1296 Lindae
1055 1225 1428 1321 perfugiumTametsi
1443 1229 1534 1301 anim
1553 1251 1714 1323 persaepe
1727 1229 1786 1299 vix
1799 1250 1850 1312 ea,
1863 1252 1943 1323 quae
1957 1228 2004 1299 ad
2014 1227 2215 1302 faciendam
2229 1253 2304 1302 rem

671 1377 687 1408 a
708 1347 862 1419 divinam
887 1349 1125 1443 requiruntur,
1150 1351 1188 1422 iu
1212 1347 1274 1424 illa
1301 1376 1420 1424 rerum
1449 1361 1716 1447 temporumque
1756 1351 1960 1424 difficultate
1995 1354 2128 1448 acquiri
2160 1362 2306 1450 possent

672 1501 688 1533 a
708 1471 852 1568 (tantum
871 1473 983 1559 abest,
1004 1483 1042 1546 ut
1060 1481 1188 1549 caetera
1206 1477 1402 1572 affluerent)
1422 1478 1617 1573 jucundum
1643 1485 1758 1548 tamen
1778 1485 1856 1549 erat
1868 1475 1939 1548 frui
1951 1477 2015 1550 illa
2031 1477 2209 1561 facultate,
2233 1501 2305 1573 qua

673 1627 689 1658 a
711 1596 758 1669 ad
784 1605 981 1670 maternum
1012 1600 1114 1694 quasi
1140 1600 1305 1695 Deiparae
1335 1602 1449 1674 sinum
1480 1601 1645 1674 clientulo
1677 1623 1874 1686 recurrere,
1911 1610 1946 1674 et
1976 1603 2072 1695 apud
2091 1602 2307 1674 Lindensem

676 1722 825 1817 «ipsius
856 1724 992 1817 regiam
1022 1733 1097 1796 tum
1123 1749 1206 1799 suas
1235 1734 1310 1798 tum
1341 1727 1517 1800 universae
1550 1726 1739 1799 Societatis
1756 1725 1854 1798 vices
1871 1724 1998 1797 liceret
2015 1727 2172 1820 defungi.
2197 1763 2214 1793 a
2232 1729 2309 1806 Quo

672 1845 911 1942 auspicatiora
929 1856 1048 1921 essent
1065 1849 1170 1945 hujus
1187 1849 1313 1945 gloriae
1331 1851 1432 1922 initia
1461 1856 1497 1924 et
1526 1851 1593 1923 loci
1622 1849 1791 1922 sauctitas
1819 1849 1959 1922 auctior
1989 1851 2305 1946 conspectiorque;

674 1971 778 2044 simul
796 1994 834 2044 se
853 1971 1004 2044 Lindam
1022 1973 1128 2059 Socii,
1150 1973 1255 2046 simul
1271 1975 1309 2046 iu
1327 1975 1495 2070 templum
1513 1975 1665 2070 hospitae
1684 1997 1759 2046 suae
1778 1975 1991 2046 beatissimae
2020 1997 2123 2048 sacra
2146 1975 2308 2048 divorum

675 2103 870 2193 martyrum
888 2097 1053 2192 pignora,
1073 2097 1323 2194 Symphoriani
1342 2105 1377 2172 et
1407 2100 1602 2184 Liberataa,
1633 2099 1718 2172 anni
1752 2099 1845 2172 1634
1870 2123 1983 2172 nouas
2013 2099 2182 2195 quintiles
2212 2102 2306 2174 intu-

499 2255 612 2311 Lindum
673 2223 758 2298 lere.
780 2224 873 2298 Rem
890 2225 1066 2318 integram
1084 2223 1146 2309 sio,
1170 2233 1207 2297 ut
1224 2225 1372 2319 accepit,
1393 2228 1516 2296 narrat
1533 2223 1637 2307 idem,
1659 2223 1794 2318 quinat
1818 2223 1935 2296 verbis
1962 2224 2122 2309 eisdem;
2153 2226 2301 2310 veritus

500 2334 555 2465 Βξ·
570 2333 646 2424 sym.
671 2373 715 2422 ua
732 2347 814 2444 quid
828 2347 884 2421 vel
910 2347 954 2421 de
974 2349 1129 2420 auctoris
1146 2348 1202 2421 vel
1227 2349 1270 2420 da
1297 2348 1456 2420 historiae
1472 2348 1621 2420 veritate
1634 2346 1831 2420 detraxisse
1849 2347 2040 2420 videretur.

500 2425 648 2544 {alffi-
729 2501 746 2534 a
768 2471 898 2551 Quinto
916 2471 989 2544 kal.
1006 2471 1089 2566 julii
1118 2495 1177 2544 au.
1203 2473 1308 2556 1631,
1325 2472 1401 2544 dies
1424 2470 1628 2564 triumphali
1641 2493 1819 2542 sacrorum
1833 2470 2053 2566 lipsanorum
2081 2472 2309 2546 translationi

502 2569 651 2623 teocam·
682 2625 697 2657 a
719 2595 885 2669 definitus
904 2604 958 2668 est
970 2596 1007 2668 in
1026 2595 1185 2669 districtu
1204 2595 1440 2679 Resselieusi,
1458 2594 1639 2690 proximus
1657 2595 1859 2667 avisitaute
1873 2594 2117 2668 Elisabetham
2129 2597 2306 2692 Virgine:

615 2663 636 2700 1.

503 2648 632 2786 qqqqpppio
684 2749 700 2780 a
723 2743 805 2792 nam
820 2718 907 2814 ipsis
925 2720 1192 2813 augustissimae
1210 2720 1373 2814 Virginis
1386 2719 1485 2791 feriis
1507 2717 1770 2806 concedendum
1784 2718 1917 2812 aliquid
1946 2719 2062 2791 fuerat
2078 2721 2258 2794 inusitatae
2276 2731 2314 2796 et

504 2825 536 2941 {¹
547 2808 638 2954 15ξὲῗὶ
682 2873 699 2905 u
719 2844 1006 2939 flagrantissimae
1023 2845 1204 2917 bominum
1222 2843 1357 2939 pietati,
1378 2845 1532 2937 undique
1550 2842 1596 2915 ad
1619 2842 1929 2916 clementissimam
1945 2843 2134 2917 Lindensis
2164 2848 2313 2920 oratorii

506 2965 637 3020 mm·
684 2997 701 3030 κ
722 2969 910 3065 praesidem
927 2969 1209 3042 concurrentium
1226 2994 1234 3054 ;
1255 2968 1384 3063 partim
1416 2975 1453 3040 ut
1466 2967 1609 3041 incenso
1624 2967 1794 3063 supplicis
1814 2969 1925 3040 animi
1945 2968 2039 3042 cultu
2070 2978 2192 3066 optata
2212 2971 2312 3044 desi·

683 3124 700 3157 a
721 3095 900 3169 deriorum
923 3094 1095 3168 beneficia
1129 3095 1305 3167 communi
1326 3094 1534 3166 miserorum
1565 3093 1670 3165 matri
1695 3095 1790 3190 grati
1821 3102 2074 3190 reportarent:
2113 3095 2240 3192 partim
2272 3104 2314 3170 ut

684 3251 700 3284 κ
720 3221 936 3316 temporaria
954 3219 1058 3292 simul
1080 3226 1115 3292 et
1141 3225 1276 3292 aetema
1306 3218 1437 3291 divinae
1466 3217 1686 3292 liberalitatis
1717 3242 1876 3306 munera,
1911 3221 2112 3294 interventu
2137 3221 2310 3316 piissimae

683 3374 699 3407 u
720 3345 873 3418 dominae
890 3349 1132 3440 exposcerent,
1153 3345 1296 3439 suisque
1313 3343 1585 3416 necessitatibus
1599 3353 1856 3439 compararent.
1880 3345 2058 3419 Numerus
2068 3345 2314 3419 concurrentis

685 3499 702 3532 a
723 3477 873 3564 protunc
905 3469 1141 3542 multitudinis
1171 3468 1244 3541 lere
1272 3469 1426 3564 quinque
1452 3466 1600 3540 millium
1631 3479 1718 3541 erat.
1750 3470 2010 3564 Quadringenti
2041 3470 2159 3544 divino
2189 3469 2315 3544 refecti

684 3625 700 3658 u
721 3593 1084 3691 epulo,singulariaid
1098 3592 1165 3665 loci
1179 3593 1293 3665 suain
1307 3594 1421 3667 Deum
1438 3615 1481 3665 ac
1492 3592 1676 3686 Virginem
1689 3593 1843 3668 Matrem
1858 3596 1976 3668 studia
1992 3619 2035 3668 ac
2047 3596 2315 3670 venerationem

575 3783 578 3790 .
684 3749 700 3780 κ
722 3726 804 3792 suut
834 3717 1006 3790 attestati.
1039 3717 1111 3788 lter
1140 3739 1242 3788 suum
1273 3739 1353 3789 orsa
1376 3723 1430 3788 ast
1463 3717 1641 3810 processio
1669 3717 1714 3789 ab
1745 3718 1872 3814 oppido
1907 3721 2142 3805 Besteineusi‚
2176 3720 2317 3792 duobus

684 3873 701 3904 κ
722 3841 931 3915 milliaribus
946 3839 1108 3913 Resselio
1126 3838 1264 3925 dissito,
1284 3840 1320 3910 in
1351 3839 1428 3933 ipsa
1445 3839 1622 3912 visitantis
1652 3841 1818 3937 Deiparaa
1845 3843 2048 3930 festivitate,
2064 3852 2143 3939 post
2169 3867 2317 3939 vesper·

685 3996 701 4028 a
722 3968 834 4039 tinam
865 3964 974 4037 divini
1006 3963 1109 4036 officii
1139 3964 1384 4060 psalmodiam,
1413 3963 1587 4060 frequenti
1615 3965 1808 4038 incolarum
1847 3990 2019 4040 concursu
2052 3973 2089 4042 et
2127 3967 2314 4054 comitatu,

685 4122 701 4154 κ
722 4092 911 4186 multisque
929 4090 1108 4164 inusitatae
1125 4089 1320 4163 devotionis
1345 4089 1578 4183 argumentis.
1613 4090 1829 4164 Deferebaut
1855 4092 2095 4165 sacratissima
2116 4100 2319 4189 martyrum

685 4248 701 4280 a
723 4242 804 4292 ossa
825 4218 899 4290 bini
917 4216 1134 4313 presbyteri;
1156 4218 1216 4313 qui
1245 4239 1391 4312 gravem
1413 4215 1499 4288 solis
1521 4215 1657 4288 urentis
1688 4223 1826 4300 aestum,
1847 4223 1883 4288 et
1900 4215 2112 4311 multiplices
2127 4215 2321 4311 longinqui

687 4372 703 4404 a
723 4343 859 4416 itineris
877 4340 1057 4414 molestias
1075 4347 1217 4414 strenua
1236 4340 1379 4435 sequaci
1397 4363 1438 4412 ac
1455 4340 1635 4434 morigera
1653 4361 1732 4410 cum
1755 4338 1860 4410 turba
1890 4340 2039 4434 pedibus
2058 4339 2288 4412 confecerunt
2307 4367 2316 4426 ;

687 4497 704 4528 a
726 4463 901 4542 universae
913 4489 998 4539 vero
1016 4467 1085 4538 viae
1098 4464 1243 4538 taedium
1258 4464 1437 4538 indefessa
1452 4465 1650 4538 divinarum
1668 4463 1813 4536 laudum
1844 4488 1886 4537 ac
1916 4465 2055 4559 piorum
2081 4473 2322 4538 concentuum

690 4625 706 4657 a
727 4591 965 4666 vicissitudine
985 4590 1197 4664 allevabant.
1215 4588 1337 4662 Medio
1351 4589 1389 4660 iu
1405 4587 1532 4661 itinere
1549 4590 1706 4684 paroecia
1736 4588 2039 4662 Glockstaiueusis
2066 4588 2214 4685 pulchro
2242 4591 2323 4664 ritu

691 4748 707 4781 u
728 4715 943 4814 martyribus
962 4715 1099 4787 obviam
1118 4714 1300 4810 processit,
1329 4713 1500 4807 novisque
1530 4713 1568 4784 in
1598 4735 1745 4808 superos
1775 4713 1896 4786 functa
1926 4713 2062 4800 officiis,
2096 4714 2324 4810 praecipuum

689 4873 705 4904 a
726 4841 796 4913 illis
813 4840 983 4913 honorem
1000 4838 1144 4923 habuit;
1165 4860 1246 4910 mox
1262 4837 1345 4911 inde
1362 4836 1440 4932 pari
1458 4839 1686 4911 veneratione
1705 4837 1911 4922 discessum,
1929 4846 1963 4910 et
1977 4839 2078 4932 quasi
2093 4838 2136 4911 de
2154 4837 2318 4932 integro,

610 4981 616 4988 “
687 4997 704 5029 α
725 4974 896 5040 concentu
923 4964 1034 5046 vario,
1067 4963 1253 5058 prioreque
1279 4961 1415 5046 ordine,
1444 4962 1617 5057 praecipiti
1640 4962 1716 5056 jam
1741 4962 1787 5033 ad
1814 4984 2001 5057 vesperum
2018 4962 2088 5047 die,
2110 4961 2323 5036 Resselium

688 5122 703 5156 a
726 5091 824 5164 itum.
847 5088 1053 5164 Consultum
1069 5097 1153 5162 aute
1170 5089 1326 5162 Resselii
1344 5088 1457 5160 fuerat
1475 5088 1559 5183 quid
1576 5085 1814 5180 atriumphali
1841 5086 2000 5159 divorum
2030 5088 2164 5159 honore
2194 5095 2322 5176 esset;

689 5245 705 5276 α
727 5239 815 5312 ergo
827 5215 906 5287 urbi
924 5213 1105 5306 campanis
1127 5213 1265 5306 siguum
1297 5210 1429 5295 datum,
1463 5212 1557 5283 cives
1588 5210 1728 5284 militari
1759 5210 1882 5284 ordine
1909 5220 1943 5283 et
1968 5220 2153 5307 apparatu,
2183 5211 2320 5286 labaro
