4906 6642
624 743 644 806 6
983 745 1257 810 LITUANICARUM
1280 747 1491 810 SOClETdTlS
1512 750 1598 812 JESU
1621 750 1873 813 lllS'lOllldRUll

624 925 838 1020 operandum
861 927 983 1014 sacris,
1004 927 1128 1022 quibus
1157 950 1177 1002 e
1202 928 1399 1016 ritualibus,
1431 931 1469 1004 in
1500 953 1668 1006 consessu
1683 955 1731 1009 an
1761 933 1935 1018 accubitu,
1964 958 2007 1010 ac
2042 935 2086 1010 de
2102 939 2242 1018 caeteris

522 1101 528 1114 .
623 1027 731 1144 hujus
742 1051 883 1145 generis
895 1051 1033 1126 infinita
1047 1053 1140 1127 inter
1155 1061 1366 1150 symmystas
1384 1054 1471 1129 istos
1484 1056 1722 1128 controversia
1734 1063 1836 1150 atque
1851 1057 1909 1130 lis.
1927 1058 2090 1134 Palatino
2106 1067 2238 1150 mmon,

625 1180 850 1276 pertinaciter
874 1181 1031 1256 molienti
1059 1205 1137 1266 sua,
1156 1204 1270 1276 neque
1287 1179 1462 1255 discordia
1487 1180 1754 1278 peregrinorum
1780 1179 2012 1275 stultitiaque,
2034 1205 2148 1277 neque
2176 1185 2241 1265 im-

626 1301 738 1397 pietas
750 1303 864 1398 potuit
880 1304 1077 1399 displicere.
1095 1304 1188 1384 Quin
1204 1302 1471 1376 commendabat
1488 1301 1594 1376 etiam
1620 1301 1738 1374 multis
1761 1302 1924 1375 doctores
1940 1324 2023 1377 suos
2041 1307 2238 1400 pr-aeconiu,

625 1431 673 1511 et,
693 1427 790 1520 quasi
822 1428 868 1499 ad
897 1427 1085 1522 Delphicos
1102 1425 1297 1522 Apollines,
1317 1425 1493 1499 civitatem
1518 1423 1686 1498 conviviis
1715 1425 1821 1498 etiam
1837 1425 2023 1498 invitabat.
2049 1427 2081 1500 E
2117 1429 2242 1512 subur·

624 1549 717 1621 bano
736 1549 923 1624 translatos
941 1550 978 1621 in
995 1551 1118 1622 urbem
1131 1571 1239 1644 prope
1256 1549 1370 1621 iorum
1387 1548 1592 1632 Piscarium,
1612 1546 1651 1620 in
1664 1548 1812 1634 aedibus,
1833 1571 1945 1644 nuper
1958 1549 2120 1624 Gastoldi
2137 1553 2243 1632 Pan-

454 1680 548 1772 triapl
623 1671 700 1755 tini,
720 1673 825 1748 hodio
839 1675 924 1760 suis,
941 1697 1112 1747 novarum
1124 1673 1368 1747 buccinatores
1395 1696 1512 1747 rerum
1542 1671 1739 1747 collocavit.
1755 1671 1980 1748 ACalvinica
1992 1698 2064 1748 non
2076 1677 2180 1772 pauci
2196 1677 2243 1758 td

452 1775 600 1890 ffis
625 1808 755 1872 sectam
771 1799 952 1884 Arionem,
973 1824 996 1874 a
1013 1800 1274 1896 Transylvania
1286 1798 1433 1872 subinde
1449 1795 1594 1881 illatam,
1611 1791 1785 1866 transiere
1802 1791 1909 1888 (1);in
1925 1791 1980 1865 his
1997 1793 2105 1867 brisso
2127 1796 2239 1884 aiunt,

394 1943 397 1950 ’
452 1923 602 2056 mm
626 1923 856 2017 nescioquem
878 1924 1101 2009 Sudrovium,
1117 1923 1298 1997 homulum
1316 1945 1360 1996 ex
1371 1921 1490 1994 infimo
1503 1940 1634 2014 genere
1652 1923 1690 1989 et
1704 1915 1854 1987 fortunae
1868 1916 1982 2009 gradu
1995 1941 2003 1988 :
2018 1939 2131 2014 nuper
2144 1919 2243 2000 illum

454 2069 482 2122 ec
499 2027 601 2123 Brestis
625 2048 662 2118 in
679 2047 819 2120 civitate
836 2048 1070 2144 Leopolitana
1088 2047 1344 2126 mercenarium
1370 2031 1579 2125 carnificem,
1600 2039 1726 2114 deinde
1751 2037 1868 2111 Vilnae
1890 2037 1928 2110 in
1944 2061 2129 2136 synagoga
2159 2042 2243 2122 Onl-

452 2159 511 2200 ²¹²⁸⁴
624 2171 696 2244 vini
705 2173 915 2257 ministrum,
933 2197 1081 2258 morum,
1104 2173 1134 2245 si
1150 2171 1306 2268 provinc.
1326 2170 1454 2266 placet,
1474 2165 1682 2261 magistrum
1699 2169 1734 2236 et
1752 2162 1902 2235 rituum:
1923 2162 2089 2259 denique,
2109 2175 2242 2246 mutata

623 2294 707 2380 fide,
726 2295 911 2369 Arianum.
939 2297 960 2368 J
964 2319 1019 2374 am
1045 2297 1137 2370 enim
1162 2295 1296 2368 Ariana
1312 2294 1419 2367 etiam
1435 2290 1595 2384 impietas
1612 2285 1780 2381 vulgabat
1796 2307 1874 2358 sese
1891 2286 2064 2374 Lituanis,
2091 2288 2130 2362 in
2154 2291 2243 2370 Bra·

625 2421 741 2492 stiana
765 2419 913 2492 maxime
929 2428 966 2493 et
997 2418 1268 2515 Novogrodensi
1283 2416 1491 2514 provinciis;
1511 2411 1698 2506 multisque
1721 2410 1799 2482 visa
1815 2409 1978 2496 nobilior,
2010 2418 2048 2484 ut
2065 2433 2144 2508 quse
2165 2414 2244 2494 aliis

626 2543 804 2639 antiquior
818 2544 910 2616 foret
926 2544 1136 2626 haeresibus,
1157 2543 1345 2638 turbasque
1358 2541 1477 2636 plures
1496 2536 1679 2632 caedesque
1695 2534 1817 2608 fecerit
1834 2533 1870 2606 in
1888 2535 2061 2608 Ecclesia.

452 2668 556 2760 Judaeq
674 2671 741 2744 His
784 2671 876 2745 adde
928 2672 1202 2768 peregrinarum·
1235 2667 1393 2765 gentium
1448 2662 1705 2737 multitudinem
1741 2688 1748 2734 :
1781 2662 1927 2735 ludaeos
1981 2685 2026 2736 ex
2069 2666 2240 2754 Prussia,

453 2746 592 2901 Τῷᾙξῑ,
626 2795 816 2869 Godelrido
854 2796 1123 2891 Cmcigerorum
1150 2794 1325 2890 Magistro
1359 2790 1429 2874 Xl,
1464 2796 1501 2861 et
1526 2787 1613 2859 alias
1653 2786 1794 2859 aliunde
1828 2786 2013 2882 expulsos,
2047 2790 2084 2860 in
2115 2791 2245 2892 oppida

626 2919 802 2993 Lituaniae
818 2926 853 2992 et
870 2921 1065 2993 diversoria
1081 2925 1265 3014 acceptos;
1281 2917 1463 3000 Tartaros,
1480 2932 1572 2984 caeso
1586 2909 1679 3005 apud
1696 2909 1854 2982 Asovum
1869 2908 2006 3004 ingenti
2023 2913 2244 2990 Tamerlanis

627 3041 796 3126 exercitu,
833 3065 856 3114 a
890 3042 1021 3116 victore
1048 3043 1301 3125 Barbarorum,
1332 3059 1462 3132 magno
1503 3032 1675 3108 Lituaniae
1701 3033 1802 3118 duce,
1838 3029 2041 3106 Alexandro
2083 3035 2240 3124 Vitoldo,

623 3163 662 3236 in
690 3163 889 3238 Lituaniam
929 3165 1142 3262 compulsos,
1171 3165 1364 3259 missosque
1393 3162 1431 3234 in
1458 3158 1635 3244 colonias;
1665 3157 1863 3252 Cyngaros,
1898 3157 1990 3230 unde
2016 3166 2053 3231 et
2079 3183 2147 3260 quo
2174 3161 2244 3236 huc

626 3295 731 3363 vento
765 3289 926 3375 delatos,
958 3291 1101 3374 nescio;
1135 3289 1381 3363 circulatorum
1413 3307 1524 3380 genus
1572 3291 1607 3356 et
1648 3283 1788 3367 lurum,
1818 3289 1959 3377 gentem
1985 3306 2137 3380 vagam,
2170 3309 2245 3360 sor·

634 3412 766 3498 didam,
810 3411 1008 3498 ridiculam,
1041 3413 1252 3507 religionum
1286 3409 1500 3506 quarumvis,
1533 3407 1614 3480 fidei
1654 3403 1796 3477 nullius.
1837 3405 1930 3477 Hinc
1958 3405 2057 3480 brevi
2089 3415 2246 3504 tempore

628 3544 729 3608 tanta
758 3559 911 3620 morum,
940 3537 1083 3621 rituum,
1110 3537 1316 3619 studiorum,
1353 3533 1448 3617 vitae,
1472 3539 1546 3605 tam
1570 3556 1687 3607 rerum
1709 3535 1838 3606 misera
1855 3534 2008 3606 omnium
2036 3535 2127 3612 facta
2152 3521 2266 3612 coms

630 3657 790 3737 mutatio,
824 3665 996 3751 regnante
1023 3657 1155 3732 scilicet
1184 3660 1346 3753 Augusto
1365 3661 1394 3742 l,
1415 3664 1455 3729 ut
1482 3657 1628 3752 aequalis
1646 3661 1722 3750 ejus
1734 3656 1902 3752 temporis
1930 3659 2091 3754 scriptor,
2112 3663 2247 3736 Stanis·

628 3783 707 3856 laus
725 3781 1001 3855 Orzechovslrius
1019 3781 1069 3878 (a),
1090 3806 1156 3857 nec
1176 3785 1252 3879 ipse
1270 3787 1410 3858 omnino
1426 3786 1564 3880 integre
1580 3786 1616 3856 in
1629 3783 1700 3856 illis
1715 3789 1875 3856 versatus
1887 3783 2066 3878 periculis,
2082 3787 2242 3874 affirmet,

630 3928 750 4000 regem
759 3905 919 3978 Poloniae
930 3905 1193 3999 Sigismundum
1206 3910 1235 3992 l,
1247 3887 1360 4002 nuper
1373 3909 1606 3990 demortuum,
1619 3907 1656 3980 si.
1662 3905 1876 4002 postliminio
1894 3906 2066 3994 rediisset,
2086 3909 2245 3986 civitates

629 4051 712 4102 suas
725 4052 797 4102 non
814 4029 1076 4123 recogniturum
1093 4028 1212 4102 tuisse.
1235 4031 1277 4102 ln
1297 4052 1341 4103 ea
1356 4032 1571 4126 perditorum
1589 4031 1769 4103 hominum
1787 4028 1936 4103 colluvie
1955 4034 2130 4129 corrumpi
2143 4036 2244 4114 lacile

630 4154 725 4228 cives
737 4151 934 4238 christiani,
950 4161 986 4225 et
999 4151 1044 4224 ab
1056 4151 1145 4224 avita
1158 4154 1204 4225 ad
1214 4153 1403 4248 religiones
1412 4155 1566 4228 defluere
1579 4155 1784 4250 peregrinas
1801 4178 1809 4225 :
1826 4153 1961 4250 negligi
1969 4155 2129 4250 pastores
2137 4160 2240 4234 boni:

632 4276 743 4372 quaeri
759 4284 871 4348 coetus
884 4271 1068 4369 impiorum
1086 4281 1121 4347 et
1139 4274 1224 4348 fana
1244 4301 1251 4347 :
1270 4276 1477 4352 herbescere
1494 4280 1540 4351 ad
1557 4279 1688 4373 templa
1700 4277 1833 4350 semitae
1855 4302 1863 4349 :
1884 4279 1976 4352 sacri
1989 4285 2024 4350 et
2036 4290 2195 4357 oratores
2209 4292 2245 4360 et

457 4397 609 4458 nescim.
632 4396 758 4494 psaltae
773 4398 1019 4470 conticescere.
1039 4396 1169 4481 Vilnae,
1185 4408 1316 4492 praeter
1329 4402 1397 4474 duo
1412 4401 1598 4485 Rutenica,
1619 4408 1697 4473 octo
1711 4407 1746 4473 et
1759 4401 1879 4472 decem
1893 4401 2096 4474 visebantur
2107 4403 2248 4478 catholi-

461 4475 599 4532 maleficis.
954 4523 960 4538 .
1032 4523 1038 4538 .
1142 4525 1148 4538 ,
1328 4524 1334 4539 .
1476 4524 1483 4538 .
1651 4523 1657 4538 .
1827 4523 1833 4538 .
1948 4523 1955 4538 .
2078 4525 2141 4541 ..

458 4554 542 4610 vnn„
635 4544 755 4594 corum
771 4521 902 4617 templa
923 4547 931 4593 :
950 4546 988 4594 rn
1004 4522 1060 4595 hrs
1077 4523 1209 4596 curiale
1234 4523 1337 4596 Beatr
1356 4525 1517 4610 Joanms,
1542 4530 1679 4595 caelans
1696 4530 1900 4617 augustius3
1920 4523 1990 4608 hrc,
2012 4524 2058 4597 ad
2075 4548 2249 4621 rnsrgnem

460 4637 606 4770 gllfflfl
635 4645 857 4720 contumelia
873 4653 1005 4729 notam,
1019 4647 1126 4741 juxta
1150 4645 1343 4742 principem
1368 4647 1455 4718 aedis
1478 4653 1514 4719 et
1540 4669 1612 4718 arae
1634 4645 1765 4730 locum,
1784 4669 1806 4716 a
1825 4646 2044 4740 ganeonibus
2066 4649 2249 4746 sacrilegis

636 4769 772 4842 defixus
788 4769 827 4842 in
843 4768 962 4864 platea
973 4770 1093 4864 stipes,
1113 4770 1290 4845 latronum
1303 4770 1442 4844 infamis
1460 4769 1666 4867 suspendio;
1692 4769 1788 4843 aedes
1804 4769 1881 4865 ipsa
1897 4770 1990 4842 intus
2007 4778 2043 4844 et
2057 4770 2144 4846 toris
2162 4781 2249 4846 ster·

607 5045 611 5057 ,
642 4972 645 4978 ’
674 4993 716 5070 (l)
739 4991 883 5063 Cichoeki,
898 4992 1101 5070 alloquiorum,
1125 4995 1174 5052 lib.
1190 4994 1228 5072 11,
1238 5011 1266 5055 c.
1280 4996 1329 5057 tl.
1352 5027 1391 5037 -—
1406 4991 1449 5072 (θ)
1471 4995 1556 5054 libro
1582 4995 1658 5054 edito
1681 4996 1708 5052 in
1730 4997 1820 5054 lucem
1843 5009 1917 5052 anno
1936 4990 2025 5056 1560.
2051 4994 2114 5058 Vid.
2138 4997 2246 5058 Miscet.

635 5099 808 5174 Kojalowicz
823 5115 889 5180 pag.
908 5101 958 5158 dl.
979 5098 1052 5158 Olim
1082 5099 1263 5178 Oricbovius,
1292 5102 1388 5164 Lutori
1415 5102 1506 5178 ipsius
1530 5103 1683 5178 discipulus
1714 5101 1909 5176 vitembergae.
1926 5100 1988 5164 Vid.
2015 5102 2153 5166 loannem
2177 5104 2247 5180 Leo,

635 5209 765 5270 essoris
779 5192 913 5278 nutriat
926 5208 976 5267 ris.
993 5207 1068 5282 vus,
1081 5223 1146 5283 pag.
1164 5210 1234 5268 ces.
