4930 6634
698 797 760 863 290
1077 792 1351 856 LlTUthChllUld
1374 789 1587 854 SOGIETthS
1604 789 1693 852 Just]
1717 787 1971 850 HISTOthRUbl

529 1007 595 1065 meo
746 981 938 1054 Martinum
980 979 1205 1065 Eustachius,
1258 941 1479 1051 Viluensium
1522 973 1720 1070 episcopus,
1770 967 1893 1066 quinto
1931 969 2012 1042 idus
2040 968 2240 1064 januarias·
2272 970 2316 1042 ad

527 1082 677 1234 gem]
697 1105 995 1180 immortalitatem
1039 1104 1229 1177 antecessit
1261 1101 1308 1199 (1).
1346 1101 1460 1175 Natus
1498 1099 1649 1181 Joanne,
1700 1095 1877 1167 Lituaniee
1922 1093 2169 1174 mareschallo,
2207 1093 2317 1168 frater
2436 1119 2437 1134 ¹

527 1225 672 1307 vurlensis.
698 1253 889 1329 germanus
915 1228 1122 1324 Hieronymi
1153 1225 1310 1323 praefecti
1336 1223 1513 1320 generalis
1541 1219 1758 1315 Samogitiae.
1789 1219 1820 1292 E
1847 1218 2123 1314 procancellario
2146 1218 2318 1292 Lituaniae

698 1361 838 1429 creatus
863 1351 1085 1425 Vilnensium
1103 1351 1287 1446 episcopus
1305 1349 1450 1446 pulchre
1472 1371 1551 1420 cum
1571 1345 1740 1418 antistitis
1757 1350 1831 1415 tum
1849 1341 2025 1415 senatoris
2046 1364 2193 1414 munera
2219 1341 2319 1414 susti·
2436 1327 2437 1362 ¹

699 1480 787 1562 nuit,
806 1478 862 1549 vir
887 1475 1029 1571 sapiens
1046 1475 1180 1571 pariter
1205 1482 1241 1547 et
1269 1483 1424 1547 sanctus.
1446 1472 1577 1545 Officiis
1609 1470 1713 1544 etiam
1738 1467 1850 1564 legati
1878 1467 2019 1540 functus
2044 1467 2229 1563 praeclare,
2249 1467 2319 1538 sive

699 1627 777 1677 cum
794 1600 887 1696 apud
915 1601 1115 1672 Romanum
1142 1597 1349 1671 Pontificem
1370 1598 1521 1671 Paulum
1538 1597 1584 1682 V,
1604 1595 1678 1668 sive
1695 1617 1775 1665 cum
1792 1591 1886 1688 apud
1909 1590 2100 1688 principem
2130 1589 2319 1664 Florentiae

528 1777 627 1835 uonia-
698 1725 838 1798 nomine
856 1724 1081 1807 Polonorum,
1107 1723 1182 1795 sive
1206 1722 1302 1818 apud
1319 1721 1427 1806 cives,
1449 1719 1677 1816 sigismundo
1704 1719 1758 1791 lll
1788 1715 2000 1814 perduelles,
2026 1737 2152 1810 arege
2169 1722 2206 1788 et
2222 1738 2320 1812 repu-

526 1857 675 1950 bunnens-
697 1850 791 1923 blica
807 1855 932 1943 ageret
948 1855 1079 1921 orator.
1100 1847 1169 1919 Hic
1186 1845 1329 1918 Vilnam
1341 1847 1476 1942 primus
1493 1843 1689 1917 introduxit
1706 1865 1827 1916 sacras
1845 1841 1920 1915 Deo
1935 1840 2093 1935 virgines
2103 1839 2320 1914 Benedictini

527 1937 672 2081 ffimhu·
696 1973 873 2046 instituti:
894 1971 1038 2044 Fratres
1068 1969 1244 2042 Eremitas
1272 1969 1311 2042 S.
1338 1967 1531 2063 Augustini
1559 1967 1762 2064 Regulares
1791 1993 1799 2044 :
1824 1966 2033 2042 Carmelitas
2063 1966 2317 2040 Reformatos:

527 2090 658 2165 genuniu-
697 2095 928 2171 sodalitatem
957 2092 1225 2168 Condolentium
1255 2115 1334 2164 cum
1369 2085 1534 2165 Christo:
1572 2115 1689 2165 sacras
1717 2092 1801 2164 item
1830 2091 2036 2174 Beatorum,
2069 2089 2254 2162 Eustachii
2284 2091 2318 2162 in

526 2190 653 2309 mir.
697 2221 808 2294 aedem
826 2242 927 2293 suam
944 2218 1194 2300 dioecesanam,
1211 2215 1391 2289 Benuonis
1409 2216 1447 2288 in
1464 2216 1631 2312 templum
1645 2219 1816 2313 professae
1835 2218 1959 2291 domus
1977 2225 2123 2300 nostrae,
2140 2217 2315 2314 reliquias.

526 2329 673 2463 {ffliff
697 2346 845 2442 'l'empla
859 2345 988 2442 partim
1001 2341 1245 2438 recuperavit,¹
1255 2339 1301 2414 ab
1314 2339 1490 2412 haereticis
1505 2349 1636 2435 crepta,
1658 2341 1785 2436 partim
1803 2336 1926 2410 refecit
1942 2343 2083 2408 vetusta
2100 2337 2315 2432 ornaritque.

524 2486 672 2545 tiscoudo-
697 2469 814 2542 Vilnae
838 2468 1006 2563 templum
1035 2465 1138 2538 Beati
1170 2463 1445 2559 Protomartyris
1462 2485 1483 2536 e
1499 2463 1737 2538 fundamentis
1766 2461 1954 2545 excitarim
1975 2459 2106 2532 ibidem
2134 2459 2319 2555 collegium

523 2567 636 2710 ἓξὲξ
636 2666 649 2704 r
698 2595 904 2670 clericorum
916 2592 1150 2666 invalidorum
1168 2589 1332 2663 instituit.
1353 2589 1608 2664 Bibliothecam
1627 2585 1778 2682 Collegii
1801 2581 1913 2656 nostri
1930 2579 2124 2654 academici
2138 2583 2211 2655 suis
2224 2583 2320 2656 auxit

525 2729 619 2785 rone.
642 2725 670 2780 S·
698 2721 809 2794 libris.
830 2717 1151 2794 Exercitationibus
1169 2716 1280 2816 sacris
1306 2714 1379 2786 divi
1404 2713 1519 2787 nostri
1550 2709 1706 2809 parentis
1724 2705 1929 2802 quotannis
1946 2727 2089 2800 operam
2116 2704 2224 2778 dabat
2243 2706 2318 2778 dili·
2436 2743 2437 2790 ,

526 2804 661 2863 Benuonis
1064 2841 1083 2856 ..
1219 2840 1226 2856 .
1649 2834 1656 2849 .
1881 2829 1887 2843 .
2021 2829 2028 2844 .

525 2882 650 2952 renquiae
697 2851 853 2940 geuter;
891 2849 975 2938 quot
1007 2842 1105 2915 ferus
1139 2846 1247 2913 sextis
1285 2839 1399 2934 flagro
1434 2860 1473 2912 se
1505 2834 1746 2927 catenulrsque
1783 2829 1908 2903 ferrers
1942 2829 2152 2924 castrgabat.
2193 2830 2320 2902 Preces

527 2964 556 3020 ³¹¹
569 2959 672 3058 Ῥᾶῗῧβ·
698 2969 898 3053 canonicas,
926 2966 1050 3062 positis
1074 2964 1172 3037 humi
1202 2962 1366 3059 genibus,
1399 2961 1530 3057 pietate
1564 2980 1695 3055 magna
1728 2951 1916 3027 recitabat·
1949 2951 2059 3024 Feri&
2090 2951 2321 3026 hebdomad&

523 3043 672 3176 mg
698 3115 810 3166 sacrae
849 3092 972 3188 quinta
1009 3087 1285 3163 mendiculorum
1327 3075 1458 3183 pedes,
1507 3083 1667 3180 exemplo
1709 3076 1859 3162 Christi,
1909 3073 2087 3149 abluebat.
2136 3079 2320 3152 Societatis
2436 3131 2437 3168 3

523 3196 654 3349 ffiffi
698 3215 916 3308 existimator
945 3219 1108 3286 constans
1132 3235 1175 3285 ac
1198 3217 1307 3284 tutor.

524 3356 625 3450 enne·
746 3335 992 3430 Novogrodeci
1004 3334 1164 3407 loannes
1177 3333 1426 3431 Moszynskius
1443 3334 1492 3432 (a),
1514 3335 1567 3406 vir
1585 3335 1665 3430 pius
1682 3334 1775 3408 idem
1792 3356 1834 3408 ac
1853 3332 1993 3418 nobilis,
2014 3339 2145 3406 certam
2162 3331 2319 3425 pecuniae

522 3435 670 3570 roffi?
697 3484 867 3536 summam
884 3460 920 3532 in
939 3483 1058 3533 aream
1075 3459 1253 3532 domicilio
1281 3459 1445 3555 ponendo
1463 3467 1499 3532 et
1515 3461 1553 3532 in
1568 3459 1692 3556 templi
1709 3459 2005 3532 constructionem
2027 3456 2218 3554 praeposito
2236 3479 2319 3554 pro-

524 3607 581 3684 mo}
611 3604 672 3646 eon·
695 3584 838 3658 vinciali
866 3584 1036 3657 Michaeli
1067 3583 1215 3656 Ortissio
1235 3584 1312 3678 jam
1341 3607 1435 3657 anno
1470 3584 1565 3658 1624
1595 3581 1785 3657 obtulerat.
1807 3583 1911 3656 Missi
1941 3583 2075 3677 aliquot
2092 3582 2127 3652 in
2147 3581 2319 3654 coloniam

523 3670 598 3727 ‘hm
696 3709 790 3784 Socii
806 3733 884 3782 cum
906 3709 946 3780 P.
975 3708 1150 3782 Michaele
1176 3707 1408 3793 Rafalowicz,
1430 3708 1553 3782 domus
1579 3708 1743 3803 praeside.
1766 3707 1841 3780 Res
1868 3706 2006 3780 oblatas
2033 3706 2270 3802 templumque
2300 3728 2319 3777 e

522 3837 641 3936 Mauru-
694 3831 814 3927 lignea
835 3831 994 3917 materia,
1019 3832 1055 3902 in
1074 3833 1150 3905 toro
1169 3831 1266 3904 urbis
1283 3831 1454 3928 principe,
1475 3832 1659 3927 eregione
1675 3829 1749 3903 sani
1766 3830 1929 3903 calvinioi
1955 3836 2205 3912 constructum,
2230 3829 2318 3901 acci·
2436 3909 2437 3924 p

505 3922 671 4056 :fflss
693 3956 807 4051 piunt.
827 3956 1033 4031 Moscoritis
1049 3958 1189 4031 interim
1215 3958 1386 4032 Lituanos
1404 3958 1662 4042 infestantibus,
1690 3957 1770 4053 pius
1795 3981 1904 4032 senex
1926 3941 2176 4054 Moszynskius
2194 3958 2319 4032 Nesvi·

523 4081 565 4138 sii.
695 4080 785 4153 sium
803 4080 983 4176 confugit;
1004 4089 1100 4155 ratus
1129 4082 1246 4155 locum
1272 4105 1352 4154 eum
1368 4083 1443 4156 fore
1460 4084 1527 4156 sibi
1544 4084 1720 4156 tutiorem.
1742 4083 1811 4154 Vix
1837 4105 1878 4155 eo
1898 4105 1937 4155 se
1954 4081 2164 4170 contulerat,
2186 4083 2319 4177 capitur

522 4217 669 4310 rutente»
695 4205 873 4300 oppidum,
894 4206 1055 4302 interque
1076 4207 1271 4302 oppidanos
1290 4208 1366 4302 ipse
1381 4207 1540 4281 caeditur.
1562 4207 1648 4282 Inde
1665 4206 1959 4302 Novogrodecum
1982 4215 2161 4303 totamque
2179 4207 2318 4302 provin·
2436 4229 2437 4306 ζ

522 4310 585 4434 {pff}
594 4297 668 4432 ἓξὲξ
694 4332 784 4404 ciam
804 4331 915 4404 hostis
933 4331 1028 4404 ferro
1044 4333 1196 4426 igneque
1210 4331 1409 4427 populatur.
1428 4333 1617 4444 immanior
1633 4333 1699 4404 fuit
1717 4332 1854 4404 caeteris
1881 4331 1951 4404 dux
1965 4333 2176 4406 Oosaoorum
2201 4331 2319 4403 Zloto-
2391 4319 2393 4323 ¹
2436 4327 2437 4334 ’

521 4458 661 4514 nuruum.
693 4454 817 4528 renbo.
835 4456 913 4528 Hoc
926 4479 1008 4528 suos
1022 4457 1214 4551 instigante
1227 4457 1263 4527 in
1277 4457 1477 4530 sacerdotes
1490 4458 1578 4529 ritus
1592 4456 1743 4529 maxime
1756 4456 1906 4541 romani,
1921 4456 1989 4528 duo
2003 4456 2039 4528 in
2054 4456 2177 4551 primis
2190 4455 2315 4541 nostri,
2436 4479 2437 4514 r

694 4579 736 4650 P.
759 4578 914 4652 Michael
932 4587 967 4652 et
996 4575 1135 4674 adjutor
1163 4580 1276 4654 laicus
1297 4581 1346 4653 N.
1367 4581 1580 4676 Surgiewicz
1597 4579 1723 4668 Wollr,
1744 4579 1863 4653 multis
1876 4580 2028 4653 confossi
2045 4577 2258 4664 vulneribus,
2278 4577 2316 4650 in

693 4726 821 4798 rogum
839 4704 1000 4799 conjecti,
1017 4704 1280 4776 comburuntur.
1459 4689 1464 4703 ¹
2436 4791 2437 4800 ἵ

579 4852 612 4907 to
743 4829 786 4901 ln
802 4829 871 4901 hac
883 4828 1038 4913 civitate,
1057 4826 1174 4900 adhuc
1191 4827 1370 4914 incolumi,
1386 4850 1532 4923 egrege
1544 4826 1759 4900 Arianorum
1777 4850 1890 4922 nuper
1907 4825 2031 4921 ejecto,
2053 4825 2201 4912 delituit,
2218 4825 2317 4898 frau-
2436 4835 2437 4916 i

522 4926 601 4988 Libro
611 4945 669 4986 ⁰⁰¹¹'
694 4953 797 5026 dibus
814 4951 934 5026 nescio
955 4951 1081 5046 quibus
1099 4957 1227 5035 tectus
1247 4951 1352 5024 homo
1366 4974 1438 5024 non
1461 4951 1629 5047 ignobilis
1647 4974 1760 5047 neque
1774 4951 1972 5024 illiteratus.
1995 4950 2142 5024 Librum
2158 4949 2217 5024 ille
2230 4972 2320 5022 con·

521 5031 626 5151 ppppm
695 5077 833 5149 cionum
847 5075 946 5151 Petri
958 5074 1111 5170 Skarga,
1131 5083 1167 5149 et
1185 5076 1348 5171 apposita
1364 5077 1525 5171 quaedam
1551 5075 1708 5171 ejusdem
1727 5077 1896 5150 adversus
1908 5075 2062 5148 Arianos
2076 5075 2216 5171 scripta,
2231 5095 2320 5168 per-

523 5173 627 5242 enm
735 5228 777 5305 (l)
803 5228 868 5288 Vid.
879 5230 948 5290 ibid.
965 5229 1017 5288 lib.
1036 5226 1069 5305 ll,
1085 5243 1111 5286 c.
1129 5229 1158 5288 9.
1175 5243 1204 5303 p.
1219 5228 1288 5289 362.
1305 5259 1343 5272 -
1360 5224 1404 5306 (l)
1430 5227 1627 5306 Novogrodeci
1643 5229 1820 5287 fundamenta
1838 5228 1985 5288 domicilii.
