4896 6650
676 804 734 870 124
1044 807 1317 870 LITUANICARUM
1341 807 1552 870 soclssltls
1572 811 1659 872 tusu
1682 808 1935 871 HlSl'OlllARUbl

504 995 570 1050 1⁵⁸4
676 1018 694 1051 ιι
710 993 866 1091 maligne
899 1021 907 1069 :
940 995 1088 1092 injurias
1121 995 1287 1070 Patribus
1320 995 1437 1070 illatas
1469 997 1715 1092 magistratum
1744 995 1885 1079 acerbe,
1912 995 2031 1090 itaque
2053 995 2167 1081 ferre,
2196 1017 2240 1068 ac
2274 995 2304 1068 si

677 1144 693 1177 ιι
713 1117 790 1214 ipse
822 1118 879 1190 bis
913 1117 1061 1192 affectus
1094 1128 1188 1192 esset
1220 1119 1354 1192 :simul
1383 1143 1424 1192 ae
1462 1119 1614 1214 suspicio
1648 1118 1817 1192 tumultus
1842 1119 2028 1214 increpuit,
2066 1119 2154 1191 niln'l
2188 1120 2303 1214 magi-

640 1261 693 1304 ··ιι
715 1250 809 1317 stros
838 1243 990 1318 civitatis
1021 1243 1194 1328 omisisse,
1231 1267 1299 1338 quo
1326 1245 1492 1318 Patribus
1514 1246 1671 1318 succurri
1705 1251 1862 1340 posset:
1893 1245 2102 1340 vigilaturos
2132 1266 2171 1317 se
2205 1244 2302 1316 dein·

677 1400 694 1432 ιι
715 1391 797 1464 ceps
814 1368 860 1442 ad
885 1368 1032 1442 tutelam
1049 1369 1222 1442 curiosius
1251 1395 1259 1440 :
1285 1369 1459 1442 fenestras
1486 1378 1592 1464 atque
1621 1367 1706 1455 alia,
1738 1393 1817 1464 quae
1843 1393 1906 1464 per
1926 1369 2113 1441 tumultum
2139 1375 2304 1464 corrupta

676 1523 692 1555 ιι
714 1494 841 1577 forent,
860 1516 900 1565 se
917 1492 990 1566 suis
1007 1493 1203 1587 sumptibus
1220 1492 1423 1566 refecturus
1445 1491 1561 1587 Atque
1577 1493 1654 1566 haec
1683 1493 1834 1586 quidem,
1855 1492 2001 1578 addunt,
2033 1491 2157 1564 civitas
2177 1499 2299 1564 nostra

678 1648 694 1680 ιι
715 1618 827 1700 vobis,
851 1618 988 1698 Patres,
1008 1617 1052 1690 de
1078 1639 1117 1689 se
1134 1616 1340 1712 pollicetur;
1363 1617 1440 1710 jatm
1462 1617 1585 1710 quida
1607 1617 1705 1689 vobis
1732 1617 1885 1689 vicissim
1911 1617 2078 1711 postulet,
2101 1617 2132 1689 si
2160 1617 2302 1711 quidem

677 1772 695 1805 ι
715 1742 908 1826 volueritis,
924 1743 1027 1817 facile
1045 1750 1159 1815 vestra
1173 1749 1362 1834 nostraque
1375 1762 1462 1836 pace
1479 1741 1705 1835 praestabitis.
1727 1739 1875 1813 Tabulae
1887 1741 1924 1812 in
1942 1742 2064 1836 primis
2091 1742 2299 1835 religantur,

675 1893 692 1926 ιι
713 1889 801 1961 quas
819 1891 862 1940 ex
887 1869 960 1941 lani
977 1869 1086 1940 vestri
1102 1866 1215 1937 valvis
1240 1865 1469 1960 praetereunti
1495 1864 1685 1938 venditatis
1703 1865 1854 1959 populo;
1883 1866 2023 1938 tametsi
2049 1866 2085 1936 in
2105 1866 2192 1959 ipsis
2214 1865 2303 1940 nihil

676 2022 693 2054 ιι
715 1993 772 2077 sit,
794 1998 924 2088 praeter
941 1991 1093 2064 indicem
1106 1998 1288 2063 auctorum
1306 1997 1342 2064 et
1359 2013 1476 2064 rerum
1498 1990 1787 2064 scholasticarum
1801 1991 1836 2063 in
1852 1992 2039 2088 gymnasio
2053 2000 2172 2064 vestro
2193 1991 2301 2087 expli·

677 2141 694 2174 ιι
716 2113 922 2198 caudarum,
941 2136 999 2186 res
1016 2119 1134 2186 tamen
1162 2134 1253 2184 nova
1275 2113 1393 2186 multis
1410 2113 1563 2199 videtur,
1580 2139 1659 2210 quas
1677 2119 1724 2191 ad
1741 2119 1911 2191 invidiam
1929 2121 1965 2191 in
1992 2120 2103 2215 vulgo
2120 2121 2301 2193 concitan-

677 2269 695 2301 ι
716 2241 798 2311 dam
815 2238 943 2310 valeat.
969 2237 1152 2310 Sustinere
1178 2237 1275 2310 haud
1292 2244 1408 2332 potest
1433 2238 1606 2332 ejusmodi
1631 2265 1766 2316 merces
1783 2251 1922 2317 vestras
1949 2244 2049 2339 plebs
2079 2244 2210 2332 stulta;
2240 2268 2301 2318 eas

678 2395 695 2428 ιι
716 2365 826 2461 igitur
843 2364 1076 2458 magistratus
1102 2372 1223 2472 noster
1248 2371 1350 2459 putat
1374 2365 1621 2438 removendas.
1650 2365 1811 2440 Alterum
1834 2375 1902 2452 est,
1923 2367 2020 2464 quod
2044 2369 2299 2452 coemeterium,

677 2525 694 2557 ιι
717 2492 974 2566 omnibusante
990 2492 1162 2586 pervium,
1180 2498 1298 2566 erecta
1323 2515 1435 2587 nuper
1453 2498 1569 2587 porta,
1600 2491 1832 2566 occluseritis.
1864 2493 2086 2565 Postremum
2111 2493 2301 2587 magistra·

677 2643 694 2677 ιι
716 2621 774 2688 tus
788 2615 892 2687 etiam
907 2613 1076 2710 postulat,
1095 2621 1136 2685 ut
1150 2636 1194 2685 ne
1208 2618 1372 2710 campani
1386 2617 1468 2690 aeris
1487 2617 1702 2714 pulsatione,
1718 2617 2014 2711 quemadmodum
2028 2618 2064 2688 in
2082 2617 2151 2690 ista
2164 2617 2302 2692 fecistis

596 2779 601 2790 ·
676 2769 693 2802 ι
709 2738 828 2823 turba,
846 2738 1025 2811 civitatem
1042 2735 1126 2809 inde
1142 2739 1340 2811 concitetis.
1361 2776 1379 2807 ιι
1840 2734 1843 2740 ’

721 2859 952 2959 Magistratui
978 2868 1013 2933 et
1042 2860 1258 2935 internuntio
1288 2886 1353 2958 pro
1382 2864 1629 2938 benevolentia
1659 2870 1695 2936 et
1725 2862 1836 2936 tutela
1854 2861 1981 2957 gratiis
2006 2861 2170 2958 ampliter
2192 2861 2297 2945 actis,

673 2990 857 3072 Rubenus‚
878 2985 1109 3079 amplioribus
1129 3007 1208 3058 eam
1234 3011 1418 3060 munerum
1443 3011 1587 3062 suorum
1610 2989 1874 3061 observantiam
1901 2995 1936 3060 et
1971 2987 2078 3060 fidem
2108 2986 2185 3081 regi
2210 3009 2309 3057 oom-

674 3111 903 3187 mendaturus
920 3109 1144 3191 testimoniis,
1164 3109 1211 3181 ad
1237 3132 1292 3196 ea,
1313 3133 1393 3204 quae
1419 3111 1486 3206 ipsi
1507 3123 1754 3200 causarentur,
1772 3137 1923 3210 quasque
1940 3113 2089 3185 aSociis
2103 3111 2303 3206 exigerent,

671 3233 880 3330 respondet:
906 3263 922 3296 ιι
938 3233 1079 3305 tabulas
1093 3233 1204 3328 primo
1218 3233 1447 3308 scholasticas
1460 3259 1558 3309 more
1575 3260 1652 3324 suo,
1666 3235 1737 3308 fide
1750 3235 1856 3320 bona,
1873 3235 2003 3309 nullius
2028 3257 2138 3308 eausa
2157 3217 2308 3306 indidiae

677 3392 695 3425 ι
715 3362 915 3458 propositas
932 3383 1085 3456 ;easque
1098 3369 1192 3434 certe
1206 3384 1244 3434 se
1260 3361 1433 3434 refixuros
1450 3361 1607 3446 luisse,si
1627 3361 1705 3456 quis
1720 3383 1757 3432 se
1771 3361 1925 3433 civitatis
1940 3362 2081 3434 nomine
2094 3359 2305 3434 monuisset.

676 3515 692 3548 ιι
714 3486 897 3560 Portulam
915 3509 1023 3570 area,
1051 3486 1158 3559 biduo
1184 3494 1267 3559 ante
1293 3485 1456 3582 positam,
1477 3484 1621 3558 biduum
1638 3493 1750 3557 totum
1778 3484 1934 3557 interdiu
1952 3484 2121 3579 patuisse.
2153 3482 2307 3576 Signum

676 3638 693 3670 ι
712 3609 883 3682 tumultus
901 3609 1076 3682 Polonum
1093 3610 1269 3704 quendam
1295 3609 1506 3682 catholicum
1536 3608 1688 3694 dedisse,
1718 3609 1854 3702 injussu
1873 3609 1978 3680 ullius
1995 3631 2073 3691 suo,
2111 3607 2187 3702 ipso
2205 3606 2308 3678 vide·

674 3763 691 3795 ιι
712 3733 796 3807 licet
817 3740 966 3827 urgente
979 3734 1145 3828 periculo.
1173 3735 1243 3807 Sed
1265 3733 1389 3828 ecquid
1406 3732 1503 3805 aliud
1516 3734 1551 3804 in
1570 3757 1635 3806 suo
1653 3733 1787 3828 pariter
1800 3732 2004 3805 discrimine
2016 3730 2215 3804 faciendum
2234 3731 2308 3803 sibi

674 3888 691 3921 ιι
711 3867 878 3956 putarent
890 3859 958 3955 ipsi
970 3859 1053 3932 boni
1074 3858 1250 3942 consules,
1261 3881 1365 3952 quam
1383 3859 1520 3952 piorum
1534 3880 1636 3952 opem
1650 3858 1791 3944 civium,
1804 3880 1944 3952 quoquo
1959 3856 2038 3929 fieri
2051 3855 2155 3928 modo
2166 3865 2305 3951 posset,

674 4014 691 4046 ι
711 3983 883 4056 adversus
890 3982 1046 4068 hostium
1058 3983 1209 4078 impetus
1227 3983 1484 4077 implorandam
1491 3985 1505 4055 ‘l
1526 3985 1639 4064 Quem
1656 3985 1708 4056 illi
1723 4008 1831 4056 unum
1849 3982 2056 4056 mortalium
2072 3981 2205 4055 vellent
2218 4005 2308 4055 esse

674 4140 691 4172 ιι
711 4117 785 4183 tam
802 4110 982 4194 miserum,
1014 4109 1071 4182 cui
1088 4133 1133 4181 ne
1155 4109 1346 4183 admonere
1363 4097 1504 4205 quidem
1521 4111 1656 4183 vicinos
1683 4109 1727 4183 de
1757 4111 1812 4181 sui
1830 4108 1988 4204 periculo
2016 4109 2141 4202 capitis
2167 4106 2307 4182 liceatl

674 4263 692 4296 ι
713 4234 848 4306 (livium
869 4232 965 4314 fidei,
983 4233 1173 4328 praesidum
1202 4234 1336 4318 tutelae,
1358 4233 1526 4306 Sociosa
1554 4255 1655 4328 rege,
1685 4255 1707 4304 a
1736 4233 1977 4326 gubernatore
2008 4231 2190 4303 cardinale
2220 4255 2307 4306 esse

636 4405 638 4410 -
675 4387 692 4420 ιι
714 4358 997 4442 commendatos;
1026 4358 1110 4453 quid
1126 4357 1237 4451 igitur
1255 4364 1322 4442 est,
1350 4357 1444 4452 quod
1462 4377 1559 4451 aegre
1584 4357 1701 4430 serant
1725 4365 1860 4430 tutores
1878 4357 1946 4440 sui,
1969 4357 2000 4428 si
2027 4355 2083 4429 vel
2101 4380 2164 4452 per
2181 4379 2311 4430 omnes

677 4511 694 4543 ιι
716 4483 878 4567 tinnitus,
909 4483 1070 4555 omnibus
1089 4481 1313 4577 crepitaculis
1339 4504 1361 4553 a
1386 4481 1666 4576 periclitantibus
1697 4482 1924 4553 invocentur-t
1945 4481 2102 4554 Arceant
2120 4481 2306 4577 deinceps,

677 4634 694 4667 ι
715 4605 885 4701 praesides
907 4607 1123 4687 mortalium,
1145 4607 1307 4679 coelestes
1333 4581 1439 4678 (ionii
1465 4604 1946 4701 importunitatem-hostium
1973 4625 1995 4676 a
2018 4603 2178 4698 Collegio
2197 4628 2310 4698 quam

678 4763 695 4795 ι
714 4731 926 4826 longissime
947 4756 954 4802 :
974 4729 1067 4825 quod
1086 4731 1115 4803 si
1134 4729 1267 4826 pariter
1283 4731 1416 4802 malum
1442 4730 1629 4824 ingruerit,
1656 4752 1694 4802 se
1720 4739 1814 4802 certe
1832 4730 1878 4800 ad
1903 4728 2026 4802 eadem
2054 4751 2119 4802 sua
2148 4729 2310 4803 classica

677 4886 694 4918 ιι
715 4856 964 4929 convolaturos
981 4855 1114 4950 pariter
1135 4879 1143 4925 :
1164 4877 1232 4948 quo
1246 4862 1350 4948 pacto
1366 4861 1502 4926 constet
1520 4852 1696 4938 omnibus,
1713 4874 1775 4925 eos
1792 4874 1830 4925 se
1847 4851 1905 4924 hic
1922 4853 2080 4947 hospites
2098 4874 2190 4934 esse,
2211 4877 2307 4948 quos

677 5010 694 5042 ιι
714 4980 828 5074 pietas
849 4978 977 5050 civium
1007 4986 1043 5050 et
1072 4976 1161 5050 fides
1186 4985 1301 5050 sartos
1329 4984 1509 5070 tectosque
1534 4975 1632 5050 velit.
1657 4977 1740 5048 Jam
1770 4977 1862 5070 quod
1888 4975 1936 5047 ad
1960 4975 2129 5049 tumultus
2156 4999 2308 5050 eausam

678 5133 694 5166 ιι
715 5105 855 5186 attinet,
875 5124 920 5174 ne
938 5101 1006 5196 ipsi
1022 5102 1129 5175 etiam
1143 5101 1282 5196 judices
1296 5100 1556 5173 dissimularent
1568 5101 1754 5174 veritatem
1776 5125 1784 5171 :
1804 5100 1989 5173 turbarum
2006 5101 2307 5174 scilicatcausam

677 5259 693 5288 ι
714 5250 783 5299 non
807 5249 905 5298 suam
936 5225 1125 5297 coemeterii
1156 5235 1308 5320 portam,
1341 5247 1453 5320 neque
1483 5224 1683 5296 scholarum
1706 5223 1859 5308 tabulas,
1882 5225 1958 5307 sed,
1986 5225 2080 5319 quod
2106 5247 2163 5298 res
2189 5233 2302 5312 esset,
