4896 6650
681 728 721 793 70
751 826 753 830 Α
1047 748 1322 817 LITUANlCARUM
1344 759 1555 824 SOClETATlS
1576 764 1662 827 lusu
1684 765 1938 832 utsxoutuuuu

685 944 702 975 a
723 917 767 988 ad
784 919 898 994 cibum
916 930 1288 1010 sumendumelectulo
1306 951 1483 1037 surgeret;
1494 948 1540 1019 ad
1555 948 1668 1022 Deum
1680 951 1890 1027 laudandum
1906 965 2104 1052 prostratus
2122 962 2160 1034 in
2172 963 2305 1037 lectulo

684 1069 701 1100 κ
716 1041 863 1135 jaceret.
881 1049 928 1121 Et
945 1055 1108 1145 quoniam
1130 1081 1264 1133 summa
1282 1063 1446 1141 debilitas
1463 1073 1580 1144 omnia
1605 1075 1761 1169 corporis
1793 1080 1951 1153 membra
1977 1084 2089 1178 magis
2118 1087 2305 1182 magisque

686 1193 702 1224 a
724 1165 922 1262 affligebat;
940 1181 1224 1274 operaepretium
1239 1185 1448 1280 judicabant
1467 1195 1606 1284 medici,
1628 1207 1666 1270 ut
1684 1199 1833 1275 subinde
1846 1204 1924 1277 cibo
1945 1206 2178 1288 reficeretur:
2201 1233 2307 1306 quem

684 1321 700 1352 α
722 1304 761 1368 ut
784 1296 872 1371 bene
885 1323 988 1374 mane
1006 1316 1170 1394 sumeret,
1191 1313 1328 1405 quoties
1355 1317 1495 1390 anobis
1523 1322 1728 1414 rogabatur,
1763 1346 1864 1396 suam
1889 1325 1949 1400 ille
1978 1329 2131 1406 vicissim
2157 1332 2306 1406 infelici·

685 1447 701 1478 a
722 1425 831 1492 tatem
853 1424 1057 1518 deplorabat
1079 1436 1195 1527 :quod
1222 1439 1259 1510 in
1276 1461 1340 1543 sua
1357 1441 1463 1535 inque
1490 1451 1562 1516 tum
1588 1468 1774 1520 numerosa
1798 1449 1933 1522 familia
1955 1474 2058 1524 nemo
2086 1452 2308 1528 inveniretur

684 1569 700 1600 α
722 1543 780 1636 qui
797 1545 843 1616 ad
860 1549 1058 1642 recitandas
1075 1579 1198 1650 preces
1225 1561 1282 1634 vel
1299 1562 1345 1634 ad
1375 1564 1493 1637 missae
1512 1553 1723 1641 sacrificium
1740 1570 1930 1658 invitaret;
1951 1574 2014 1646 sed
2041 1599 2176 1659 omnes,
2207 1579 2308 1671 quasi

588 1726 590 1737 .
684 1668 978 1761 «conspiratione
1010 1675 1117 1762 facta,
1142 1680 1258 1754 cibum
1283 1685 1389 1757 istum
1408 1691 1627 1784 corporalem
1650 1694 1902 1784 obtruderent;
1920 1721 2027 1793 seque
2040 1699 2172 1773 vellent
2189 1700 2307 1776 facere

683 1787 931 1879 «helnonem,
954 1797 1043 1870 etin
1061 1824 1102 1874 eo
1120 1826 1292 1878 summam
1309 1815 1562 1907 recuperandae
1590 1816 1802 1894 valetudinis
1829 1845 1907 1896 esse
1934 1824 2159 1896 constitutam
2186 1825 2309 1899 existi-

603 1927 606 1934 ’
685 1945 701 1976 α
723 1929 859 1993 manent
875 1946 883 1992 :
900 1945 938 1996 se
955 1949 1038 1999 vero
1064 1953 1163 2025 spem
1176 1957 1276 2007 suam
1303 1960 1441 2009 ornnem
1467 1961 1539 2011 non
1563 1942 1600 2013 in
1628 1945 1843 2018 medicorum
1860 1947 2008 2032 artibus,
2024 1972 2096 2022 non
2113 1951 2150 2022 in
2168 1951 2309 2025 Galieni

685 2069 701 2100 a
722 2047 919 2139 praeceptis,
941 2071 1005 2122 nec
1018 2051 1054 2124 in
1071 2055 1322 2148 phasianorum
1333 2084 1379 2132 ac
1395 2064 1575 2158 perdicum
1601 2068 1842 2174 cadaveribus,
1864 2073 1977 2146 sedin
1994 2076 2111 2169 gratia
2130 2049 2304 2171 11616111-

684 2193 700 2224 «
722 2189 789 2260 que
814 2169 952 2244 infinita
979 2177 1219 2254 misericordia
1236 2207 1407 2277 reponere
1425 2212 1432 2260 :
1463 2189 1518 2260 cui
1536 2189 1566 2262 si
1578 2191 1734 2284 placeret
1751 2195 1949 2290 longiorem
1966 2200 2075 2270 vitam
2093 2201 2304 2285 concedere,

684 2317 699 2348 κ
721 2291 836 2385 potius
849 2295 885 2365 id
899 2309 993 2372 esset
1010 2324 1028 2372 a
1046 2304 1218 2398 spirituali
1231 2308 1333 2392 cibe,
1355 2311 1415 2403 qui
1444 2310 1481 2383 in
1506 2324 1731 2394 sacrosancto
1761 2318 1880 2392 missae
1898 2321 2070 2395 sacrificio
2088 2333 2307 2419 proponatur

684 2445 701 2475 α
723 2441 828 2512 quam
841 2444 863 2493 a
876 2426 1055 2517 quibusvis
1068 2433 1269 2507 carnalibus
1288 2434 1402 2530 epulis
1428 2438 1698 2530 expectandum.
1728 2441 1787 2514 Sic
1814 2464 1900 2536 ergo
1918 2442 2110 2538 aliquando
2129 2447 2304 2542 contigit:

683 2571 700 2601 a
721 2542 804 2615 dum
817 2552 1004 2626 canonicas
1022 2579 1144 2650 preces
1162 2559 1300 2644 recitat,
1321 2562 1405 2634 dum
1431 2571 1466 2636 et
1483 2565 1600 2636 missae
1618 2564 1787 2637 sacrificio
1813 2565 1927 2651 adest,
1956 2567 2039 2639 dum
2066 2591 2104 2641 se
2128 2570 2309 2644 consuetis
2375 2661 2378 2664 Ι

684 2694 700 2725 ιι
721 2669 794 2740 suis
819 2675 1038 2750 vestibus'in
1064 2681 1124 2756 illo
1152 2687 1308 2781 corporis
1321 2687 1493 2781 languore
1510 2687 1637 2772 induit,
1658 2693 1697 2758 ut
1714 2688 1760 2760 ad
1795 2687 1977 2761 meridiem
2002 2712 2111 2783 usque
2142 2699 2178 2765 et
2213 2693 2309 2766 ultra

682 2818 699 2849 u
718 2795 904 2885 prandium
922 2804 1181 2878 extraheretur.
1203 2808 1378 2882 Caeterum
1395 2809 1440 2881 D.
1462 2809 1510 2881 N.
1533 2807 1725 2904 Gregorius
1751 2809 1927 2894 Pontifex,
1956 2834 2036 2883 cum
2052 2811 2302 2902 intellexisset,

684 2943 701 2973 a
723 2915 878 2991 divinum
892 2923 985 2996 hunc
997 2926 1122 3014 virum,
1140 2953 1242 3025 quem
1256 2934 1301 3004 ab
1315 2934 1392 3027 ipso
1400 2933 1478 3027 jam
1492 2933 1647 3005 Concilio
1661 2933 1867 3006 Tridentino
1880 2935 1918 3006 in
1932 2958 2068 3008 summa
2080 2939 2309 3014 veneratione

686 3065 702 3096 -ι
724 3060 862 3135 semper
886 3045 1022 3133 habuit,
1039 3060 1074 3122 et
1097 3054 1260 3149 cumJam
1278 3066 1372 3130 esset
1386 3057 1547 3130 Pontifex
1565 3059 1780 3151 designatus,
1801 3059 1962 3132 omnibus
1983 3061 2213 3135 humanitatis
2232 3061 2307 3135 offi-

688 3191 705 3221 «
726 3163 789 3236 ciis
817 3189 955 3265 semper
988 3186 1192 3267 prosecutus
1211 3189 1278 3266 est,
1294 3181 1508 3276 majorisque
1524 3180 1784 3255 Poenitentiarii
1800 3206 1943 3256 munere
1958 3186 2152 3272 exornavit,
2174 3189 2311 3263 ineam

514 3310 659 3366 Existima-
688 3315 705 3346 s
726 3295 1171 3385 corporisimbecillitatem
1190 3306 1355 3380 incidisse
1376 3332 1384 3379 :
1405 3306 1500 3379 misit
1517 3331 1536 3380 e
1553 3308 1702 3402 vestigio
1722 3309 1767 3380 D.
1794 3309 1988 3403 Georgium
2005 3310 2178 3383 Ticinium
2195 3335 2312 3386 came·

513 3389 616 3526 ppwpri
634 3392 662 3445 π
689 3441 706 3472 a
727 3417 857 3488 rarium
876 3443 990 3508 suum,
1022 3428 1081 3521 qui
1107 3453 1170 3501 suo
1197 3434 1336 3505 nomine
1358 3442 1541 3528 paternam
1555 3433 1607 3504 illi
1626 3431 1903 3506 benedictionem
1920 3433 2181 3527 impertiretur:
2203 3444 2313 3530 utque

690 3567 707 3596 κ
729 3531 838 3612 totam
856 3544 964 3618 animi
993 3553 1251 3627 contentionem
1276 3565 1378 3650 atque
1410 3581 1511 3629 suurn
1528 3556 1615 3628 illud
1633 3562 1763 3629 acreet
1775 3556 1952 3627 intensum
1967 3555 2122 3629 studium
2136 3558 2182 3629 ad
2200 3565 2309 3632 tuen-

691 3689 707 3720 «
729 3660 811 3734 dam
827 3666 1065 3746 valetudinem
1082 3687 1313 3763 converteret,
1330 3702 1434 3773 quam
1448 3680 1718 3774 diligentissime
1735 3682 1962 3752 hortaretur:
1980 3689 2062 3752 ante
2076 3681 2193 3753 omnia
2207 3703 2307 3764 vero,

690 3812 707 3844 κ
730 3794 767 3859 ut
784 3788 936 3866 Romam
948 3798 1059 3891 primo
1073 3826 1210 3896 quoque
1222 3813 1380 3901 tempore
1396 3805 1548 3890 rediret;
1565 3806 1601 3876 in
1616 3828 1682 3900 qua
1695 3805 1807 3900 major
1821 3811 1915 3877 esset
1927 3805 2044 3876 futura
2058 3825 2176 3875 rerum
2188 3827 2310 3878 neces-

689 3939 706 3970 1
727 3916 901 3990 sarianum
914 3923 1026 4016 copia,
1048 3932 1083 3997 et
1100 3928 1212 4000 omnis
1240 3930 1396 4002 omnium
1413 3931 1627 4005 medicorum
1652 3930 1827 4003 industria
1851 3929 1897 4001 ad
1923 3929 2182 4023 reprimendam
2207 3931 2310 4004 istius

689 4066 706 4098 κ
727 4042 839 4114 morbi
856 4044 1113 4121 vehementiam
1130 4051 1286 4123 converti
1314 4051 1448 4125 facilius
1473 4059 1605 4147 posset,
1621 4075 1686 4126 nec
1712 4052 1819 4124 ullius
1843 4050 2025 4124 medicinae
2042 4050 2192 4124 facultas
2218 4061 2313 4125 osset

690 4193 706 4225 u
726 4165 778 4238 illi
802 4168 986 4258 defutura;
1020 4195 1057 4244 se
1088 4196 1225 4268 quoque
1244 4175 1376 4249 nullam
1401 4178 1620 4250 occasionem
1638 4201 1716 4250 esse
1734 4178 2067 4272 praetermissurum,
2088 4199 2158 4270 qua
2174 4187 2308 4271 posset,

691 4318 707 4350 κ
729 4271 935 4387 quocunque
953 4300 1095 4369 tandem
1114 4297 1218 4369 officii
1234 4308 1340 4394 atque
1353 4302 1492 4396 pietatis
1507 4325 1650 4397 genere,
1667 4304 1831 4377 afflictam
1845 4305 1921 4399 ejus
1939 4303 2176 4377 valetudinem
2194 4307 2310 4378 suble-

692 4443 709 4474 «
730 4438 828 4489 vare.
846 4420 924 4491 Hoc
937 4429 1008 4493 tam
1024 4422 1178 4518 benigno
1197 4424 1380 4496 Pontificis
1399 4427 1535 4512 nuntio,
1556 4433 1661 4520 atque
1682 4425 1751 4497 ista
1777 4426 1881 4520 plano
1908 4434 2056 4522 paterna
2075 4427 2315 4502 sollicitudine

694 4571 710 4602 κ
731 4541 797 4613 fuit
809 4567 879 4614 non
897 4567 1022 4639 parum
1034 4555 1216 4620 recreatus
1234 4549 1444 4634 cardinalis;
1466 4549 1529 4622 sed
1541 4574 1620 4622 curn
1634 4550 1789 4644 dejectas
1804 4574 1882 4623 esse
1899 4575 1941 4623 ac
1954 4559 2150 4646 prostratas
2164 4575 2316 4646 prorsus

693 4692 709 4723 u
731 4687 853 4737 omnes
866 4671 1024 4761 corporis
1038 4671 1094 4741 sui
1107 4672 1201 4744 vires
1215 4673 1374 4757 sentiret,
1391 4673 1525 4744 nullam
1538 4673 1606 4744 sibi
1622 4674 1822 4746 facultatem
1836 4675 2006 4769 reliquam
2020 4698 2099 4748 esse
2116 4675 2313 4770 respondit,

692 4816 709 4848 κ
731 4795 769 4860 ut
783 4813 827 4861 ex
844 4812 899 4875 eo,
917 4791 952 4861 in
971 4815 1039 4886 quo
1057 4795 1235 4882 manebat,
1254 4795 1331 4868 loco
1350 4797 1473 4891 pedem
1487 4805 1607 4892 posset
1620 4797 1746 4870 efferre
1763 4823 1770 4869 :
1791 4806 1864 4870 tum
1878 4805 1913 4870 61
1927 4799 2041 4894 ipsum
2058 4799 2143 4870 anni
2159 4805 2313 4893 tempus,

692 4941 709 4973 a
731 4936 799 5007 quo
830 4915 945 4985 minus
975 4915 1022 4988 ad
1053 4917 1174 4990 urbem
1204 4920 1373 4993 accedere
1391 4921 1525 5006 liceret,
1547 4928 1582 4993 et
1599 4945 1705 4995 sanos
1723 4929 1758 4994 61
1775 4922 1932 4994 infirmos
1956 4922 2182 4996 vehementer
2200 4922 2316 4996 deter-

692 5066 708 5097 a
730 5060 821 5110 1616.
846 5038 949 5117 Quod
975 5040 1021 5111 ad
1046 5041 1200 5136 reliquas
1227 5045 1490 5116 commoditates
1517 5052 1552 5116 ot
1581 5046 1693 5116 victus
1712 5053 1746 5116 et
1764 5045 2013 5117 medicinarum
2033 5047 2318 5140 opportunitates

693 5192 709 5222 a
731 5164 870 5247 attinet,
891 5186 930 5235 se
955 5166 992 5236 in
1022 5165 1139 5238 inedia
1170 5168 1274 5261 plano
1302 5169 1387 5242 urbe
1415 5171 1559 5242 versari.
1586 5171 1677 5244 Nam
1705 5171 1825 5242 llhuus
1845 5171 1885 5242 D.
1909 5171 2099 5243 cardinalis
2122 5171 2319 5244 Farnesius
