4948 6654
667 791 730 856 220
1056 782 1331 846 LlTUANlCrlRUll
1354 773 1567 840 socidanus
1588 771 1675 831 lusu
1696 767 1950 829 HlSTCRlARUM

669 971 894 1069 provincialis
910 967 1178 1042 administravit.
1207 965 1345 1058 Magna
1374 955 1562 1055 prudentia
1580 961 1615 1026 ot
1633 951 1807 1025 charitate
1825 950 1862 1023 in
1880 950 2002 1024 officiis
2021 950 2181 1023 omnibus
2200 973 2292 1046 prae·

668 1094 759 1166 luxit
771 1094 898 1167 Sociis
920 1090 1015 1186 Regi
1032 1085 1260 1183 sigismundo
1274 1093 1310 1158 et
1331 1084 1468 1180 reginae
1494 1076 1712 1152 Constantiae
1738 1074 1784 1148 ad
1814 1097 1936 1147 sacras
1963 1072 2201 1146 consessiones
2218 1074 2295 1146 ani-

669 1241 806 1290 morum
823 1217 956 1289 arbiter
981 1223 1017 1286 et
1042 1212 1207 1297 monitor,
1241 1208 1334 1280 aulae
1358 1205 1498 1302 pietatis
1517 1201 1723 1275 christianae
1753 1200 1935 1294 magister,
1965 1198 2050 1294 quin
2075 1197 2161 1292 ipsis
2188 1197 2296 1271 etiam

620 1325 623 1331 λ
669 1340 847 1414 haereticis
873 1338 1025 1422 lesuita,
1046 1343 1190 1431 propter
1217 1333 1416 1406 comitatem
1442 1336 1478 1402 et
1511 1324 1793 1406 sanctimoniam,
1814 1323 1879 1395 suit
1901 1345 2071 1418 perquam
2085 1344 2202 1394 carus,
2223 1321 2298 1392 No-

668 1488 748 1537 vem
766 1487 872 1560 prope
891 1485 1002 1535 annos
1020 1462 1056 1532 in
1075 1458 1155 1532 aula
1173 1462 1356 1552 exegerat.
1392 1449 1627 1524 Moscovitico
1660 1447 1753 1521 bello
1785 1455 1925 1520 secutus
1951 1447 1998 1520 ad
2028 1455 2142 1519 castra
2159 1468 2296 1540 regem,

669 1590 752 1662 dum
769 1588 864 1684 apud
882 1587 1161 1661 Smolenscurne
1187 1591 1292 1677 gente
1319 1578 1522 1675 germanica
1551 1575 1693 1656 milites,
1728 1573 1945 1668 contagiosis
1969 1571 2119 1646 afflictos
2148 1571 2296 1656 morbis,

585 1737 591 1744 ⁵
668 1711 825 1786 medicus
843 1711 1039 1782 animorum
1053 1715 1165 1791 curat,
1183 1704 1307 1777 eodem
1329 1712 1512 1799 correptus
1525 1699 1632 1794 malo,
1654 1699 1828 1771 occumbit
1845 1699 1898 1771 Ill
1913 1698 2055 1770 kalend.
2075 1697 2295 1782 decembres

668 1858 762 1908 auno
780 1833 897 1907 aetatis
915 1832 982 1904 LX
999 1831 1082 1903 uitae
1099 1830 1135 1900 in
1150 1827 1327 1901 Societate
1354 1825 1532 1920 religiosae
1559 1821 1756 1905 XXXVII,
1777 1843 1905 1915 magno
1920 1821 2015 1914 regis
2037 1827 2072 1892 et
2089 1819 2303 1892 militarium

598 2049 600 2053 0
668 1982 852 2055 procerum
871 1955 1005 2028 dolore.
1030 1954 1192 2048 Corpusj
1197 1975 1280 2024 ussu
1299 1948 1465 2046 principis
1482 1946 1639 2028 Vilnam,
1658 1944 1723 2017 XC
1741 1945 1951 2016 milliaribus
1977 1943 2076 2016 illinc
2089 1943 2298 2026 distantem,

617 2097 622 2105 '
675 2084 826 2156 ttransla
811 2089 898 2168 t,um
916 2081 951 2153 in
965 2078 1151 2175 sepulchro
1171 2077 1353 2151 Sociorum
1370 2071 1488 2146 condit
1474 2079 1559 2142 t.nm

499 2241 649 2314 aeginan-
725 2212 781 2283 Ab
800 2208 956 2303 exequiis
974 2205 1170 2300 Collegium
1197 2204 1279 2276 visit
1305 2202 1442 2296 regina.
1465 2199 1533 2271 Hic
1551 2219 1619 2291 quo
1638 2193 1855 2266 familiariter
1882 2215 1982 2265 suam
2003 2200 2085 2264 nost
2085 2193 2135 2266 ris
2070 2191 2306 2265 t-benevo

499 2323 650 2380 sicconem
678 2331 761 2405 lent'
738 2342 822 2405 tram
841 2331 1028 2428 probaret;
1047 2329 1083 2400 in
1102 2350 1181 2401 eam
1206 2351 1246 2398 se
1275 2324 1449 2397 humilitat
1435 2333 1506 2395 tem
1524 2318 1710 2402 summisit,
1741 2325 1779 2388 ut
1804 2325 1878 2388 tum
1905 2319 1940 2388 in
1968 2316 2135 2390 aediculas
2161 2325 2240 2390 nest
2242 2341 2306 2390 ras

499 2403 623 2588 {illaad}
676 2481 884 2553 Pauperum,
906 2463 980 2527 turn
998 2456 1033 2525 irr
1052 2452 1326 2526 coenaculumt
1290 2476 1310 2524 e
1312 2453 1395 2525 tiam
1418 2452 1640 2546 culinamque
1671 2448 1912 2520 descenderit·
1905 2448 2082 2543 r,ogarit
2083 2473 2151 2543 que
2179 2449 2306 2522 huma·

499 2597 592 2652 missio
624 2596 653 2648 ιι
679 2581 782 2663 niter,
815 2603 859 2652 ex
889 2601 931 2650 ea
956 2576 1134 2672 jusculum
1166 2576 1234 2646 sibi
1252 2575 1371 2648 afferri
1390 2574 1552 2671 aliquod;
1578 2573 1679 2668 qnasi
1696 2575 1774 2667 jent
1760 2572 1871 2658 tandi,
1901 2573 2095 2665 eademque
2119 2573 2309 2647 occasione

677 2702 901 2826 experiendae
919 2700 1235 2795 archimagirornm
1253 2723 1317 2770 nos
1320 2705 1391 2770 ttra
1392 2698 1464 2769 ium
1489 2698 1637 2771 indust
1593 2705 1673 2772 trrae
1698 2723 1820 2772 causa
1842 2700 1948 2772 Oblat
1933 2707 2007 2772 tum
2027 2700 2120 2772 bona
2138 2702 2309 2797 princeps

573 2853 576 2866 ·
675 2819 793 2901 animo
813 2825 948 2920 accepit
965 2831 1065 2918 grato
1088 2845 1131 2894 ac
1147 2845 1212 2916 pro
1226 2845 1290 2894 nec
1294 2829 1380 2907 t,are
1401 2821 1531 2894 ibidem
1549 2823 1745 2895 consistens
1767 2823 1928 2918 pedibus,
1950 2825 2125 2897 exhausit.
2145 2825 2204 2897 Sic
2217 2847 2308 2920 epu·

676 2954 745 3024 lata
764 2952 858 3046 apud
872 2970 1060 3044 pauperes,
1080 2947 1254 3040 reliquum
1273 2946 1366 3018 diem
1387 2947 1488 3040 quasi
1515 2946 1725 3020 luculentius
1743 2948 1920 3031 habitura,
1935 2947 1996 3040 jus
2015 2947 2108 3018 idern
2140 2971 2160 3019 e
2184 2947 2310 3021 culina

676 3074 837 3168 Collegii,
849 3080 884 3144 et
902 3072 932 3144 si
952 3071 1035 3166 quid
1054 3079 1148 3142 esset
1166 3078 1295 3164 praeter
1308 3069 1358 3152 id,
1375 3068 1495 3164 colligi
1513 3077 1619 3165 atque
1637 3070 1672 3141 in
1691 3071 1831 3165 regium
1850 3093 1951 3141 suum
1970 3069 2201 3154 coenaculum,
2218 3094 2310 3145 suas

671 3217 760 3273 uero
778 3199 822 3271 de
840 3218 962 3270 mensa
987 3195 1088 3289 regia
1107 3194 1262 3266 vicissim
1292 3193 1401 3289 dapes
1429 3193 1570 3265 domum
1588 3203 1744 3267 nostram
1763 3195 1947 3267 transferri
1962 3195 2076 3289 jubet.
2097 3196 2309 3291 Nunquam,

502 2679 624 2749 benigni·

499 2764 550 2815 tus.

676 3323 919 3404 credebamus,
938 3341 1049 3414 neque
1067 3319 1162 3412 apud
1176 3341 1239 3390 nos
1253 3341 1366 3411 neque
1379 3317 1474 3413 apud
1492 3319 1666 3413 principes
1685 3330 1836 3402 nostros,
1853 3341 1958 3412 quam
1976 3341 2018 3390 eo
2036 3319 2106 3402 die,
2128 3327 2313 3392 coenatum

503 3474 616 3528 Domum
673 3447 931 3545 jucundiust
900 3445 955 3516 Ita
980 3442 1177 3536 Collegium
1208 3441 1344 3535 dignati
1369 3443 1557 3538 principes,
1579 3443 1649 3514 alio
1673 3443 1755 3516 inde
1774 3442 1831 3516 die
1849 3443 2087 3537 professorum
2106 3451 2314 3516 nostrorum

502 3555 655 3684 mesfat
680 3577 820 3648 domum
826 3568 1032 3662 ,aedemque
1046 3566 1119 3636 divi
1136 3566 1299 3638 Casimiri
1312 3567 1452 3639 nomine
1466 3566 1781 3639 consecrandam
1747 3591 1842 3661 ‚Jam
1857 3567 1948 3638 hanc
1967 3589 2074 3661 prope
2092 3567 2312 3654 absolutam,

502 3707 597 3775 regins
616 3704 655 3758 vi·
680 3702 812 3772 visunt.
787 3693 1021 3768 tlnferiores
1040 3690 1308 3785 superioresque
1325 3690 1466 3764 aedificii
1481 3701 1613 3786 partes,
1634 3691 1804 3785 gradibus
1818 3691 1991 3786 scalisque
2006 3693 2148 3775 sublati,
2169 3693 2317 3769 curiose

501 3788 575 3840 sunt.
682 3822 911 3922 perlustrant.
933 3812 1153 3888 Perficiendo
1172 3823 1207 3886 et
1224 3814 1428 3886 exornando
1447 3817 1544 3910 operi
1570 3815 1672 3910 plura
1697 3839 1877 3888 nummum
1904 3816 2015 3888 millia
2041 3815 2086 3889 de
2111 3815 2196 3888 fisco
2217 3821 2317 3892 assi-

680 3953 802 4046 gnant.
821 3944 875 4016 Ea
891 3949 992 4013 tanta
1005 3937 1225 4032 benignitate
1244 3939 1439 4034 principum
1456 3964 1525 4011 non
1540 3940 1600 4012 diu
1615 3939 1842 4012 Vilneusibus
1861 3942 1993 4013 nostris
2007 3942 2076 4014 frui
2089 3940 2201 4014 licuit.

503 4047 631 4184 30003ῐο.
623 4129 652 4182 in
727 4069 845 4144 Armis
864 4066 1016 4138 Livones
1034 4063 1185 4134 vexabat
1203 4061 1351 4134 Carolus
1375 4065 1446 4136 dux
1463 4065 1772 4145 SudermannuS,
1757 4087 1902 4160 Jamque
1916 4088 2016 4140 arces
2039 4075 2074 4138 et
2094 4067 2199 4140 urbes
2217 4090 2319 4162 prae-

502 4209 614 4262 Livonia
680 4195 802 4290 cipuas
820 4196 1020 4290 occuparat
995 4187 1179 4259 tExcivit
1191 4184 1228 4255 rd
1164 4185 1569 4280 Sigismundum
1537 4188 1627 4260 Itum
1646 4191 1796 4262 obviam.
1815 4191 2010 4264 Commissa
2024 4213 2154 4285 saeprus
2168 4193 2317 4287 praelia

501 4287 597 4342 ’Μ
680 4321 753 4392 Fra
754 4324 878 4401 ct,tus
880 4322 1006 4407 utaque
1030 4311 1180 4385 Livonia
1198 4317 1286 4405 eJec
1288 4335 1329 4382 us
1274 4311 1438 4382 hos
1412 4320 1489 4383 rs
1520 4314 1759 4386 manifestoid
1780 4339 1944 4411 superum
1963 4313 2106 4400 favore;
2127 4340 2214 4410 quos
2228 4341 2320 4413 prus

679 4467 755 4527 rex,
778 4461 990 4532 suorumque
1004 4436 1075 4508 dux
1088 4435 1303 4509 exercituum
1321 4435 1480 4509 loannes
1507 4438 1653 4510 Carolus
1668 4439 1931 4524 Chodlriewicz,
1953 4441 2055 4512 bonis
2071 4441 2144 4513 suis
2157 4441 2316 4529 meritis

678 4576 714 4639 et
739 4564 858 4661 populi
877 4561 1189 4658 supplicationibus
1203 4559 1392 4632 conciliare
1411 4561 1622 4646 studuerint.
1654 4563 1886 4636 Observatum
1905 4572 1972 4649 est,
2002 4587 2123 4638 versos
2137 4565 2174 4637 in
2188 4565 2321 4660 fugam

677 4691 786 4764 fuisse
800 4713 842 4762 eo
860 4689 937 4783 ipso
952 4687 1009 4760 die
1027 4688 1161 4770 hostes,
1183 4708 1251 4779 quo
1269 4687 1315 4757 ab
1333 4687 1428 4757 omni
1443 4687 1605 4760 Vilneusi
1623 4689 1766 4762 civitate
1780 4699 1815 4762 et
1829 4691 2006 4784 frequenti
2025 4691 2156 4786 populo
2179 4691 2322 4787 suppli-

503 4868 608 4924 salom
610 4823 732 4922 mcat
735 4839 792 4886 um
809 4811 1014 4907 impensius
1039 4809 1106 4881 ln
1097 4809 1184 4905 ipsis
1200 4809 1307 4882 etiam
1320 4819 1395 4881 cast
1397 4809 1446 4880 ris
1464 4820 1587 4906 perpet
1590 4835 1645 4896 ua,
1666 4813 1740 4884 mili
1742 4813 1883 4886 tibus
1850 4812 2005 4886 vicissim
2020 4813 2317 4902 succedentibus,

502 4953 529 5006 in
554 4949 648 5006 castris
675 4962 738 5036 per
755 4945 892 5032 tempus
915 4934 1000 5007 belli
1014 4933 1080 5005 suit
1067 4940 1298 5028 ttcompreca
1299 4934 1352 5019 io;
1377 4933 1425 5005 ad
1446 4958 1551 5028 quam
1569 4937 1745 5031 praeibant
1731 4937 1877 5009 ttathor
1825 4944 1959 5010 tatores
1978 4937 2088 5024 Socii,
2107 4947 2322 5014 castrenses

503 5034 630 5103 οὔκω
674 5061 786 5134 nostri
805 5057 972 5155 operarii.
994 5055 1103 5129 Nullo
1122 5056 1172 5127 illi
1190 5057 1266 5128 loco
1293 5058 1366 5130 suis
1386 5057 1527 5133 defuere
1554 5060 1690 5134 officiis.
1721 5037 1820 5146 llli,
1811 5087 1845 5132 ιιι
1866 5061 1941 5156 ipso
1961 5083 1980 5133 e
1982 5061 2067 5132 tiam
2095 5062 2312 5156 praeliorum

674 5195 778 5268 aestu,
811 5207 855 5258 ex
889 5183 966 5256 acie
1002 5182 1128 5264 media,
1158 5183 1297 5255 saucios
1323 5183 1396 5255 suis
1422 5192 1609 5275 exportare
1642 5185 1798 5259 humeris
1829 5211 1836 5256 :
1869 5185 2112 5280 perculsorum
2141 5189 2318 5284 excipere
