4896 6650
655 831 696 906 78
1024 840 1301 905 Ll'l'llleCllllUbl
1323 837 1539 906 soctuutuls
1558 845 1645 910 Jusu
1667 847 1921 914 fflsroultttuu

482 1031 547 1088 1110
655 1045 672 1080 s
693 1018 854 1108 defixam,
870 1021 982 1097 affero
999 1021 1048 1096 ad
1062 1027 1123 1098 te:
1146 1025 1225 1097 haec
1237 1031 1291 1098 est
1309 1023 1451 1120 justitia
1463 1045 1556 1110 mea,
1576 1020 1769 1096 satisfactio
1782 1044 1873 1111 mea,
1890 1023 2083 1124 redemptio
2110 1036 2284 1131 0100001-

654 1169 671 1204 0
691 1146 791 1222 110110
805 1165 897 1234 mea,
918 1149 1081 1222 meritum
1099 1172 1230 1235 meum,
1251 1157 1305 1224 001
1317 1173 1411 1223 mors
1425 1148 1566 1223 Domini
1595 1147 1674 1221 mei.
1692 1148 1776 1222 Non
1793 1173 1871 1223 snm
1898 1151 2001 1248 inops
2026 1156 2158 1244 meriti,
2174 1181 2283 1254 quam

654 1294 670 1329 ι
692 1261 752 1342 dtu
773 1271 1038 1345 miserationum
1055 1272 1228 1347 Dominus
1243 1297 1314 1346 non
1333 1272 1496 1348 defuerit.
1519 1274 1565 1346 Et
1586 1272 1616 1346 si
1638 1273 1760 1346 multae
1774 1282 1856 1348 sunt
1868 1275 2120 1354 misericordia
2138 1283 2282 1356 Domini

653 1423 670 1453 κ
690 1395 771 1479 mei,
799 1397 930 1470 multus
958 1419 1025 1492 ego
1051 1422 1129 1471 sum
1158 1399 1195 1472 in
1226 1398 1362 1472 meritis
1387 1399 1485 1472 meis.
1520 1398 1660 1480 Quanto
1685 1395 1864 1493 potentior
1887 1399 1949 1486 1110
1979 1403 2026 1476 ad
2052 1405 2277 1496 salvandum,

653 1553 669 1584 a
689 1529 786 1598 tanto
816 1547 882 1620 ego
914 1525 1080 1600 securior.

699 1677 715 1709 u
736 1649 845 1723 Vides
859 1649 980 1746 igitur,
1002 1649 1272 1748 clementissime
1298 1646 1421 1729 Pater,
1439 1641 1565 1738 quibus
1590 1645 1725 1718 meritis
1752 1652 1898 1720 onustus
1916 1649 1959 1722 ad
1987 1657 2023 1724 te
2040 1652 2181 1730 veniam
2201 1681 2210 1730 ε
2231 1657 2278 1731 110

652 1799 668 1832 ⁸
689 1772 866 1861 nimirum,
887 1775 1012 1870 quibus
1028 1797 1162 1869 negare
1178 1774 1267 1846 nihil
1283 1783 1404 1889 potes..
1420 1776 1533 1855 Quam
1555 1775 1601 1846 ob
1618 1798 1693 1849 rem
1711 1798 1918 1874 quocunque
1934 1786 2095 1877 tempore
2111 1795 2275 1881 repetere

654 1924 670 1955 e
686 1896 751 1969 tibi
766 1898 881 1972 visum
897 1898 1017 1982 fuerit,
1044 1897 1165 1995 accipe
1198 1900 1309 2007 Pater
1334 1900 1501 1984 coelestis,
1521 1899 1640 1994 accipe
1665 1901 1826 1998 spiritum
1850 1927 1980 1991 meum,
2000 1928 2072 1980 non
2100 1912 2275 2008 corrupti·

691 2017 821 2095 bilibus
851 2045 938 2096 auro
960 2029 997 2096 et
1013 2030 1176 2117 argento,
1193 2021 1255 2096 sed
1271 2026 1426 2118 pretioso
1444 2023 1526 2097 Filii
1543 2023 1596 2096 tui
1613 2026 1787 2120 sanguine
1804 2026 2034 2125 redemptum.
2054 2032 2097 2104 In
2109 2033 2177 2108 hoc
2194 2056 2274 2131 pre·

654 2174 671 2207 a
690 2144 779 2218 tium
797 2145 955 2242 respice;
971 2154 1115 2243 propter
1130 2147 1196 2220 hoc
1220 2149 1373 2242 pretium
1390 2171 1468 2221 esse
1493 2170 1550 2221 me
1568 2147 1719 2244 dignum
1730 2151 1930 2247 pronuntia,
1957 2177 2062 2250 quem
2078 2157 2172 2233 inter
2189 2182 2276 2236 oves

654 2297 670 2330 κ
689 2274 770 2341 tuas
795 2290 819 2341 a
834 2268 967 2344 dextris
984 2267 1147 2356 colloces,
1168 2277 1204 2344 et
1229 2294 1397 2345 unacum
1415 2270 2182 2370 011100100110101000001010001110000000ιο
2207 2305 2273 2358 au-

650 2421 667 2454 «
688 2391 763 2468 dire
779 2393 914 2468 facias:
935 2394 1063 2468 Venite
1092 2395 1266 2468 benedicti
1292 2397 1410 2470 Patris
1435 2397 1518 2483 mei,
1546 2397 1723 2492 possidete
1753 2406 1918 2494 paratum
1950 2401 2050 2476 vobis
2077 2428 2228 2503 regnum
2256 2433 2281 2482 a

650 2516 936 2604 «constitutione
960 2517 1092 2590 mundi.
1117 2518 1219 2599 Quod
1234 2526 1273 2591 01
1283 2541 1494 2616 consequar,
1518 2519 1642 2592 Beatae
1658 2521 1817 2618 Virginis
1833 2524 1959 2598 Mariae
1986 2547 2026 2599 ac
2050 2527 2275 2618 Sanctorum,

650 2672 667 2705 α
689 2645 749 2740 qui
765 2633 823 2717 vel
836 2645 873 2716 in
885 2644 975 2717 coelo
993 2668 1072 2717 cum
1086 2645 1225 2718 Christo
1236 2647 1312 2741 jam
1332 2647 1563 2742 triumphant,
1578 2644 1637 2718 vel
1653 2645 1690 2718 in
1708 2647 1776 2721 hac
1791 2645 2026 2744 lacrymarum
2047 2649 2141 2724 valle
2153 2652 2274 2726 nobis·
2371 2661 2374 2668 ’

650 2807 666 2838 ι
687 2797 767 2847 cum
784 2773 900 2848 adhuc
926 2773 1088 2860 militant,
1116 2775 1279 2870 precibus
1307 2773 1596 2868 10ᾓο0001000.
1625 2770 1756 2865 Spiritu
1784 2793 1862 2844 meo
1892 2773 1993 2846 Patri
2028 2797 2107 2848 meo
2134 2776 2274 2850 coelesti

648 2924 665 2957 a
686 2897 945 2983 commendato,
981 2896 1074 2991 quod
1103 2895 1323 2984 circumfero,
1351 2919 1479 2992 corpus
1507 2897 1630 3002 mortis
1655 2894 1773 2992 hujus,
1803 2895 1898 2970 unde
1928 2897 2071 2992 prodiit,
2103 2900 2268 2974 mandari

647 3049 663 3081 u
685 3027 791 3094 terres
818 3020 922 3107 volo;
954 3019 984 3093 si
1009 3042 1089 3092 cum
1107 3020 1144 3092 in
1160 3041 1239 3093 mea
1264 3019 1409 3094 dioecesi
1425 3021 1537 3104 fuero,
1558 3043 1614 3092 me
1636 3017 1824 3113 contigerit
1841 3025 2012 3093 aeternam
2030 3021 2129 3095 illam
2152 3023 2188 3094 in
2207 3023 2270 3096 do-

647 3172 663 3205 «
684 3167 780 3218 mum
811 3167 855 3218 ex
885 3145 990 3240 hujus
1021 3143 1104 3217 vitae
1133 3144 1326 3217 diversorio
1361 3143 1528 3239 migrare,
1560 3142 1803 3237 Brunsbergae
1833 3143 2026 3239 sepeliatur
2058 3147 2096 3218 in
2130 3146 2264 3243 templo

647 3297 664 3330 κ
690 3268 876 3344 societatis
901 3269 989 3341 Jesu
1011 3293 1019 3340 :
1040 3269 1096 3341 010
1120 3275 1237 3342 autem
1260 3275 1360 3342 extra
1385 3266 1577 3351 dioecesim,
1598 3268 1635 3339 in
1662 3291 1705 3341 00
1740 3267 1832 3363 quod
1862 3269 2062 3362 proximum
2094 3270 2266 3367 templum

647 3422 664 3456 a
686 3394 793 3468 luerit
809 3393 925 3492 (modo
954 3393 1001 3468 sit
1024 3393 1258 3492 catholicum),
1275 3394 1351 3466 0100
1382 3415 1512 3488 pompa
1539 3391 1692 3486 quidem,
1718 3391 1781 3464 sed
1807 3412 1878 3462 non
1908 3392 1985 3466 sine
2008 3393 2117 3490 justis
2154 3401 2272 3468 temen

686 3517 857 3594 Ecclesiae
874 3519 1214 3606 caeremoniis,terrae
1227 3519 1425 3591 mandetur.
1446 3516 1654 3590 Vestiantur
1669 3538 1845 3611 pauperes
1866 3540 1874 3588 :
1896 3517 1999 3590 detur
2017 3519 2262 3617 eleemosyna:

644 3672 661 3706 a
681 3649 718 3718 et
729 3643 786 3719 bis
812 3650 848 3717 01
863 3643 1118 3729 sacerdotibus,
1138 3644 1197 3739 qui
1219 3641 1394 3738 prosecuti
1412 3641 1516 3714 finnus
1542 3640 1684 3714 luerint.
1713 3639 1887 3719 Quoniam
1912 3661 1997 3714 vero
2039 3643 2133 3737 quod
2161 3643 2272 3716 habui

645 3764 943 3862 «patrimonium,
970 3766 1106 3863 pridem
1129 3768 1279 3840 Domino
1306 3768 1329 3842 J
1333 3765 1439 3839 oanni
1458 3765 1583 3849 Hosio,
1610 3763 1712 3836 fratri
1729 3786 1820 3847 meo,
1841 3770 1927 3836 0010
1954 3765 2147 3858 grandiori,
2175 3768 2267 3841 cessi

645 3919 661 3952 a
682 3891 799 3988 (quam
825 3893 1019 3966 cessionem
1036 3893 1141 3966 etiam
1160 3899 1254 3966 nuno
1279 3898 1393 3964 ratam
1413 3887 1538 3982 habeo)
1556 3885 1692 3960 nullum
1712 3893 1753 3958 01
1770 3886 1856 3958 mihi
1882 3888 2037 3981 supersit
2047 3890 2139 3986 jam,
2160 3914 2268 3987 quam

645 4045 661 4078 κ
683 4015 814 4091 Christi
831 4016 1106 4113 patrimonium:
1132 4015 1298 4112 quidquid
1324 4038 1368 4090 ex
1390 4014 1452 4088 ille
1473 4034 1583 4110 penes
1607 4033 1662 4082 me
1685 4018 1750 4096 est,
1776 4011 1871 4106 quod
1888 4011 1991 4085 valde
2010 4014 2178 4109 exiguum
2195 4024 2264 4102 est,

642 4171 659 4201 «ι
679 4164 751 4216 000
764 4141 855 4216 alios
872 4142 949 4238 ejus
964 4140 1126 4216 haeredes
1145 4141 1380 4216 instituendos
1398 4160 1477 4213 0000
1503 4136 1600 4221 duxi,
1620 4126 1725 4230 qua'm
1748 4134 1796 4209 N.
1812 4142 1848 4208 01
1861 4135 1908 4207 Ν.
1934 4136 2011 4209 Hos
2025 4138 2144 4224 etiam,
2167 4149 2206 4213 01
2228 4141 2267 4214 10

645 4297 661 4329 α
681 4269 844 4366 precibus
875 4277 911 4342 et
936 4267 1117 4341 sacrificiis
1142 4267 1215 4340 suis
1238 4265 1309 4341 mei
1346 4284 1519 4339 memores
1552 4281 1632 4334 0000
1663 4259 1785 4345 velint,
1818 4281 1930 4354 rogo;
1965 4285 2033 4356 quo
2063 4265 2197 4358 possim
2223 4266 2263 4338 in

643 4421 660 4454 a
680 4399 836 4466 extremo
854 4391 911 4466 die
936 4414 1015 4465 meo
1036 4391 1226 4488 propitium
1243 4390 1375 4464 babere
1399 4390 1527 4474 Deum,
1554 4382 1760 4479 suppliciter
1789 4383 2067 4458 misericordiam
2094 4387 2171 4482 ejus
2200 4389 2267 4462 im·
2413 4435 2414 4440 =

640 4514 827 4612 00100001.
856 4515 945 4588 Haec
962 4515 1086 4611 scripsi
1101 4537 1209 4588 manu
1234 4537 1314 4589 mea
1323 4515 1369 4588 'in
1384 4510 1554 4587 Ecclesia
1578 4529 1669 4582 mere
1693 4505 1818 4581 Castro
1845 4506 2126 4604 Heilsbergensi,
2145 4512 2266 4585 Domi·

642 4667 658 4700 u
680 4639 760 4713 nica
773 4638 1055 4733 Septuagesima,
1075 4649 1168 4711 anno
1183 4638 1324 4712 Domini
1344 4638 1449 4714 1569.
1470 4672 1487 4705 n

686 4765 729 4837 10
755 4763 915 4858 collegio
939 4762 1046 4858 hujus
1068 4761 1118 4856 pii
1149 4764 1306 4858 parentis
1336 4764 1589 4857 Brunsbergao,
1615 4754 1718 4828 annis
1748 4754 1989 4847 superioribus
2012 4764 2158 4832 strenue
2186 4779 2266 4830 ver·

518 4912 560 4966 to.
637 4899 749 4978 00100,
765 4891 946 4964 laboribus
960 4892 1103 4965 tandem
1115 4891 1222 4966 finem
1238 4892 1320 4967 fecit
1333 4889 1482 4964 Louanii
1495 4889 1537 4962 P.
1550 4888 1573 4963 J
1576 4909 1710 4962 oannes
1722 4887 1897 4962 Astensis.
1917 4888 2125 4986 Antverpiae
2140 4898 2266 4985 pastor

465 4990 613 5128 ‚zm
639 5030 731 5107 ante,
752 5021 880 5095 deinde
905 5018 1078 5113 Neomagi
1100 5017 1147 5091 ad
1175 5019 1288 5094 eedem
1309 5016 1514 5116 primariam
1531 5012 1697 5097 decanus,
1718 5011 1887 5086 societati
1908 4993 2127 5088 00001563
2157 5014 2264 5088 11010-

637 5147 707 5224 niae
737 5171 866 5222 nomen
889 5148 997 5221 dedit.
1018 5146 1229 5243 Eloquentia
1246 5145 1285 5220 in
1310 5144 1534 5220 concionibus
1546 5141 1688 5215 valebat
1715 5139 1914 5234 plurimum.
1933 5139 2263 5237 Brunsbergen'sem

637 5273 814 5349 civitatem
831 5272 898 5347 snb
926 5272 1001 5368 ipsa
1021 5271 1170 5369 collegii
1193 5270 1388 5368 primordia
1405 5269 1568 5346 excoluit.
1599 5269 1765 5366 Elbingee
1791 5269 1975 5364 religionis
2005 5291 2114 5344 causa
2134 5291 2263 5365 passus
