4936 6658
669 821 796 936 ¹crem
821 873 983 936 necinus
1008 874 1218 954 (roso-reor).
1746 879 1807 945 soa

182 1058 398 1155 appellabat.
420 1059 539 1142 Qualis
552 1060 715 1136 videlicet
727 1063 792 1136 fuit
809 1086 887 1137 cum
900 1047 1119 1159 praediceret,
1136 1063 1241 1157 idque
1253 1085 1324 1134 non
1343 1084 1387 1135 ex
1404 1063 1605 1160 conjectura
1619 1068 1654 1137 ct
1687 1051 1805 1138 alieno
1832 1079 1897 1135 1653

182 1189 356 1280 tempore,
373 1187 600 1262 Vincentium
619 1189 774 1278 Caralis,
793 1198 877 1263 tunc
895 1189 1063 1285 temporis
1078 1190 1114 1261 in
1132 1187 1279 1286 privatis
1298 1187 1421 1261 officiis
1439 1189 1625 1285 degentem
1643 1189 1804 1285 Neapoli,
1832 1173 1958 1310 ἔξω

183 1306 340 1384 futurum
372 1314 580 1408 magistrum
607 1315 792 1391 Societatis
819 1315 1022 1410 generalem
1045 1339 1053 1385 :
1074 1314 1158 1386 huic
1176 1313 1405 1388 Franciscum
1424 1315 1714 1390 Picoolomininm
1732 1340 1809 1391 suc·

184 1457 389 1524 cessurum;
409 1445 472 1512 aut
489 1463 568 1512 cum
580 1439 697 1512 Vilnae
724 1440 803 1536 regi
822 1440 1049 1536 sigismundo
1069 1439 1136 1523 ΙΙΙ,
1159 1437 1202 1513 de
1218 1437 1360 1512 fortuna
1380 1440 1464 1512 belli
1491 1447 1613 1514 contra
1635 1441 1811 1514 Mosoovi-

183 1569 241 1634 tas
259 1563 296 1634 in
310 1562 446 1636 Russia
464 1563 616 1660 suscepti
647 1563 809 1651 sollicite,
830 1565 874 1638 de
886 1565 1034 1638 victoria
1057 1563 1299 1661 gratularetur
1312 1573 1420 1652 certa,
1441 1566 1508 1639 hoc
1525 1567 1601 1662 ipso
1619 1573 1722 1663 parta
1739 1566 1810 1653 die;

185 1710 256 1783 quo
273 1699 369 1763 certe
397 1689 541 1762 nuntius
565 1689 618 1762 rei
647 1695 760 1785 gestae
783 1695 858 1762 tam
888 1689 958 1762 cito
977 1711 996 1760 a
1014 1688 1139 1762 castris
1171 1686 1313 1762 Vilnam
1330 1689 1451 1764 alierri
1467 1713 1539 1763 non
1563 1696 1694 1787 posset.
1730 1689 1812 1762 Jam

187 1811 316 1887 deinde
333 1837 472 1899 vereor,
488 1821 528 1887 ut
544 1814 623 1887 haec
641 1821 676 1888 et
689 1814 770 1901 alia,
792 1838 872 1910 quae
889 1814 990 1887 nobis
1009 1813 1052 1887 de
1083 1813 1232 1886 Nicolao
1248 1821 1408 1902 narrant,
1429 1823 1502 1888 tam
1520 1815 1701 1888 credibilia
1724 1815 1808 1901 sint,
1842 1897 1846 1908 ¹

187 1959 292 2031 quam
309 1961 394 2012 vero
420 1938 549 2011 similia
578 1946 672 2024 sunt,
693 1947 729 2012 et
758 1939 921 2035 qnaedam
947 1940 1053 2012 etiam
1080 1939 1286 2025 certissima,
1306 1963 1385 2036 quae
1407 1939 1451 2012 de
1476 1939 1717 2036 replicatione,
1739 1939 1813 2012 sive

186 2062 305 2156 positu
335 2063 388 2137 rei
406 2064 523 2148 unius,
543 2086 614 2137 uno
633 2064 757 2138 eodem
787 2070 958 2159 tempore,
986 2063 1024 2135 in
1054 2063 1217 2160 pluribus
1235 2061 1322 2137 locis
1352 2063 1577 2150 distantibus,
1600 2064 1732 2137 scholae
1748 2086 1813 2136 nos
1952 2128 1955 2137 .

188 2186 369 2262 decentet
392 2188 581 2284 scriptores
596 2188 837 2262 ecclesiastici.
855 2189 1056 2262 Nam'hunc
1074 2210 1224 2283 quoque,
1248 2188 1361 2282 ajunt,
1378 2188 1617 2261 visumsuisse
1630 2188 1763 2283 pariter
1777 2187 1814 2260 in

187 2314 276 2388 locis
293 2314 453 2412 pluribus
480 2337 609 2418 magno
634 2315 818 2410 disjunctis
831 2314 1018 2387 intervallo
1039 2339 1047 2384 :
1068 2315 1191 2410 itaque
1223 2315 1443 2388 habitantem
1472 2314 1508 2384 in
1536 2313 1686 2386 Polonia
1720 2333 1814 2385 anuo

195 2439 290 2514 1607
304 2440 512 2536 apparuisse
527 2441 654 2514 Romae
675 2440 712 2511 in
739 2439 888 2534 collegio
911 2439 1094 2512 Sociorum
1123 2439 1358 2513 scholastico:
1379 2438 1633 2536 reprehensum
1650 2436 1759 2510 luisse
1773 2435 1815 2508 ab

188 2589 232 2639 eo
244 2566 413 2660 juvenem
438 2566 487 2638 ibi
506 2564 693 2651 Polonum,
715 2566 928 2660 Procopium
945 2564 1263 2658 'Sambozeclrium
1293 2565 1354 2659 qui
1377 2587 1441 2660 per
1471 2563 1589 2636 studia
1617 2562 1817 2636 litterarum

189 2693 368 2766 omitteret
384 2692 538 2766 hominis
549 2693 709 2788 religiosi
727 2693 855 2765 officia.
876 2692 1045 2766 Similiter
1071 2693 1224 2764 eundem
1249 2689 1463 2762 monitorem
1487 2688 1668 2784 accepisse
1687 2686 1824 2760 dicitur·

190 2817 383 2894 Florianus
400 2818 647 2914 Tyminshius,
667 2818 850 2890 Cracoviae
866 2824 942 2890 tum
958 2817 1194 2900 habitantem,
1213 2839 1292 2889 oum
1311 2815 1388 2910 ipse
1408 2814 1504 2902 alibi,
1520 2816 1556 2887 in
1576 2837 1640 2889 suo
1654 2814 1817 2886 dominus

189 2971 285 3046 pago
312 2946 525 3022 deliberaret
545 2972 665 3023 seeum
683 2950 809 3022 anxius
827 2949 871 3021 de
890 2953 984 3019 statu
1012 2945 1096 3016 vitae
1113 2942 1291 3037 eligendo.
1314 2941 1388 3013 Par
1414 2939 1503 3014 fides
1521 2939 1568 3011 sit
1585 2939 1656 3012 illis
1677 2962 1685 3009 ε
1707 2938 1819 3010 soemi·

188 3096 288 3158 uam,
308 3073 436 3148 Romae
454 3098 548 3148 anno
570 3076 663 3150 1637
681 3082 870 3158 mortuam,
891 3069 1065 3143 Olomucii
1096 3074 1204 3140 noctu
1224 3065 1478 3160 queribundam
1495 3065 1589 3159 apud
1615 3064 1815 3151 Nicolaum,

189 3198 428 3273 tremefecisse
444 3206 557 3273 totum
571 3201 760 3296 gemitibus
774 3200 971 3294 Collegium
989 3223 997 3269 ε
1014 3204 1088 3269 tum
1106 3195 1246 3268 morbos
1265 3192 1352 3264 alibi
1369 3192 1446 3288 ipso
1466 3191 1623 3287 ejusdem
1648 3193 1740 3265 dioto
1760 3192 1819 3264 de·

189 3323 315 3421 pulsos
328 3348 416 3400 esse.
440 3327 576 3400 Neutro
590 3326 680 3422 pede
699 3326 766 3399 sibi
780 3325 877 3398 utilis
900 3330 977 3398 erat
998 3345 1042 3394 ex
1059 3319 1220 3416 podagra
1237 3339 1370 3413 praeses
1394 3317 1673 3413 Sierpscensium
1696 3318 1818 3391 castel·

188 3448 296 3522 lanus
327 3448 526 3523 Stanislaus
552 3449 832 3534 Knosborskius,
851 3447 1034 3520 familiaris
1063 3447 1120 3542 pie
1138 3443 1302 3518 Nicolao.
1323 3443 1416 3516 Huic
1433 3442 1527 3516 inter
1552 3442 1821 3539 colloquendum

190 3573 316 3662 Pater,
335 3575 523 3648 cavillatus
543 3576 668 3662 amice,
689 3582 851 3670 oportere
879 3581 1078 3647 senatorem
1104 3578 1199 3645 recto
1214 3577 1309 3643 stare
1335 3568 1428 3656 talo;
1445 3571 1544 3665 cujus
1563 3569 1719 3642 consiliis
1736 3591 1820 3664 pars

190 3695 314 3794 aliqua
334 3700 538 3797 reipublicae
563 3700 757 3786 niteretur;
779 3722 824 3773 ex
838 3697 1018 3792 inopinato
1032 3695 1183 3768 fulcrum
1196 3696 1321 3768 claudo
1336 3703 1521 3790 utrumque
1536 3694 1690 3792 surripit.
1710 3693 1822 3767 Simul

190 3823 353 3896 ruiturus
372 3824 548 3899 exclamat
564 3832 679 3910 catax,
706 3823 811 3896 simul
840 3822 989 3919 pedibus
1015 3821 1175 3895 consistit
1192 3821 1317 3906 firmis,
1345 3819 1464 3913 itaque
1482 3819 1615 3894 incedit
1640 3820 1819 3913 deinceps

193 3946 366 4042 Ejusdem
375 3947 549 4021 Stanislai
561 3945 646 4021 filiae
665 3946 854 4032 Marianae,
878 3945 938 4019 diu
966 3945 1078 4020 oeulis
1096 3953 1221 4042 captae,
1239 3968 1341 4041 aquae
1357 3944 1516 4018 lustralis
1533 3944 1722 4040 aspergine
1747 3944 1824 4040 ipse

191 4071 396 4145 restituisse
418 4072 547 4166 dicitur
562 4072 653 4146 lucis
674 4095 843 4146 usuram:
865 4071 970 4144 simili
988 4070 1134 4168 collyrio
1161 4092 1304 4144 sanasse
1331 4070 1535 4166 lippientem
1553 4070 1595 4142 Ρ.
1618 4067 1824 4142 Casimirum

191 4198 417 4295 Kojalorioz.
436 4199 632 4273 Undecimo
647 4201 786 4273 circiter
803 4223 897 4276 anno
912 4225 934 4274 a
952 4202 1067 4276 reditu
1082 4226 1127 4276 ex
1144 4201 1319 4276 Bohemia
1336 4202 1373 4275 in
1386 4203 1588 4276 Lituaniam
1601 4203 1640 4274 in
1654 4202 1830 4275 Caunensi

192 4322 376 4396 domicilio
391 4323 568 4410 decubuit,
585 4325 708 4398 morbo
724 4324 887 4412 afflictus
905 4327 1046 4423 qualem
1060 4327 1127 4400 sibi
1145 4337 1287 4425 optasse
1305 4303 1472 4417 creditur,
1489 4329 1615 4402 acerbo
1626 4351 1665 4402 ac
1678 4327 1828 4402 diutino.

196 4449 232 4522 T
234 4472 293 4523 um
311 4473 448 4547 quoque
464 4450 525 4524 ille
539 4451 693 4524 illustria
711 4452 891 4547 patientiae
910 4451 1020 4527 edidit
1037 4455 1210 4549 exempla.
1666 4460 1667 4463 ’

250 4573 421 4648 Eitabuit
442 4577 570 4650 misere
587 4591 727 4673 corpus,
749 4599 892 4651 exesum
911 4578 993 4652 divo
1019 4579 1265 4667 carcinomate,
1286 4579 1532 4653 vermiuabat:
1553 4601 1691 4654 vermes
1711 4580 1825 4678 longi,

197 4701 430 4796 sanguisugis
453 4702 598 4788 similes,
619 4727 639 4777 e
655 4699 841 4798 perforatis
859 4705 988 4800 pedum
1001 4706 1208 4778 interveniis
1224 4712 1299 4777 toto
1314 4705 1505 4801 serpebant
1517 4712 1616 4794 toro;
1633 4706 1830 4782 dilabentes

197 4823 396 4921 colligebat
413 4850 522 4923 aeger,
544 4835 580 4900 et
595 4828 632 4898 in
650 4827 787 4900 hiantia
802 4828 952 4902 vulnera
969 4828 1138 4924 fugitivos
1157 4829 1272 4903 redire
1294 4831 1445 4927 cogebat
1473 4831 1675 4919 lumbricos,
1704 4833 1831 4907 oxhor-

197 4957 284 5023 tans
301 4949 434 5048 lepide,
450 4959 490 5024 nt
519 4960 777 5048 exequerentur
806 4971 921 5042 snum,
951 4954 996 5026 ad
1016 4955 1109 5050 quod
1137 4954 1188 5027 ita
1211 4956 1378 5051 prognati
1404 4963 1535 5042 essent,
1564 4979 1705 5030 munus.
1734 4957 1828 5030 Gau-

198 5063 311 5148 dehat
331 5075 400 5149 ista
417 5097 456 5150 se
481 5075 640 5149 consumi
659 5075 819 5150 teredine
838 5104 847 5164 ;
864 5077 946 5171 quia
963 5085 999 5152 et
1013 5078 1090 5174 pati
1116 5078 1291 5151 desiderio
1309 5079 1473 5175 placendi
1502 5079 1577 5153 Deo
1609 5087 1766 5178 cuperet,
1798 5089 1835 5156 et

197 5206 367 5296 speraret
396 5199 605 5297 promissam
623 5202 776 5298 gratiam
808 5225 924 5298 poenae
951 5205 1064 5276 omnis
1095 5201 1340 5278 condonandae
1370 5213 1450 5302 post
1476 5214 1636 5282 mortem.
1658 5209 1748 5281 Tres
1766 5207 1833 5280 sibi

196 5323 330 5403 afferri
340 5325 449 5422 jussit
466 5324 605 5403 libellos
628 5351 636 5400 ε
656 5325 777 5424 legum
793 5326 993 5404 divinarum
1006 5330 1147 5406 Veteris
1164 5337 1200 5406 et
1228 5331 1323 5408 Novi
1349 5333 1578 5422 Testamenti,
1607 5339 1835 5410 sacrosancta

1674 5459 1706 5514 ca
