4896 6650
673 737 714 803 98
1052 745 1329 809 LITUANICARUII
1351 747 1567 809 SOCIETATIS
1589 751 1677 812 insu
1699 752 1953 818 HISTORIARUM

674 919 875 1017 dispectans
893 924 1010 999 omnia
1025 925 1226 1023 diligenter,
1250 951 1431 1026 regense
1457 936 1652 1030 praestabat
1676 939 1839 1032 convivit.
1860 939 1937 1026 IDe,
1959 963 2005 1016 no
2025 939 2109 1036 quid
2127 941 2302 1019 desidera·

673 1052 744 1131 tur,
765 1045 954 1122 observare
975 1073 984 1136 ς
1004 1050 1190 1144 praefectos
1215 1053 1368 1127 triclinio
1387 1063 1647 1155 structoresque
1673 1085 1837 1150 monere;
1858 1072 1893 1138 et
1910 1066 2013 1138 modo
2031 1067 2176 1154 nostris,
2195 1069 2300 1142 modo

672 1170 916 1246 remotissimis
934 1175 1053 1259 etiam,
1074 1177 1117 1250 de
1145 1200 1211 1250 sua
1236 1178 1352 1252 cibilla
1369 1180 1542 1256 missitare
1563 1208 1572 1256 :
1601 1192 1780 1260 cessantes
1798 1188 1875 1261 cibo
1897 1196 2050 1286 potuque
2079 1190 2245 1276 invitare,
2266 1193 2305 1265 in

671 1286 794 1391 primis
810 1295 967 1391 legatum
979 1322 1059 1371 cum
1077 1300 1190 1374 Sociis
1208 1303 1368 1397 proxime
1385 1305 1663 1380 accumbentem.
1681 1306 1736 1380 Ea
1748 1316 1878 1404 praeter
1900 1309 1991 1384 alias
2010 1319 2065 1386 ost
2080 1313 2195 1388 civilis
2207 1316 2302 1411 apud

672 1444 733 1495 eos
747 1421 1006 1496 convivantium
1024 1425 1083 1497 Iex
1100 1427 1274 1520 quaedam,
1295 1435 1347 1511 ut,
1365 1453 1445 1502 cum
1463 1431 1508 1504 de
1532 1454 1594 1504 sua
1611 1427 1775 1528 princeps
1793 1456 1916 1507 mensa
1933 1437 1989 1508 cui
2016 1435 2173 1511 edulium
2186 1437 2304 1526 offert,

671 1555 881 1642 assurgetur
898 1549 1037 1623 omnino
1064 1552 1107 1624 ab
1134 1553 1307 1626 omnibus.
1343 1553 1412 1658 Qui
1429 1555 1557 1652 dapem
1581 1557 1685 1631 affert
1709 1561 1753 1632 ab
1780 1585 1836 1650 eo,
1858 1564 2044 1639 convivam
2063 1565 2115 1640 sic
2146 1567 2272 1641 invitat
2293 1594 2302 1640 :

675 1703 691 1734 a
712 1697 860 1780 magnus
889 1674 1059 1749 Dominus
1085 1700 1186 1750 suam
1209 1678 1274 1751 tibi
1305 1679 1452 1775 opsonio
1487 1681 1555 1753 hoo
1588 1681 1870 1758 benevolentiam
1896 1689 2080 1783 approbat.
2105 1725 2122 1758 n
2143 1690 2208 1763 Cui
2233 1691 2307 1765 dux

671 1801 878 1896 propinarit,
898 1801 942 1888 is,
959 1825 1166 1899 quocunque
1184 1805 1306 1879 sedeat
1322 1806 1413 1890 Ioco,
1441 1807 1479 1878 in
1503 1808 1672 1890 medium,
1691 1815 1843 1902 oportet,
1863 1811 2056 1886 triclinium
2074 1815 2232 1911 prodeat,
2253 1823 2303 1902 et,

673 1923 826 1998 salutato
837 1925 1008 2023 principe,
1023 1928 1187 2023 poculum
1204 1952 1274 2001 uno
1289 1931 1415 2025 spiritu
1428 1939 1528 2005 stans
1539 1931 1724 2006 exhauriat
1737 1961 1746 2020 ;
1763 1937 1970 2011 exhaustum
1984 1937 2059 2024 alii,
2075 1942 2135 2014 cui'
2145 1941 2304 2027 libuerit,

673 2049 831 2120 convivae
844 2049 974 2122 tradat.
996 2031 1086 2123 Eam
1099 2051 1277 2124 civilitatis
1290 2052 1406 2147 Iegem
1434 2051 1528 2125 Socii
1545 2053 1704 2163 modeste
1722 2080 1745 2130 a
1762 2083 1801 2134 se
1815 2062 1994 2159 deprecati
2019 2073 2114 2150 sunt,
2135 2066 2181 2138 ad
2198 2067 2305 2140 aliam

668 2171 833 2244 videlicet
859 2173 1010 2247 ethicam
1038 2176 1201 2248 instituti.
1222 2176 1270 2250 Et
1288 2199 1370 2249 saue
1394 2184 1524 2271 praeter
1548 2177 1774 2254 insolentiam
1800 2183 1889 2259 ritus
1916 2171 2139 2284 hospitalitas
2170 2212 2214 2264 ea
2229 2198 2307 2264 tum

672 2298 938 2372 admirationem
955 2301 1118 2375 movebat
1136 2300 1250 2388 Italis,
1269 2309 1345 2375 tum
1360 2301 1531 2382 afferebat
1554 2303 1751 2377 molestiam
1771 2332 1778 2378 :
1801 2309 1937 2384 duabus
1963 2311 2037 2384 sere
2053 2312 2164 2398 horis,
2185 2316 2305 2408 quoad

673 2421 884 2518 productum
896 2424 1108 2508 convivium,
1126 2426 1290 2520 sexagies
1306 2424 1386 2520 plns
1400 2424 1447 2496 ad
1464 2425 1628 2519 poculum
1639 2432 1781 2526 assurgi
1797 2435 1965 2528 oportuit.
1988 2437 2086 2511 Inter
2102 2437 2181 2510 haec
2199 2437 2307 2510 Basi-

673 2546 777 2634 hdes,
792 2549 885 2622 facto
899 2549 1053 2634 silentio,
1071 2550 1115 2623 de
1129 2551 1304 2645 majorum
1321 2573 1466 2623 suorum
1483 2574 1563 2623 oum
1580 2553 1744 2627 Romano
1763 2556 1935 2628 Pontifice
1952 2556 2088 2632 foedere
2102 2564 2137 2631 et
2149 2557 2308 2631 amicitia

673 2676 870 2749 orationem
881 2677 1066 2772 ingressus
1084 2677 1345 2772 gravissimam,
1365 2661 1420 2748 de¹
1432 2675 1605 2772 rehgione
1618 2680 1797 2774 professus
1812 2687 1878 2766 est,
1899 2680 1994 2774 quod
2005 2680 2168 2775 .aequitas
2186 2687 2308 2776 postu·

673 2799 777 2874 Iaret.
787 2799 935 2886 Deinde,
947 2825 1081 2876 mensae
1095 2803 1393 2898 utroqueinnixus
1404 2795 1536 2886 cubito,
1548 2802 1783 2898 Possevinum
1794 2804 1948 2900 benigne
1957 2803 2087 2878 affatur
2099 2829 2107 2878 ε
2119 2835 2136 2868 κ
2157 2805 2305 2890 Antoni,

679 2955 696 2986 a
718 2949 804 2999 cura
824 2934 860 3000 te
878 2927 969 3013 cibo,
997 2935 1152 3023 potuque
1167 2928 1261 3000 vires
1285 2927 1455 3000 confirma
1474 2928 1726 3023 :nequeenim
1750 2951 1873 3024 parum
1895 2929 2031 3004 itineris
2053 2937 2107 3004 cst
2124 2930 2242 3003 Roma
2258 2933 2307 3004 ad

680 3079 697 3112 κ
716 3058 875 3124 nostram
892 3051 962 3123 huc
975 3074 1086 3146 usque
1097 3053 1232 3139 urbem,
1255 3051 1347 3147 quod
1364 3051 1557 3124 confeceris
1572 3079 1580 3138 ;
1597 3051 1727 3126 missus
1745 3052 1879 3128 scilicet
1896 3056 1938 3127 ab
1963 3078 2004 3128 eo
2023 3055 2192 3150 principe,
2206 3078 2313 3149 quem

680 3203 697 3236 u
717 3198 782 3249 nos
810 3197 948 3271 quoque
977 3199 1041 3272 pro
1069 3199 1135 3249 sua
1163 3176 1297 3248 Summi
1328 3175 1503 3259 Pastoris,
1528 3199 1548 3247 a
1574 3175 1651 3248 Deo
1679 3178 1874 3266 constituti,
1910 3178 2122 3273 maximique
2156 3178 2314 3250 omnium

680 3329 697 3364 κ
718 3300 847 3385 Patris,
864 3301 1076 3394 Gregorium
1098 3301 1231 3374 scilicet
1249 3301 1356 3387 XIII,
1377 3301 1579 3372 Romanum
1599 3298 1819 3384 Pontificem,
1844 3300 2072 3373 observamus
2092 3307 2128 3375 et
2142 3299 2311 3384 colimus;

681 3455 699 3490 κ
718 3447 761 3498 ao
780 3433 968 3522 propterea
984 3433 1033 3510 te,
1051 3425 1344 3521 quemadmodum
1362 3424 1475 3511 vides,
1495 3432 1688 3498 tractamus
1704 3419 1909 3497 honorilice.
1927 3460 1943 3490 a
1957 3425 2047 3505 Quae
2064 3422 2163 3498 ducis
2180 3426 2311 3509 oratio,

679 3573 878 3646 quanquam
892 3550 955 3642 illa
967 3573 1037 3623 nou
1051 3573 1094 3623 ex
1112 3550 1226 3622 animo
1239 3549 1397 3645 profecta
1414 3550 1460 3648 (id
1478 3550 1572 3645 quod
1588 3549 1686 3622 brevi
1698 3571 1718 3622 e
1730 3548 1833 3621 factis
1847 3548 1920 3622 suis
1941 3549 2056 3622 extitit
2084 3541 2315 3644 eminuitque)

678 3676 724 3748 ad
742 3675 1045 3748 communiendam
1062 3682 1184 3748 tamon
1211 3672 1323 3768 legati
1348 3674 1599 3747 auctoritatem
1626 3679 1662 3746 ct
1687 3665 1941 3746 conciliandam
1966 3673 2098 3746 nostris
2124 3695 2314 3770 procerum

623 3822 627 3830 ·
678 3797 958 3874 benevolentiam
989 3797 1137 3870 multum
1154 3795 1289 3884 valuit;
1319 3796 1509 3870 officiosius
1533 3796 1617 3870 inde
1630 3796 1708 3890 jam
1725 3796 1884 3870 Moschis
1902 3802 1939 3870 et
1956 3797 2116 3891 legatum
2134 3803 2171 3870 ot
2188 3796 2315 3870 Socios

677 3923 924 4017 amantiusque
949 3921 1227 3995 observantibus.
1252 3921 1343 3994 Dum
1359 3921 1479 4016 legato
1501 3945 1564 4017 per
1589 3922 1710 4005 tricae,
1731 3921 1990 4016 tergiversante
2015 3921 2104 3993 duce
2121 3918 2166 3992 ad
2190 3919 2315 3993 condi·

508 4065 600 4124 rotoni
617 4081 647 4123 a·
678 4047 810 4138 tionem
827 4045 871 4117 de
889 4044 1073 4140 religione,
1088 4045 1184 4118 lente
1207 4047 1366 4141 procedit
1380 4047 1576 4141 negotium,
1603 4047 1762 4120 Polonus
1780 4047 1935 4132 interim,
1955 4046 2064 4119 illatis
2085 4046 2122 4118 in
2140 4047 2316 4120 Russiam

505 4147 653 4284 {32⁸5sp
678 4170 944 4244 Moscoviticam
958 4169 1079 4256 armis,
1096 4169 1362 4246 Plescovienses
1372 4171 1600 4246 vehementer
1612 4178 1717 4266 urget
1730 4173 1905 4245 obsessos.
1922 4171 1979 4245 Ad
1993 4173 2069 4267 ejus
2082 4172 2134 4247 rei
2146 4171 2316 4244 nuntium

393 4328 396 4342 ·
506 4307 584 4364 bello.
679 4295 869 4381 Basihdes,
885 4295 1008 4368 videns
1024 4302 1213 4392 properato
1225 4297 1303 4392 jam
1317 4296 1383 4368 sibi
1402 4317 1491 4391 opus
1505 4319 1597 4382 csse,
1613 4297 1665 4368 ita
1679 4316 1722 4386 se
1738 4302 1948 4391 contorquet
1968 4321 1975 4367 :
1994 4295 2189 4368 Possevino
2201 4317 2316 4388 nego-

680 4419 770 4491 tium
788 4420 862 4504 dat,
882 4442 1004 4514 regem
1023 4418 1242 4492 Polonorum
1259 4426 1379 4492 orator
1403 4419 1501 4515 pacis
1519 4424 1583 4490 aut
1605 4417 1828 4492 induciarum
1846 4420 1966 4514 utiquo
1982 4427 2022 4492 ut
2045 4419 2164 4502 adeat,
2185 4416 2315 4492 celeri·

681 4551 858 4640 latamque
874 4543 912 4614 in
937 4542 1050 4615 officio
1069 4544 1252 4638 suscipiat,
1277 4543 1458 4639 multaque
1483 4543 1561 4637 regi
1580 4542 1721 4614 nomine
1744 4540 1864 4635 magni
1882 4541 1982 4613 ducis
2009 4563 2073 4614 suo
2095 4542 2312 4637 promittat:

680 4670 703 4742 J
707 4692 855 4742 oannem
874 4668 1025 4741 Paulum
1039 4669 1257 4763 Campanum
1285 4691 1363 4741 cum
1385 4667 1515 4740 litteris
1528 4667 1575 4738 ad
1592 4666 1793 4738 Romanum
1809 4665 2057 4761 imperatorem
2084 4673 2120 4740 et
2137 4667 2314 4754 Venetos,

680 4791 878 4864 commercii
886 4789 1063 4886 jungendi
1075 4812 1196 4877 causa,
1212 4790 1370 4884 allegat;
1389 4789 1472 4860 inde
1490 4794 1732 4884 perrecturum
1749 4787 1903 4861 Romam
1919 4791 1967 4862 ad
1985 4792 2198 4887 Gregorium
2214 4792 2316 4864 Pon-

678 4919 807 5014 tificem
825 4918 856 5014 (J
862 4939 996 4990 oannes
1014 4925 1147 4998 tamen,
1168 4918 1220 4989 uti
1242 4917 1409 4998 diximus,
1428 4914 1735 4992 administratione
1758 4936 1861 4986 novae
1879 4914 1916 4985 in
1934 4915 2084 4988 PoIonia
2114 4915 2317 5011 provinciae

679 5048 821 5114 coactus
838 5047 893 5113 est
909 5037 1135 5134 subsistere);
1156 5038 1355 5135 Stephanus
1382 5035 1613 5120 DrenoociuS,
1634 5018 1745 5129 utqui
1762 5037 1906 5110 natione
1927 5037 2056 5110 Slavus
2083 5039 2315 5113 moscovitice

679 5188 751 5238 non
780 5165 870 5239 nihil
896 5163 1130 5259 Intelligeret,
1160 5186 1237 5235 cum
1270 5163 1372 5236 Socio
1405 5163 1568 5236 Morieno
1602 5161 1650 5232 ad
1679 5161 1829 5235 reditum
1861 5153 2172 5257 Possevmi'apud
2203 5185 2242 5236 se
2275 5166 2318 5236 in
