4896 6650
673 749 732 817 130
1050 747 1323 809 blTUANlCrlllUM
1347 749 1557 809 soctssrnrrs·
1578 750 1663 812 JESU
1689 747 1942 810 nlsroalnaun

673 961 691 995 a
710 935 747 1006 in
764 954 937 1029 pauperes
955 931 1117 1028 pecunia,
1138 929 1412 1027 supplicationes
1430 931 1571 1017 indixit,
1595 938 1631 1004 et
1651 930 1884 1004 sanctissimis
1901 929 2065 1026 precibus
2085 929 2237 1003 Romam
2254 953 2299 1004 ea

673 1089 690 1120 κ
711 1058 812 1132 clade
823 1057 1001 1131 liberavit.
1019 1055 1135 1142 Viam,
1152 1078 1231 1152 quae
1250 1057 1441 1130 Lauretum
1455 1056 1563 1144 ducit,
1587 1079 1718 1157 magno
1732 1055 1892 1151 pecuniae
1909 1053 2100 1148 impendi0,
2121 1052 2298 1151 depressis

672 1211 689 1244 a
710 1182 900 1269 montibus,
940 1187 974 1253 et
1008 1180 1230 1254 convallibus
1266 1180 1448 1274 subjectis,
1485 1180 1693 1253 constravit.
1733 1180 1941 1253 Genuenses
1980 1178 2169 1249 distractos
2204 1179 2298 1251 civili

673 1339 690 1370 a
711 1306 901 1392 discordia,
918 1306 1071 1378 Morono
1098 1305 1275 1378 cardinale
1305 1305 1440 1399 legato,
1462 1305 1643 1400 repressit.
1661 1304 1823 1388 Polonis,
1844 1311 1883 1375 ut
1899 1325 2022 1397 regem
2053 1301 2098 1374 de
2123 1304 2299 1376 catholica

674 1461 690 1493 a
712 1432 887 1527 religione
906 1430 996 1504 bene
1013 1431 1225 1503 sentientem
1244 1429 1431 1525 eligerent,
1452 1436 1575 1501 auctor
1592 1429 1678 1514 fuit;
1703 1451 1725 1499 a
1746 1427 1872 1522 quibus
1901 1427 2103 1521 Stephanus
2129 1428 2298 1500 Batonius

673 1587 690 1618 ιι
712 1564 852 1630 creatus
877 1579 953 1641 rex,
982 1555 1147 1628 continuo
1178 1578 1241 1648 per
1267 1561 1443 1626 oratorem
1461 1576 1563 1624 suum
1589 1552 1754 1626 Pontifici
1782 1551 1938 1624 salutato
1958 1551 2194 1624 obedientiam
2219 1577 2301 1648 pro-

670 1669 691 1742 ἐι
712 1681 851 1753 misit...
874 1680 952 1752 Hoc
971 1679 1129 1762 sedente,
1147 1679 1210 1752 SS.
1228 1677 1381 1750 Abundii
1401 1684 1436 1749 et
1452 1676 1671 1749 Abundantii
1689 1683 1884 1772 martyrum
1910 1675 1945 1745 iu
1972 1675 2050 1747 foro
2077 1675 2209 1748 Boario
2234 1700 2301 1750 nec

675 1835 695 1867 e
713 1829 791 1879 non.
803 1805 866 1878 SS.
884 1805 906 1877 J
910 1805 1035 1877 oannis
1059 1811 1095 1877 et
1119 1802 1223 1874 Pauli
1246 1787 1400 1874 inventae
1417 1803 1559 1874 fuerunt
1572 1801 1751 1896 reliquiae;
1767 1800 1848 1873 illas
1867 1800 2053 1873 Societatis
2067 1801 2089 1873 J
2092 1824 2155 1873 esu
2173 1804 2302 1876 Patres

676 1961 692 1993 a
712 1931 749 2003 in
768 1929 963 2002 Ecclesiam
982 1951 1095 2012 suam,
1117 1926 1251 2000 nomini
1277 1927 1366 1999 Jesu
1393 1933 1581 2009 sacratam,
1603 1924 1778 2020 Gregorio
1805 1926 1973 2012 donante,
1994 1933 2299 2021 transportarunt,

676 2083 693 2116 u
714 2061 819 2149 atque
849 2053 884 2123 in
909 2051 986 2124 loco
1014 2051 1239 2123 ornatissimo
1258 2050 1475 2122 collocarunt
1505 2052 1644 2122 Praeter
1668 2049 1791 2122 solitos
1821 2050 2017 2144 principum
2049 2049 2303 2123 catholicorum

678 2209 694 2240 a
713 2179 867 2273 legatos,
889 2177 995 2250 etiam
1013 2175 1177 2272 AEgypti‚
1189 2175 1399 2268 AEthiopiae,
1420 2182 1455 2246 et
1472 2174 1700 2246 Moschorum
1714 2180 1874 2246 oratores
1887 2173 2085 2245 liberaliter
2102 2175 2249 2270 accepit,
2266 2183 2305 2249 et

678 2331 694 2363 a
716 2302 870 2397 benigne
886 2301 1044 2387 audivit3
1072 2300 1280 2394 quibuscum
1299 2298 1409 2370 misso
1435 2299 1590 2371 Antonio
1617 2298 1812 2370 Possevino
1831 2298 2020 2370 Societatis
2039 2299 2061 2371 J
2065 2322 2126 2372 esu
2141 2298 2300 2388 alumno,
2395 2325 2403 2340 ·

679 2458 695 2489 a
718 2425 939 2511 eruditionis,
956 2424 1097 2521 pietatis
1111 2429 1147 2495 et
1164 2423 1362 2517 prudentiae
1388 2423 1464 2495 viro
1491 2421 1656 2494 laudibus
1682 2422 1829 2517 insigni,
1847 2446 1921 2507 eos,
1937 2431 2017 2518 post
2036 2447 2204 2519 magnum
2221 2449 2304 2521 gra-

628 2609 630 2620 .
680 2583 696 2614 a
718 2553 968 2644 vissimumque
985 2548 1130 2631 bellum,
1147 2546 1194 2619 ad
1211 2569 1332 2642 pacem
1351 2571 1430 2618 cum
1444 2547 1622 2642 Stephano
1636 2547 1782 2624 Batorio
1796 2547 2013 2622 Polonorum
2026 2573 2113 2644 rege
2128 2556 2163 2622 et
2176 2573 2304 2623 eorun-

682 2707 698 2738 u
719 2679 799 2750 dem
828 2675 1108 2748 Mosoovitarum
1138 2671 1297 2767 principe
1327 2670 1477 2744 reduxit.
1509 2671 1695 2767 Ingentem
1725 2673 1924 2766 praesertim
1958 2672 2035 2769 ipse
2061 2673 2226 2749 Pontifex
2261 2701 2307 2749 ex

682 2831 699 2862 a
719 2802 741 2872 J
744 2798 952 2895 aponiorum
972 2821 1098 2892 regum
1114 2796 1295 2890 legatione
1312 2794 1448 2891 accepit
1459 2795 1643 2881 laetitiam;
1664 2794 1830 2890 adquam
1852 2797 2066 2870 Franciscus
2088 2799 2207 2894 Bungi
2224 2823 2304 2888 rer,

684 2957 700 2988 a
720 2925 906 2998 Protasius
922 2921 1185 3005 Arimanorum,
1203 2927 1238 2993 et
1255 2919 1540 2992 Bartholomaeus
1564 2921 1835 3008 Omurenorum,
1857 2945 2002 2994 suorum
2024 2931 2183 2996 oratores
2201 2924 2309 2998 mise·

684 3079 700 3112 a
721 3056 823 3136 rant,
840 3048 912 3143 qui,
925 3046 1078 3120 triennio
1092 3047 1128 3116 in
1143 3045 1372 3140 navigatione
1386 3052 1606 3139 consumpto,
1624 3045 1679 3118 IX
1691 3045 1764 3118 kal.
1783 3046 1887 3142 april.
1907 3047 2003 3123 1585
2016 3049 2189 3144 Gregorio
2208 3049 2310 3121 Pon-

685 3205 702 3236 κ
723 3173 810 3246 tihci
825 3157 1099 3270 procubuerunt.
1118 3169 1201 3254 Sed,
1218 3169 1307 3264 proh
1325 3169 1447 3242 dolor!
1464 3169 1558 3240 hanc
1575 3193 1793 3243 communem
1811 3171 1973 3246 laetitiam
1987 3173 2190 3269 inopinatus
2207 3174 2313 3247 dolor

685 3329 702 3362 a
724 3299 935 3394 occupavit:
960 3319 1043 3368 nam
1071 3295 1193 3368 eodem
1219 3317 1327 3378 anno,
1352 3293 1443 3366 feria
1461 3293 1525 3378 IV,
1550 3293 1595 3365 10
1620 3294 1757 3389 aprilis,
1786 3296 1876 3368 hora
1900 3298 2012 3372 ferme
2032 3301 2090 3386 19,
2112 3300 2237 3374 Romae
2274 3301 2312 3372 in

686 3453 703 3486 a
723 3422 855 3519 palatio
873 3421 1062 3504 Vaticano,
1082 3441 1176 3491 anno
1194 3418 1311 3491 aetatis
1328 3416 1632 3514 84,p0ntificatus
1658 3419 1716 3506 12,
1737 3443 1858 3492 mense
1881 3421 2029 3508 decim0,
2051 3423 2162 3496 evita
2179 3423 2315 3518 migra-

686 3576 703 3609 κ
723 3546 787 3618 vit.
816 3545 905 3617 Erat
934 3541 1131 3638 Gregorius
1157 3543 1195 3613 in
1220 3539 1407 3614 audiendis
1425 3541 1580 3636 negotiis
1598 3542 1750 3635 patiens,
1771 3542 1807 3615 in
1825 3543 2066 3640 transigendis
2084 3547 2210 3633 solers,
2240 3547 2317 3621 elo·

688 3701 705 3734 κ
727 3671 808 3767 quio
824 3669 965 3766 gravis,
982 3667 1163 3763 responsis
1182 3672 1413 3761 opportunus,
1429 3671 1559 3736 natura
1575 3666 1752 3762 benignus
1771 3675 1806 3740 et
1823 3670 2033 3754 misericors,
2052 3671 2146 3744 victu
2164 3695 2206 3742 ac
2228 3680 2317 3768 potu

689 3825 705 3858 α
726 3791 1080 3890 temperantissimus,
1097 3791 1133 3862 in
1151 3811 1326 3886 pauperes
1345 3796 1381 3861 et
1395 3788 1515 3862 doctos
1528 3789 1721 3876 beneficus,
1741 3799 1775 3866 et
1793 3793 1918 3865 mirum
1933 3795 1969 3866 in
1983 3795 2125 3867 modum
2137 3794 2313 3869 liberalis.

690 3949 706 3982 κ
728 3921 841 3994 Fama
872 3923 938 4005 est,
956 3918 1138 4014 integrum
1155 3914 1238 3986 vitae
1270 3920 1305 3985 et
1332 3911 1515 3985 laudabili
1537 3915 1696 4010 exemplo
1726 3917 1955 3990 Franciscani
1983 3919 2126 3991 Ordinis
2144 3921 2260 3992 virum
2280 3922 2319 3994 in

691 4073 707 4106 e
728 4041 976 4118 AraeCoelano
1001 4037 1216 4112 monasterio
1243 4036 1521 4124 decumbentem,
1539 4045 1574 4110 et
1592 4063 1670 4110 cum
1696 4047 1808 4112 morte
1833 4041 2038 4126 luctantem,
2060 4067 2102 4116 eo
2119 4053 2317 4130 momento,

692 4205 709 4235 a
730 4195 799 4269 quo
830 4168 1026 4265 Gregorius
1055 4166 1233 4261 migrabat
1251 4163 1372 4250 evita,
1402 4165 1533 4237 amissa
1562 4187 1653 4260 pene
1680 4167 1854 4244 sentiendi
1885 4177 1920 4242 et
1945 4170 2111 4266 loquendi
2129 4170 2317 4258 facultate,

641 4329 643 4334 v
693 4327 709 4359 a
730 4301 889 4391 repente,
910 4292 1012 4389 quasi
1038 4315 1057 4365 e
1083 4290 1186 4386 gravi
1213 4311 1335 4361 somno
1354 4289 1557 4373 excitatum,
1577 4290 1738 4362 manibus
1757 4291 1938 4388 oculisque
1956 4295 2082 4367 erectis
2108 4283 2151 4365 in
2171 4294 2318 4382 coelum,

695 4451 711 4482 α
732 4418 858 4493 laetitia
874 4416 1098 4512 gestientem,
1127 4413 1351 4487 adstantibus
1382 4412 1546 4486 dixisse:
1573 4413 1740 4508 aspicite!
1769 4417 1916 4511 aspicite
1951 4418 2116 4512 Gregorii
2143 4409 2317 4506 anir‘nam,

696 4574 713 4605 a
736 4542 944 4639 angelorum
961 4539 1157 4612 ministerio
1175 4536 1221 4609 ad
1234 4537 1419 4609 beatorum
1434 4535 1537 4610 sedes
1556 4537 1766 4610 evolantem.
1789 4539 1970 4614 Ofelicem
1991 4541 2166 4614 animam!
2185 4543 2323 4616 Obstu-

693 4697 710 4730 «
733 4673 896 4764 puerunt,
909 4665 969 4762 qui
982 4664 1144 4750 aderant,
1155 4662 1313 4757 religiosi
1327 4660 1479 4734 instituti
1492 4661 1720 4757 professores,
1734 4661 1792 4734 vix
1804 4664 1966 4749 scientes,
1980 4665 2186 4739 Pontificem
2202 4681 2325 4762 aegro-

698 4823 714 4854 a
735 4800 831 4878 tare3
848 4797 885 4863 at
909 4789 983 4872 ille,
1012 4787 1136 4861 eadem
1165 4785 1349 4859 laetissimo
1380 4785 1477 4857 vultu
1509 4791 1544 4858 et
1574 4785 1719 4858 vocibus
1737 4786 1883 4874 iterans,
1912 4790 2111 4862 mortalium
2138 4814 2325 4866 aerumnas

696 4927 713 4977 a
735 4913 904 4989 desenrit.
922 4911 1127 5008 Religiosos
1142 4911 1327 4984 Societatis
1341 4909 1436 4982 viros
1450 4909 1496 4981 ad
1518 4909 1676 5005 publicas
1702 4911 1974 5007 supplicationes
1993 4915 2072 5009 cogi
2097 4916 2209 4987 vetuit
2234 4938 2323 4989 con-

698 5071 715 5102 a
736 5039 951 5112 stitutione:
978 5044 1207 5124 &abacosque
1235 5041 1300 5106 etc.
1327 5034 1531 5107 institutum
1562 5041 1598 5107 et
1627 5034 1814 5130 privilegia
1840 5036 2060 5110 confirmavit
2077 5040 2217 5112 constit.
2239 5039 2322 5114 89:

696 5193 713 5224 e
734 5138 950 5236 Ascendente
967 5168 1116 5236 Domino
1128 5159 1197 5234 etc.
1214 5159 1251 5232 S.
1269 5161 1383 5232 Annae
1397 5159 1490 5230 diem
1504 5159 1630 5232 festum
1646 5159 1796 5232 instituit
1812 5161 1951 5234 constit.
1967 5163 2016 5238 87
2033 5189 2040 5234 :
2057 5169 2184 5236 &noto
2197 5169 2329 5238 Mater
