<?xml version="1.0" encoding="UTF-8"?>
<!DOCTYPE html PUBLIC "-//W3C//DTD XHTML 1.0 Transitional//EN"
    "http://www.w3.org/TR/xhtml1/DTD/xhtml1-transitional.dtd">
<html xmlns="http://www.w3.org/1999/xhtml" xml:lang="en" lang="en">
 <head>
  <title>
</title>
<meta http-equiv="Content-Type" content="text/html;charset=utf-8" />
  <meta name='ocr-system' content='tesseract 3.04.00' />
  <meta name='ocr-capabilities' content='ocr_page ocr_carea ocr_par ocr_line ocrx_word'/>
</head>
<body>
  <div class='ocr_page' id='page_1' title='image "./lituanicarumsoc00rostgoog_0032.png"; bbox 0 0 4906 6642; ppageno 0'>
   <div class='ocr_carea' id='block_1_1' title="bbox 760 712 1810 791">
    <p class='ocr_par' dir='ltr' id='par_1_1' title="bbox 760 712 1810 791">
     <span class='ocr_line' id='line_1_1' title="bbox 760 712 1810 791; baseline 0.001 -15"><span class='ocrx_word' id='word_1_1' title='bbox 760 717 867 780; x_wconf 84' lang='lat' dir='ltr'>LIBER</span> <span class='ocrx_word' id='word_1_2' title='bbox 890 717 1026 777; x_wconf 81' lang='lat' dir='ltr'><strong>PRIMUS</strong></span> <span class='ocrx_word' id='word_1_3' title='bbox 1047 717 1256 791; x_wconf 73' lang='lat' dir='ltr'>[rtet-1570).</span> <span class='ocrx_word' id='word_1_4' title='bbox 1790 712 1810 777; x_wconf 85' lang='lat'>5</span> 
     </span>
    </p>
   </div>
   <div class='ocr_carea' id='block_1_2' title="bbox 172 877 1983 4841">
    <p class='ocr_par' dir='ltr' id='par_1_2' title="bbox 186 877 1981 1492">
     <span class='ocr_line' id='line_1_2' title="bbox 190 877 1965 990; baseline -0.004 -22"><span class='ocrx_word' id='word_1_5' title='bbox 190 919 236 968; x_wconf 84' lang='lat' dir='ltr'>ex</span> <span class='ocrx_word' id='word_1_6' title='bbox 265 895 399 971; x_wconf 87' lang='lat' dir='ltr'>Russia</span> <span class='ocrx_word' id='word_1_7' title='bbox 428 919 495 969; x_wconf 86' lang='lat' dir='ltr'>sua</span> <span class='ocrx_word' id='word_1_8' title='bbox 523 897 683 971; x_wconf 89' lang='lat' dir='ltr'>advocati</span> <span class='ocrx_word' id='word_1_9' title='bbox 711 897 911 972; x_wconf 81' lang='lat' dir='ltr'>sacerdotes</span> <span class='ocrx_word' id='word_1_10' title='bbox 931 897 1073 972; x_wconf 82' lang='lat' dir='ltr'>Ordinis</span> <span class='ocrx_word' id='word_1_11' title='bbox 1090 897 1162 969; x_wconf 92' lang='lat' dir='ltr'>divi</span> <span class='ocrx_word' id='word_1_12' title='bbox 1191 895 1335 982; x_wconf 88' lang='lat' dir='ltr'>Basilii;</span> <span class='ocrx_word' id='word_1_13' title='bbox 1365 877 1468 990; x_wconf 87' lang='lat' dir='ltr'>atque</span> <span class='ocrx_word' id='word_1_14' title='bbox 1487 896 1553 968; x_wconf 92' lang='lat' dir='ltr'>hos</span> <span class='ocrx_word' id='word_1_15' title='bbox 1569 893 1725 968; x_wconf 83' lang='lat' dir='ltr'>indidem</span> <span class='ocrx_word' id='word_1_16' title='bbox 1752 915 1807 966; x_wconf 91' lang='lat' dir='ltr'>se·</span> <span class='ocrx_word' id='word_1_17' title='bbox 1835 907 1965 963; x_wconf 64' lang='lat' dir='ltr'>Bottiaei</span> 
     </span>
     <span class='ocr_line' id='line_1_3' title="bbox 189 987 1981 1122; baseline -0.002 -30"><span class='ocrx_word' id='word_1_18' title='bbox 189 1021 292 1114; x_wconf 91' lang='lat' dir='ltr'>quuti</span> <span class='ocrx_word' id='word_1_19' title='bbox 324 1028 406 1092; x_wconf 91' lang='lat' dir='ltr'>sunt</span> <span class='ocrx_word' id='word_1_20' title='bbox 423 1022 588 1095; x_wconf 91' lang='lat' dir='ltr'>Rutenici</span> <span class='ocrx_word' id='word_1_21' title='bbox 618 1022 827 1119; x_wconf 86' lang='lat' dir='ltr'>presbyteri,</span> <span class='ocrx_word' id='word_1_22' title='bbox 855 1022 947 1094; x_wconf 89' lang='lat' dir='ltr'>male</span> <span class='ocrx_word' id='word_1_23' title='bbox 975 1025 1049 1118; x_wconf 87' lang='lat' dir='ltr'>jam</span> <span class='ocrx_word' id='word_1_24' title='bbox 1084 1021 1324 1115; x_wconf 88' lang='lat' dir='ltr'>graecisantes‚</span> <span class='ocrx_word' id='word_1_25' title='bbox 1358 1046 1380 1094; x_wconf 93' lang='lat' dir='ltr'>a</span> <span class='ocrx_word' id='word_1_26' title='bbox 1412 1017 1807 1116; x_wconf 83' lang='lat' dir='ltr'>Constantinopolitanis</span> <span class='ocrx_word' id='word_1_27' title='bbox 1829 987 1981 1122; x_wconf 48' lang='lat' dir='ltr'>{mih</span> 
     </span>
     <span class='ocr_line' id='line_1_4' title="bbox 189 1145 1803 1245; baseline -0.004 -25"><span class='ocrx_word' id='word_1_28' title='bbox 189 1149 359 1245; x_wconf 83' lang='lat' dir='ltr'>corrupti.</span> <span class='ocrx_word' id='word_1_29' title='bbox 389 1149 437 1221; x_wconf 93' lang='lat' dir='ltr'>Hi</span> <span class='ocrx_word' id='word_1_30' title='bbox 454 1150 538 1245; x_wconf 91' lang='lat' dir='ltr'>quid</span> <span class='ocrx_word' id='word_1_31' title='bbox 551 1151 588 1221; x_wconf 93' lang='lat' dir='ltr'>in</span> <span class='ocrx_word' id='word_1_32' title='bbox 624 1149 789 1222; x_wconf 89' lang='lat' dir='ltr'>Lituania</span> <span class='ocrx_word' id='word_1_33' title='bbox 819 1149 969 1242; x_wconf 87' lang='lat' dir='ltr'>egerint,</span> <span class='ocrx_word' id='word_1_34' title='bbox 993 1156 1054 1221; x_wconf 92' lang='lat' dir='ltr'>aut</span> <span class='ocrx_word' id='word_1_35' title='bbox 1086 1149 1271 1232; x_wconf 89' lang='lat' dir='ltr'>moverint,</span> <span class='ocrx_word' id='word_1_36' title='bbox 1297 1155 1419 1221; x_wconf 91' lang='lat' dir='ltr'>nostra</span> <span class='ocrx_word' id='word_1_37' title='bbox 1443 1147 1501 1218; x_wconf 90' lang='lat' dir='ltr'>hic</span> <span class='ocrx_word' id='word_1_38' title='bbox 1526 1146 1614 1218; x_wconf 90' lang='lat' dir='ltr'>nihil</span> <span class='ocrx_word' id='word_1_39' title='bbox 1639 1145 1803 1226; x_wconf 89' lang='lat' dir='ltr'>interest;</span> 
     </span>
     <span class='ocr_line' id='line_1_5' title="bbox 188 1267 1807 1368; baseline -0.002 -26"><span class='ocrx_word' id='word_1_40' title='bbox 188 1270 308 1366; x_wconf 85' lang='lat' dir='ltr'>aliqua</span> <span class='ocrx_word' id='word_1_41' title='bbox 339 1273 460 1366; x_wconf 91' lang='lat' dir='ltr'>utique</span> <span class='ocrx_word' id='word_1_42' title='bbox 494 1273 566 1345; x_wconf 89' lang='lat' dir='ltr'>suis</span> <span class='ocrx_word' id='word_1_43' title='bbox 603 1273 688 1346; x_wconf 88' lang='lat' dir='ltr'>locis</span> <span class='ocrx_word' id='word_1_44' title='bbox 722 1273 942 1344; x_wconf 83' lang='lat' dir='ltr'>narrabimus</span> <span class='ocrx_word' id='word_1_45' title='bbox 960 1273 1007 1368; x_wconf 89' lang='lat'>(1).</span> <span class='ocrx_word' id='word_1_46' title='bbox 1037 1273 1191 1346; x_wconf 76' lang='lat' dir='ltr'>Facilior</span> <span class='ocrx_word' id='word_1_47' title='bbox 1213 1280 1308 1346; x_wconf 88' lang='lat' dir='ltr'>certe</span> <span class='ocrx_word' id='word_1_48' title='bbox 1338 1271 1519 1344; x_wconf 81' lang='lat' dir='ltr'>catholicis</span> <span class='ocrx_word' id='word_1_49' title='bbox 1554 1271 1598 1343; x_wconf 90' lang='lat' dir='ltr'>de</span> <span class='ocrx_word' id='word_1_50' title='bbox 1637 1267 1807 1362; x_wconf 88' lang='lat' dir='ltr'>religione</span> 
     </span>
     <span class='ocr_line' id='line_1_6' title="bbox 186 1383 1806 1492; baseline -0.003 -26"><span class='ocrx_word' id='word_1_51' title='bbox 186 1383 402 1468; x_wconf 85' lang='lat' dir='ltr'>concertatio</span> <span class='ocrx_word' id='word_1_52' title='bbox 456 1419 536 1468; x_wconf 92' lang='lat' dir='ltr'>cum</span> <span class='ocrx_word' id='word_1_53' title='bbox 585 1397 838 1469; x_wconf 89' lang='lat' dir='ltr'>Photiauorum</span> <span class='ocrx_word' id='word_1_54' title='bbox 867 1397 1057 1492; x_wconf 78' lang='lat' dir='ltr'>pertinacia</span> <span class='ocrx_word' id='word_1_55' title='bbox 1096 1396 1257 1481; x_wconf 89' lang='lat' dir='ltr'>istorum,</span> <span class='ocrx_word' id='word_1_56' title='bbox 1295 1385 1399 1490; x_wconf 91' lang='lat' dir='ltr'>quam</span> <span class='ocrx_word' id='word_1_57' title='bbox 1430 1419 1508 1467; x_wconf 92' lang='lat' dir='ltr'>cum</span> <span class='ocrx_word' id='word_1_58' title='bbox 1549 1392 1806 1474; x_wconf 87' lang='lat' dir='ltr'>haereticorum,</span> 
     </span>
    </p>

    <p class='ocr_par' dir='ltr' id='par_1_3' title="bbox 185 1514 1808 1617">
     <span class='ocr_line' id='line_1_7' title="bbox 185 1514 1808 1617; baseline -0.002 -26"><span class='ocrx_word' id='word_1_59' title='bbox 185 1518 260 1592; x_wconf 84' lang='lat' dir='ltr'>alia</span> <span class='ocrx_word' id='word_1_60' title='bbox 277 1543 322 1592; x_wconf 86' lang='lat' dir='ltr'>ex</span> <span class='ocrx_word' id='word_1_61' title='bbox 337 1520 416 1593; x_wconf 88' lang='lat' dir='ltr'>aliis</span> <span class='ocrx_word' id='word_1_62' title='bbox 434 1521 664 1606; x_wconf 82' lang='lat' dir='ltr'>molientium,</span> <span class='ocrx_word' id='word_1_63' title='bbox 684 1521 863 1617; x_wconf 91' lang='lat' dir='ltr'>impietate</span> <span class='ocrx_word' id='word_1_64' title='bbox 892 1530 927 1594; x_wconf 90' lang='lat' dir='ltr'>et</span> <span class='ocrx_word' id='word_1_65' title='bbox 943 1519 1102 1593; x_wconf 86' lang='lat' dir='ltr'>audacia.</span> <span class='ocrx_word' id='word_1_66' title='bbox 1127 1519 1270 1594; x_wconf 86' lang='lat' dir='ltr'>Seducti</span> <span class='ocrx_word' id='word_1_67' title='bbox 1285 1543 1307 1592; x_wconf 95' lang='lat' dir='ltr'>a</span> <span class='ocrx_word' id='word_1_68' title='bbox 1324 1519 1457 1592; x_wconf 86' lang='lat' dir='ltr'>Graecis</span> <span class='ocrx_word' id='word_1_69' title='bbox 1474 1518 1539 1603; x_wconf 91' lang='lat' dir='ltr'>illi,</span> <span class='ocrx_word' id='word_1_70' title='bbox 1559 1517 1718 1589; x_wconf 89' lang='lat' dir='ltr'>homines</span> <span class='ocrx_word' id='word_1_71' title='bbox 1735 1514 1808 1610; x_wconf 91' lang='lat' dir='ltr'>ple·</span> 
     </span>
    </p>

    <p class='ocr_par' dir='ltr' id='par_1_4' title="bbox 184 1626 1960 2114">
     <span class='ocr_line' id='line_1_8' title="bbox 184 1626 1956 1760; baseline -0.003 -46"><span class='ocrx_word' id='word_1_72' title='bbox 184 1644 289 1740; x_wconf 90' lang='lat' dir='ltr'>rique</span> <span class='ocrx_word' id='word_1_73' title='bbox 307 1645 495 1740; x_wconf 87' lang='lat' dir='ltr'>simplices,</span> <span class='ocrx_word' id='word_1_74' title='bbox 511 1645 702 1718; x_wconf 90' lang='lat' dir='ltr'>laudabant</span> <span class='ocrx_word' id='word_1_75' title='bbox 714 1645 818 1719; x_wconf 88' lang='lat' dir='ltr'>facile</span> <span class='ocrx_word' id='word_1_76' title='bbox 831 1646 918 1719; x_wconf 90' lang='lat' dir='ltr'>ritus</span> <span class='ocrx_word' id='word_1_77' title='bbox 937 1645 1128 1719; x_wconf 88' lang='lat' dir='ltr'>catholicos</span> <span class='ocrx_word' id='word_1_78' title='bbox 1146 1652 1182 1718; x_wconf 90' lang='lat' dir='ltr'>et</span> <span class='ocrx_word' id='word_1_79' title='bbox 1193 1644 1367 1729; x_wconf 89' lang='lat' dir='ltr'>instituta;</span> <span class='ocrx_word' id='word_1_80' title='bbox 1386 1643 1446 1716; x_wconf 90' lang='lat' dir='ltr'>isti</span> <span class='ocrx_word' id='word_1_81' title='bbox 1459 1643 1583 1716; x_wconf 87' lang='lat' dir='ltr'>armati</span> <span class='ocrx_word' id='word_1_82' title='bbox 1600 1639 1809 1734; x_wconf 84' lang='lat' dir='ltr'>connixique</span> <span class='ocrx_word' id='word_1_83' title='bbox 1833 1626 1956 1760; x_wconf 49' lang='lat' dir='ltr'>viupnt</span> 
     </span>
     <span class='ocr_line' id='line_1_9' title="bbox 184 1723 1960 1866; baseline 0 -25"><span class='ocrx_word' id='word_1_84' title='bbox 184 1769 290 1842; x_wconf 81' lang='lat' dir='ltr'>ibant</span> <span class='ocrx_word' id='word_1_85' title='bbox 308 1771 353 1842; x_wconf 90' lang='lat' dir='ltr'>ad</span> <span class='ocrx_word' id='word_1_86' title='bbox 372 1772 599 1844; x_wconf 90' lang='lat' dir='ltr'>evertendam</span> <span class='ocrx_word' id='word_1_87' title='bbox 615 1773 745 1866; x_wconf 91' lang='lat' dir='ltr'>ubique</span> <span class='ocrx_word' id='word_1_88' title='bbox 776 1771 1000 1866; x_wconf 89' lang='lat' dir='ltr'>religionem,</span> <span class='ocrx_word' id='word_1_89' title='bbox 1022 1778 1057 1844; x_wconf 91' lang='lat' dir='ltr'>et</span> <span class='ocrx_word' id='word_1_90' title='bbox 1075 1770 1239 1865; x_wconf 90' lang='lat' dir='ltr'>pietatem</span> <span class='ocrx_word' id='word_1_91' title='bbox 1252 1792 1390 1842; x_wconf 90' lang='lat' dir='ltr'>omnem</span> <span class='ocrx_word' id='word_1_92' title='bbox 1406 1791 1451 1840; x_wconf 86' lang='lat' dir='ltr'>ex</span> <span class='ocrx_word' id='word_1_93' title='bbox 1468 1767 1593 1838; x_wconf 90' lang='lat' dir='ltr'>animis</span> <span class='ocrx_word' id='word_1_94' title='bbox 1610 1763 1808 1837; x_wconf 85' lang='lat' dir='ltr'>mortalium</span> <span class='ocrx_word' id='word_1_95' title='bbox 1833 1723 1960 1841; x_wconf 43' lang='grc' dir='ltr'>ιἦθῑξιθεῆιαε.</span> 
     </span>
     <span class='ocr_line' id='line_1_10' title="bbox 185 1889 1938 1990; baseline 0.001 -25"><span class='ocrx_word' id='word_1_96' title='bbox 185 1892 422 1966; x_wconf 87' lang='lat' dir='ltr'>evellendam.</span> <span class='ocrx_word' id='word_1_97' title='bbox 439 1893 585 1966; x_wconf 85' lang='lat' dir='ltr'>Praeivit</span> <span class='ocrx_word' id='word_1_98' title='bbox 598 1894 737 1968; x_wconf 85' lang='lat' dir='ltr'>caeteris</span> <span class='ocrx_word' id='word_1_99' title='bbox 754 1894 993 1967; x_wconf 89' lang='lat' dir='ltr'>maleficorum</span> <span class='ocrx_word' id='word_1_100' title='bbox 1011 1894 1147 1980; x_wconf 91' lang='lat' dir='ltr'>ductor,</span> <span class='ocrx_word' id='word_1_101' title='bbox 1163 1896 1367 1990; x_wconf 88' lang='lat' dir='ltr'>primusque</span> <span class='ocrx_word' id='word_1_102' title='bbox 1383 1896 1487 1989; x_wconf 90' lang='lat' dir='ltr'>signa</span> <span class='ocrx_word' id='word_1_103' title='bbox 1512 1917 1576 1966; x_wconf 91' lang='lat' dir='ltr'>sua</span> <span class='ocrx_word' id='word_1_104' title='bbox 1593 1895 1664 1989; x_wconf 89' lang='lat' dir='ltr'>(an.</span> <span class='ocrx_word' id='word_1_105' title='bbox 1689 1889 1805 1986; x_wconf 82' lang='lat'>1555).</span> <span class='ocrx_word' id='word_1_106' title='bbox 1845 1953 1852 1964; x_wconf 96' lang='lat'>.</span> <span class='ocrx_word' id='word_1_107' title='bbox 1936 1907 1938 1916; x_wconf 82' lang='grc'>’</span> 
     </span>
     <span class='ocr_line' id='line_1_11' title="bbox 185 2016 1809 2114; baseline -0.001 -26"><span class='ocrx_word' id='word_1_108' title='bbox 185 2017 333 2089; x_wconf 89' lang='lat' dir='ltr'>Vilnam</span> <span class='ocrx_word' id='word_1_109' title='bbox 361 2017 480 2090; x_wconf 87' lang='lat' dir='ltr'>intuht</span> <span class='ocrx_word' id='word_1_110' title='bbox 509 2017 678 2103; x_wconf 85' lang='lat' dir='ltr'>Violefus,</span> <span class='ocrx_word' id='word_1_111' title='bbox 700 2020 866 2092; x_wconf 90' lang='lat' dir='ltr'>sacerdos</span> <span class='ocrx_word' id='word_1_112' title='bbox 892 2019 1031 2114; x_wconf 84' lang='lat' dir='ltr'>impius,</span> <span class='ocrx_word' id='word_1_113' title='bbox 1052 2019 1214 2114; x_wconf 84' lang='lat' dir='ltr'>perfuga,</span> <span class='ocrx_word' id='word_1_114' title='bbox 1234 2041 1276 2090; x_wconf 91' lang='lat' dir='ltr'>ac</span> <span class='ocrx_word' id='word_1_115' title='bbox 1289 2016 1666 2110; x_wconf 80' lang='lat' dir='ltr'>dux&#39;transfugarum3</span> <span class='ocrx_word' id='word_1_116' title='bbox 1685 2037 1809 2088; x_wconf 87' lang='lat' dir='ltr'>veren-</span> 
     </span>
    </p>

    <p class='ocr_par' dir='ltr' id='par_1_5' title="bbox 184 2138 1809 2238">
     <span class='ocr_line' id='line_1_12' title="bbox 184 2138 1809 2238; baseline -0.002 -26"><span class='ocrx_word' id='word_1_117' title='bbox 184 2138 284 2213; x_wconf 89' lang='lat' dir='ltr'>tibus</span> <span class='ocrx_word' id='word_1_118' title='bbox 302 2141 396 2226; x_wconf 87' lang='lat' dir='ltr'>aliis,</span> <span class='ocrx_word' id='word_1_119' title='bbox 417 2163 460 2214; x_wconf 89' lang='lat' dir='ltr'>ac</span> <span class='ocrx_word' id='word_1_120' title='bbox 478 2141 762 2215; x_wconf 88' lang='lat' dir='ltr'>delitescentibus</span> <span class='ocrx_word' id='word_1_121' title='bbox 779 2144 953 2238; x_wconf 87' lang='lat' dir='ltr'>tantisper</span> <span class='ocrx_word' id='word_1_122' title='bbox 970 2144 1008 2213; x_wconf 92' lang='lat' dir='ltr'>in</span> <span class='ocrx_word' id='word_1_123' title='bbox 1021 2141 1111 2214; x_wconf 90' lang='lat' dir='ltr'>aulis</span> <span class='ocrx_word' id='word_1_124' title='bbox 1131 2164 1336 2237; x_wconf 88' lang='lat' dir='ltr'>procerum,</span> <span class='ocrx_word' id='word_1_125' title='bbox 1358 2141 1441 2213; x_wconf 92' lang='lat' dir='ltr'>dum</span> <span class='ocrx_word' id='word_1_126' title='bbox 1458 2143 1511 2214; x_wconf 91' lang='lat' dir='ltr'>vis</span> <span class='ocrx_word' id='word_1_127' title='bbox 1528 2138 1724 2222; x_wconf 89' lang='lat' dir='ltr'>sententiae,</span> <span class='ocrx_word' id='word_1_128' title='bbox 1744 2161 1809 2210; x_wconf 94' lang='lat' dir='ltr'>nu-</span> 
     </span>
    </p>

    <p class='ocr_par' dir='ltr' id='par_1_6' title="bbox 182 2265 1804 2362">
     <span class='ocr_line' id='line_1_13' title="bbox 182 2265 1804 2362; baseline -0.001 -26"><span class='ocrx_word' id='word_1_129' title='bbox 182 2288 250 2360; x_wconf 87' lang='lat' dir='ltr'>per</span> <span class='ocrx_word' id='word_1_130' title='bbox 261 2266 331 2362; x_wconf 86' lang='lat' dir='ltr'>(an.</span> <span class='ocrx_word' id='word_1_131' title='bbox 351 2267 502 2362; x_wconf 70' lang='lat' dir='ltr'>tsellin</span> <span class='ocrx_word' id='word_1_132' title='bbox 519 2267 666 2340; x_wconf 90' lang='lat' dir='ltr'>comitiis</span> <span class='ocrx_word' id='word_1_133' title='bbox 675 2267 845 2340; x_wconf 91' lang='lat' dir='ltr'>adversus</span> <span class='ocrx_word' id='word_1_134' title='bbox 857 2268 1043 2340; x_wconf 86' lang='lat' dir='ltr'>haereticos</span> <span class='ocrx_word' id='word_1_135' title='bbox 1055 2267 1151 2352; x_wconf 89' lang='lat' dir='ltr'>latae,</span> <span class='ocrx_word' id='word_1_136' title='bbox 1165 2275 1444 2340; x_wconf 88' lang='lat' dir='ltr'>consenesceret.</span> <span class='ocrx_word' id='word_1_137' title='bbox 1457 2267 1576 2346; x_wconf 81' lang='lat' dir='ltr'>Quare</span> <span class='ocrx_word' id='word_1_138' title='bbox 1586 2265 1643 2338; x_wconf 85' lang='lat' dir='ltr'>hic</span> <span class='ocrx_word' id='word_1_139' title='bbox 1655 2285 1804 2358; x_wconf 91' lang='lat' dir='ltr'>quoque,</span> 
     </span>
    </p>

    <p class='ocr_par' dir='ltr' id='par_1_7' title="bbox 184 2388 1809 2484">
     <span class='ocr_line' id='line_1_14' title="bbox 184 2388 1809 2484; baseline 0.001 -25"><span class='ocrx_word' id='word_1_140' title='bbox 184 2411 258 2483; x_wconf 91' lang='lat' dir='ltr'>quo</span> <span class='ocrx_word' id='word_1_141' title='bbox 274 2388 400 2462; x_wconf 86' lang='lat' dir='ltr'>tectior</span> <span class='ocrx_word' id='word_1_142' title='bbox 416 2389 453 2461; x_wconf 92' lang='lat' dir='ltr'>in</span> <span class='ocrx_word' id='word_1_143' title='bbox 466 2389 540 2462; x_wconf 90' lang='lat' dir='ltr'>suis</span> <span class='ocrx_word' id='word_1_144' title='bbox 559 2398 652 2464; x_wconf 89' lang='lat' dir='ltr'>esset</span> <span class='ocrx_word' id='word_1_145' title='bbox 663 2391 858 2478; x_wconf 83' lang='lat' dir='ltr'>fraudibus,</span> <span class='ocrx_word' id='word_1_146' title='bbox 878 2391 1038 2464; x_wconf 91' lang='lat' dir='ltr'>habitum</span> <span class='ocrx_word' id='word_1_147' title='bbox 1055 2389 1241 2464; x_wconf 89' lang='lat' dir='ltr'>sacerdotii</span> <span class='ocrx_word' id='word_1_148' title='bbox 1258 2391 1416 2463; x_wconf 88' lang='lat' dir='ltr'>retinuit.</span> <span class='ocrx_word' id='word_1_149' title='bbox 1438 2391 1511 2464; x_wconf 80' lang='lat' dir='ltr'>Sub</span> <span class='ocrx_word' id='word_1_150' title='bbox 1540 2412 1584 2462; x_wconf 93' lang='lat' dir='ltr'>ea</span> <span class='ocrx_word' id='word_1_151' title='bbox 1600 2388 1699 2461; x_wconf 88' lang='lat' dir='ltr'>larva</span> <span class='ocrx_word' id='word_1_152' title='bbox 1714 2393 1809 2484; x_wconf 90' lang='lat' dir='ltr'>pote·</span> 
     </span>
    </p>

    <p class='ocr_par' dir='ltr' id='par_1_8' title="bbox 184 2511 1810 2611">
     <span class='ocr_line' id='line_1_15' title="bbox 184 2511 1810 2611; baseline -0.002 -25"><span class='ocrx_word' id='word_1_153' title='bbox 184 2519 318 2586; x_wconf 83' lang='lat' dir='ltr'>statem</span> <span class='ocrx_word' id='word_1_154' title='bbox 343 2514 575 2586; x_wconf 90' lang='lat' dir='ltr'>concionandi</span> <span class='ocrx_word' id='word_1_155' title='bbox 605 2515 729 2609; x_wconf 88' lang='lat' dir='ltr'>lingua</span> <span class='ocrx_word' id='word_1_156' title='bbox 747 2514 948 2610; x_wconf 90' lang='lat' dir='ltr'>germanica</span> <span class='ocrx_word' id='word_1_157' title='bbox 973 2514 1019 2586; x_wconf 92' lang='lat' dir='ltr'>ab</span> <span class='ocrx_word' id='word_1_158' title='bbox 1045 2515 1207 2611; x_wconf 91' lang='lat' dir='ltr'>episcopo</span> <span class='ocrx_word' id='word_1_159' title='bbox 1230 2515 1380 2588; x_wconf 91' lang='lat' dir='ltr'>civitatis</span> <span class='ocrx_word' id='word_1_160' title='bbox 1404 2515 1564 2587; x_wconf 90' lang='lat' dir='ltr'>obtinuit.</span> <span class='ocrx_word' id='word_1_161' title='bbox 1599 2511 1652 2586; x_wconf 84' lang='lat' dir='ltr'>Ac</span> <span class='ocrx_word' id='word_1_162' title='bbox 1688 2511 1810 2608; x_wconf 91' lang='lat' dir='ltr'>primis</span> 
     </span>
    </p>

    <p class='ocr_par' dir='ltr' id='par_1_9' title="bbox 182 2635 1808 2734">
     <span class='ocr_line' id='line_1_16' title="bbox 182 2635 1808 2734; baseline 0.001 -26"><span class='ocrx_word' id='word_1_163' title='bbox 182 2635 329 2732; x_wconf 90' lang='lat' dir='ltr'>quidem</span> <span class='ocrx_word' id='word_1_164' title='bbox 346 2636 584 2721; x_wconf 90' lang='lat' dir='ltr'>concionibus,</span> <span class='ocrx_word' id='word_1_165' title='bbox 605 2635 789 2732; x_wconf 88' lang='lat' dir='ltr'>intemplo</span> <span class='ocrx_word' id='word_1_166' title='bbox 812 2638 933 2711; x_wconf 82' lang='lat' dir='ltr'>Baetae</span> <span class='ocrx_word' id='word_1_167' title='bbox 946 2639 1060 2712; x_wconf 86' lang='lat' dir='ltr'>Annae</span> <span class='ocrx_word' id='word_1_168' title='bbox 1074 2639 1215 2725; x_wconf 88' lang='lat' dir='ltr'>habitis,</span> <span class='ocrx_word' id='word_1_169' title='bbox 1237 2639 1320 2734; x_wconf 89' lang='lat' dir='ltr'>quia</span> <span class='ocrx_word' id='word_1_170' title='bbox 1334 2639 1457 2711; x_wconf 91' lang='lat' dir='ltr'>callide</span> <span class='ocrx_word' id='word_1_171' title='bbox 1478 2637 1714 2711; x_wconf 89' lang='lat' dir='ltr'>dissimularet</span> <span class='ocrx_word' id='word_1_172' title='bbox 1730 2660 1808 2732; x_wconf 92' lang='lat' dir='ltr'>per-</span> 
     </span>
    </p>

    <p class='ocr_par' dir='ltr' id='par_1_10' title="bbox 181 2759 1809 2982">
     <span class='ocr_line' id='line_1_17' title="bbox 181 2759 1808 2857; baseline 0.001 -27"><span class='ocrx_word' id='word_1_173' title='bbox 181 2759 322 2844; x_wconf 85' lang='lat' dir='ltr'>fidiam,</span> <span class='ocrx_word' id='word_1_174' title='bbox 355 2759 637 2833; x_wconf 88' lang='lat' dir='ltr'>benevolentiam</span> <span class='ocrx_word' id='word_1_175' title='bbox 669 2759 735 2832; x_wconf 90' lang='lat' dir='ltr'>sibi</span> <span class='ocrx_word' id='word_1_176' title='bbox 765 2761 962 2834; x_wconf 90' lang='lat' dir='ltr'>conciliavit</span> <span class='ocrx_word' id='word_1_177' title='bbox 989 2762 1199 2847; x_wconf 89' lang='lat' dir='ltr'>auditorum,</span> <span class='ocrx_word' id='word_1_178' title='bbox 1213 2762 1423 2857; x_wconf 91' lang='lat' dir='ltr'>laudemque</span> <span class='ocrx_word' id='word_1_179' title='bbox 1453 2762 1623 2834; x_wconf 90' lang='lat' dir='ltr'>doctrinae</span> <span class='ocrx_word' id='word_1_180' title='bbox 1652 2761 1808 2833; x_wconf 90' lang='lat' dir='ltr'>artificiis</span> 
     </span>
     <span class='ocr_line' id='line_1_18' title="bbox 181 2883 1809 2982; baseline 0.001 -27"><span class='ocrx_word' id='word_1_181' title='bbox 181 2883 425 2978; x_wconf 78' lang='lat' dir='ltr'>comparavit;</span> <span class='ocrx_word' id='word_1_182' title='bbox 445 2884 572 2956; x_wconf 90' lang='lat' dir='ltr'>deinde</span> <span class='ocrx_word' id='word_1_183' title='bbox 588 2883 694 2954; x_wconf 90' lang='lat' dir='ltr'>animi</span> <span class='ocrx_word' id='word_1_184' title='bbox 708 2883 769 2957; x_wconf 92' lang='lat' dir='ltr'>ille</span> <span class='ocrx_word' id='word_1_185' title='bbox 783 2884 837 2956; x_wconf 92' lang='lat' dir='ltr'>sui</span> <span class='ocrx_word' id='word_1_186' title='bbox 856 2908 1060 2981; x_wconf 87' lang='lat' dir='ltr'>expromere</span> <span class='ocrx_word' id='word_1_187' title='bbox 1081 2909 1199 2971; x_wconf 91' lang='lat' dir='ltr'>sensa,</span> <span class='ocrx_word' id='word_1_188' title='bbox 1221 2897 1255 2960; x_wconf 92' lang='lat' dir='ltr'>et</span> <span class='ocrx_word' id='word_1_189' title='bbox 1273 2887 1447 2982; x_wconf 88' lang='lat' dir='ltr'>explicare</span> <span class='ocrx_word' id='word_1_190' title='bbox 1461 2886 1619 2971; x_wconf 91' lang='lat' dir='ltr'>consilia,</span> <span class='ocrx_word' id='word_1_191' title='bbox 1638 2885 1675 2959; x_wconf 93' lang='lat' dir='ltr'>in</span> <span class='ocrx_word' id='word_1_192' title='bbox 1688 2884 1809 2980; x_wconf 90' lang='lat' dir='ltr'>primis</span> 
     </span>
    </p>

    <p class='ocr_par' dir='ltr' id='par_1_11' title="bbox 180 3005 1805 3107">
     <span class='ocr_line' id='line_1_19' title="bbox 180 3005 1805 3107; baseline 0.001 -28"><span class='ocrx_word' id='word_1_193' title='bbox 180 3008 230 3080; x_wconf 88' lang='lat' dir='ltr'>de</span> <span class='ocrx_word' id='word_1_194' title='bbox 248 3005 480 3079; x_wconf 86' lang='lat' dir='ltr'>Sacrameuto</span> <span class='ocrx_word' id='word_1_195' title='bbox 505 3005 629 3078; x_wconf 88' lang='lat' dir='ltr'>altaris</span> <span class='ocrx_word' id='word_1_196' title='bbox 646 3013 682 3077; x_wconf 87' lang='lat' dir='ltr'>et</span> <span class='ocrx_word' id='word_1_197' title='bbox 699 3006 871 3081; x_wconf 90' lang='lat' dir='ltr'>bonorum</span> <span class='ocrx_word' id='word_1_198' title='bbox 898 3010 1014 3083; x_wconf 88' lang='lat' dir='ltr'>fructu</span> <span class='ocrx_word' id='word_1_199' title='bbox 1040 3033 1198 3107; x_wconf 90' lang='lat' dir='ltr'>operum.</span> <span class='ocrx_word' id='word_1_200' title='bbox 1222 3011 1469 3106; x_wconf 89' lang='lat' dir='ltr'>Deprehensus</span> <span class='ocrx_word' id='word_1_201' title='bbox 1486 3033 1530 3083; x_wconf 88' lang='lat' dir='ltr'>ex</span> <span class='ocrx_word' id='word_1_202' title='bbox 1556 3033 1597 3082; x_wconf 92' lang='lat' dir='ltr'>eo</span> <span class='ocrx_word' id='word_1_203' title='bbox 1614 3015 1805 3095; x_wconf 88' lang='lat' dir='ltr'>veterator,</span> 
     </span>
    </p>

    <p class='ocr_par' dir='ltr' id='par_1_12' title="bbox 179 3130 1809 3229">
     <span class='ocr_line' id='line_1_20' title="bbox 179 3130 1809 3229; baseline -0.002 -23"><span class='ocrx_word' id='word_1_204' title='bbox 179 3134 328 3208; x_wconf 88' lang='lat' dir='ltr'>decreto</span> <span class='ocrx_word' id='word_1_205' title='bbox 358 3133 513 3229; x_wconf 89' lang='lat' dir='ltr'>episcopi</span> <span class='ocrx_word' id='word_1_206' title='bbox 529 3133 709 3208; x_wconf 91' lang='lat' dir='ltr'>Vilnensis</span> <span class='ocrx_word' id='word_1_207' title='bbox 727 3133 832 3206; x_wconf 86' lang='lat' dir='ltr'>Pauli</span> <span class='ocrx_word' id='word_1_208' title='bbox 858 3131 1163 3228; x_wconf 85' lang='lat' dir='ltr'>Algimuntowicz,</span> <span class='ocrx_word' id='word_1_209' title='bbox 1185 3133 1325 3206; x_wconf 89' lang='lat' dir='ltr'>Olszani</span> <span class='ocrx_word' id='word_1_210' title='bbox 1352 3133 1463 3218; x_wconf 90' lang='lat' dir='ltr'>ducis,</span> <span class='ocrx_word' id='word_1_211' title='bbox 1484 3132 1584 3205; x_wconf 92' lang='lat' dir='ltr'>aditu</span> <span class='ocrx_word' id='word_1_212' title='bbox 1600 3130 1809 3228; x_wconf 90' lang='lat' dir='ltr'>templorum</span> 
     </span>
    </p>

    <p class='ocr_par' dir='ltr' id='par_1_13' title="bbox 177 3255 1808 3351">
     <span class='ocr_line' id='line_1_21' title="bbox 177 3255 1808 3351; baseline -0.001 -21"><span class='ocrx_word' id='word_1_213' title='bbox 177 3267 217 3330; x_wconf 88' lang='lat' dir='ltr'>et</span> <span class='ocrx_word' id='word_1_214' title='bbox 249 3257 494 3330; x_wconf 89' lang='lat' dir='ltr'>communione</span> <span class='ocrx_word' id='word_1_215' title='bbox 523 3256 680 3331; x_wconf 90' lang='lat' dir='ltr'>fidelium</span> <span class='ocrx_word' id='word_1_216' title='bbox 708 3256 919 3351; x_wconf 88' lang='lat' dir='ltr'>prohibitus.</span> <span class='ocrx_word' id='word_1_217' title='bbox 951 3256 1021 3328; x_wconf 87' lang='lat' dir='ltr'>Sed</span> <span class='ocrx_word' id='word_1_218' title='bbox 1065 3279 1182 3350; x_wconf 87' lang='lat' dir='ltr'>praeco</span> <span class='ocrx_word' id='word_1_219' title='bbox 1211 3257 1387 3330; x_wconf 86' lang='lat' dir='ltr'>maleficus</span> <span class='ocrx_word' id='word_1_220' title='bbox 1417 3255 1563 3340; x_wconf 90' lang='lat' dir='ltr'>invenit,</span> <span class='ocrx_word' id='word_1_221' title='bbox 1596 3256 1655 3328; x_wconf 94' lang='lat' dir='ltr'>ubi</span> <span class='ocrx_word' id='word_1_222' title='bbox 1682 3255 1808 3328; x_wconf 89' lang='lat' dir='ltr'>deinde</span> 
     </span>
    </p>

    <p class='ocr_par' dir='ltr' id='par_1_14' title="bbox 179 3378 1809 3477">
     <span class='ocr_line' id='line_1_22' title="bbox 179 3378 1809 3477; baseline -0.002 -24"><span class='ocrx_word' id='word_1_223' title='bbox 179 3404 289 3453; x_wconf 87' lang='lat' dir='ltr'>suam</span> <span class='ocrx_word' id='word_1_224' title='bbox 307 3380 517 3476; x_wconf 87' lang='lat' dir='ltr'>pestilentiae</span> <span class='ocrx_word' id='word_1_225' title='bbox 534 3387 680 3474; x_wconf 90' lang='lat' dir='ltr'>poneret</span> <span class='ocrx_word' id='word_1_226' title='bbox 693 3380 898 3453; x_wconf 88' lang='lat' dir='ltr'>cathedram</span> <span class='ocrx_word' id='word_1_227' title='bbox 914 3407 921 3452; x_wconf 90' lang='lat'>:</span> <span class='ocrx_word' id='word_1_228' title='bbox 935 3381 972 3452; x_wconf 93' lang='lat' dir='ltr'>in</span> <span class='ocrx_word' id='word_1_229' title='bbox 986 3381 1110 3477; x_wconf 87' lang='lat' dir='ltr'>platea,</span> <span class='ocrx_word' id='word_1_230' title='bbox 1124 3379 1169 3451; x_wconf 89' lang='lat' dir='ltr'>ab</span> <span class='ocrx_word' id='word_1_231' title='bbox 1187 3379 1310 3452; x_wconf 91' lang='lat' dir='ltr'>incolis</span> <span class='ocrx_word' id='word_1_232' title='bbox 1328 3379 1422 3453; x_wconf 88' lang='lat' dir='ltr'>dicta</span> <span class='ocrx_word' id='word_1_233' title='bbox 1435 3378 1633 3463; x_wconf 83' lang='lat' dir='ltr'>Germanis,</span> <span class='ocrx_word' id='word_1_234' title='bbox 1647 3385 1809 3474; x_wconf 86' lang='lat' dir='ltr'>acceptus</span> 
     </span>
    </p>

    <p class='ocr_par' dir='ltr' id='par_1_15' title="bbox 172 3501 1983 4841">
     <span class='ocr_line' id='line_1_23' title="bbox 179 3501 1971 3604; baseline -0.006 -21"><span class='ocrx_word' id='word_1_235' title='bbox 179 3533 205 3583; x_wconf 88' lang='lat' dir='ltr'>a</span> <span class='ocrx_word' id='word_1_236' title='bbox 219 3509 313 3594; x_wconf 89' lang='lat' dir='ltr'>cive,</span> <span class='ocrx_word' id='word_1_237' title='bbox 339 3510 376 3581; x_wconf 93' lang='lat' dir='ltr'>in</span> <span class='ocrx_word' id='word_1_238' title='bbox 397 3509 519 3604; x_wconf 88' lang='lat' dir='ltr'>primis</span> <span class='ocrx_word' id='word_1_239' title='bbox 537 3508 658 3593; x_wconf 90' lang='lat' dir='ltr'>divite,</span> <span class='ocrx_word' id='word_1_240' title='bbox 679 3509 867 3590; x_wconf 91' lang='lat' dir='ltr'>Morstinc,</span> <span class='ocrx_word' id='word_1_241' title='bbox 896 3505 1017 3578; x_wconf 87' lang='lat' dir='ltr'>fanum</span> <span class='ocrx_word' id='word_1_242' title='bbox 1041 3504 1233 3586; x_wconf 84' lang='lat' dir='ltr'>constituit,</span> <span class='ocrx_word' id='word_1_243' title='bbox 1249 3504 1403 3598; x_wconf 90' lang='lat' dir='ltr'>jecitque</span> <span class='ocrx_word' id='word_1_244' title='bbox 1426 3503 1653 3575; x_wconf 82' lang='lat' dir='ltr'>firndamenta</span> <span class='ocrx_word' id='word_1_245' title='bbox 1677 3501 1808 3574; x_wconf 89' lang='lat' dir='ltr'>scholae</span> <span class='ocrx_word' id='word_1_246' title='bbox 1833 3509 1971 3566; x_wconf 69' lang='lat' dir='ltr'>unuani-</span> 
     </span>
     <span class='ocr_line' id='line_1_24' title="bbox 180 3587 1983 3725; baseline -0.002 -20"><span class='ocrx_word' id='word_1_247' title='bbox 180 3631 426 3705; x_wconf 87' lang='lat' dir='ltr'>Luteranicae.</span> <span class='ocrx_word' id='word_1_248' title='bbox 446 3632 588 3703; x_wconf 91' lang='lat' dir='ltr'>Mortuo</span> <span class='ocrx_word' id='word_1_249' title='bbox 605 3631 743 3725; x_wconf 89' lang='lat' dir='ltr'>hospite</span> <span class='ocrx_word' id='word_1_250' title='bbox 760 3653 824 3703; x_wconf 88' lang='lat' dir='ltr'>suo</span> <span class='ocrx_word' id='word_1_251' title='bbox 839 3639 874 3704; x_wconf 89' lang='lat' dir='ltr'>et</span> <span class='ocrx_word' id='word_1_252' title='bbox 885 3637 1002 3703; x_wconf 91' lang='lat' dir='ltr'>tutore</span> <span class='ocrx_word' id='word_1_253' title='bbox 1016 3629 1203 3713; x_wconf 90' lang='lat' dir='ltr'>Morstinc,</span> <span class='ocrx_word' id='word_1_254' title='bbox 1223 3629 1315 3701; x_wconf 90' lang='lat' dir='ltr'>male</span> <span class='ocrx_word' id='word_1_255' title='bbox 1339 3630 1417 3714; x_wconf 90' lang='lat' dir='ltr'>sibi,</span> <span class='ocrx_word' id='word_1_256' title='bbox 1439 3628 1589 3724; x_wconf 89' lang='lat' dir='ltr'>pessime</span> <span class='ocrx_word' id='word_1_257' title='bbox 1606 3628 1650 3700; x_wconf 94' lang='lat' dir='ltr'>de</span> <span class='ocrx_word' id='word_1_258' title='bbox 1667 3627 1808 3702; x_wconf 87' lang='lat' dir='ltr'>civitate</span> <span class='ocrx_word' id='word_1_259' title='bbox 1831 3587 1983 3724; x_wconf 55' lang='lat' dir='ltr'>mppp</span> 
     </span>
     <span class='ocr_line' id='line_1_25' title="bbox 178 3751 1872 3849; baseline -0.003 -21"><span class='ocrx_word' id='word_1_260' title='bbox 178 3755 324 3837; x_wconf 83' lang='lat' dir='ltr'>merito,</span> <span class='ocrx_word' id='word_1_261' title='bbox 356 3762 529 3838; x_wconf 71' lang='lat' dir='ltr'>metuens</span> <span class='ocrx_word' id='word_1_262' title='bbox 548 3755 633 3849; x_wconf 86' lang='lat' dir='ltr'>suga</span> <span class='ocrx_word' id='word_1_263' title='bbox 659 3753 834 3826; x_wconf 91' lang='lat' dir='ltr'>consuluit</span> <span class='ocrx_word' id='word_1_264' title='bbox 855 3755 904 3849; x_wconf 77' lang='lat' dir='ltr'>(a).</span> <span class='ocrx_word' id='word_1_265' title='bbox 935 3752 1149 3825; x_wconf 77' lang='lat' dir='ltr'>calvinianis</span> <span class='ocrx_word' id='word_1_266' title='bbox 1174 3759 1293 3848; x_wconf 88' lang='lat' dir='ltr'>portas</span> <span class='ocrx_word' id='word_1_267' title='bbox 1321 3751 1508 3825; x_wconf 89' lang='lat' dir='ltr'>Vilnenses</span> <span class='ocrx_word' id='word_1_268' title='bbox 1542 3751 1681 3846; x_wconf 91' lang='lat' dir='ltr'>aperuit</span> <span class='ocrx_word' id='word_1_269' title='bbox 1706 3751 1809 3823; x_wconf 91' lang='lat' dir='ltr'>Pala·</span> <span class='ocrx_word' id='word_1_270' title='bbox 1833 3751 1872 3802; x_wconf 73' lang='lat' dir='ltr'>to.</span> 
     </span>
     <span class='ocr_line' id='line_1_26' title="bbox 176 3875 1807 3973; baseline -0.004 -21"><span class='ocrx_word' id='word_1_271' title='bbox 176 3881 280 3952; x_wconf 88' lang='lat' dir='ltr'>tinus</span> <span class='ocrx_word' id='word_1_272' title='bbox 299 3879 451 3952; x_wconf 87' lang='lat' dir='ltr'>civitatis</span> <span class='ocrx_word' id='word_1_273' title='bbox 474 3900 619 3973; x_wconf 87' lang='lat' dir='ltr'>praeses,</span> <span class='ocrx_word' id='word_1_274' title='bbox 640 3877 810 3950; x_wconf 77' lang='lat' dir='ltr'>Nicolaur</span> <span class='ocrx_word' id='word_1_275' title='bbox 831 3875 1031 3948; x_wconf 87' lang='lat' dir='ltr'>Radivillus</span> <span class='ocrx_word' id='word_1_276' title='bbox 1044 3899 1063 3947; x_wconf 90' lang='lat' dir='ltr'>a</span> <span class='ocrx_word' id='word_1_277' title='bbox 1076 3877 1180 3970; x_wconf 89' lang='lat' dir='ltr'>nigra</span> <span class='ocrx_word' id='word_1_278' title='bbox 1198 3877 1309 3948; x_wconf 89' lang='lat' dir='ltr'>barba</span> <span class='ocrx_word' id='word_1_279' title='bbox 1325 3876 1437 3948; x_wconf 91' lang='lat' dir='ltr'>dictus</span> <span class='ocrx_word' id='word_1_280' title='bbox 1467 3875 1574 3970; x_wconf 92' lang='lat' dir='ltr'>vulgo</span> <span class='ocrx_word' id='word_1_281' title='bbox 1589 3875 1715 3970; x_wconf 86' lang='lat' dir='ltr'>Niger,</span> <span class='ocrx_word' id='word_1_282' title='bbox 1735 3876 1807 3970; x_wconf 93' lang='lat' dir='ltr'>opi·</span> 
     </span>
     <span class='ocr_line' id='line_1_27' title="bbox 178 3996 1804 4096; baseline -0.002 -20"><span class='ocrx_word' id='word_1_283' title='bbox 178 4002 350 4076; x_wconf 88' lang='lat' dir='ltr'>nionibus</span> <span class='ocrx_word' id='word_1_284' title='bbox 375 4001 480 4095; x_wconf 87' lang='lat' dir='ltr'>hujus</span> <span class='ocrx_word' id='word_1_285' title='bbox 499 4007 604 4074; x_wconf 89' lang='lat' dir='ltr'>sectae</span> <span class='ocrx_word' id='word_1_286' title='bbox 627 4000 732 4073; x_wconf 93' lang='lat' dir='ltr'>homo</span> <span class='ocrx_word' id='word_1_287' title='bbox 761 3999 914 4072; x_wconf 91' lang='lat' dir='ltr'>imbutus</span> <span class='ocrx_word' id='word_1_288' title='bbox 943 4021 1104 4094; x_wconf 84' lang='lat' dir='ltr'>peregre.</span> <span class='ocrx_word' id='word_1_289' title='bbox 1138 3996 1304 4073; x_wconf 86' lang='lat' dir='ltr'>Advenas</span> <span class='ocrx_word' id='word_1_290' title='bbox 1334 4024 1417 4074; x_wconf 91' lang='lat' dir='ltr'>suos</span> <span class='ocrx_word' id='word_1_291' title='bbox 1447 4000 1629 4096; x_wconf 87' lang='lat' dir='ltr'>aBelgio,</span> <span class='ocrx_word' id='word_1_292' title='bbox 1667 3999 1804 4085; x_wconf 83' lang='lat' dir='ltr'>Galliis,</span> 
     </span>
     <span class='ocr_line' id='line_1_28' title="bbox 179 4122 1809 4222; baseline -0.003 -21"><span class='ocrx_word' id='word_1_293' title='bbox 179 4126 388 4208; x_wconf 86' lang='lat' dir='ltr'>Germania,</span> <span class='ocrx_word' id='word_1_294' title='bbox 411 4147 521 4196; x_wconf 90' lang='lat' dir='ltr'>novos</span> <span class='ocrx_word' id='word_1_295' title='bbox 539 4147 709 4197; x_wconf 90' lang='lat' dir='ltr'>novarum</span> <span class='ocrx_word' id='word_1_296' title='bbox 722 4122 933 4218; x_wconf 89' lang='lat' dir='ltr'>religionum</span> <span class='ocrx_word' id='word_1_297' title='bbox 945 4125 1167 4209; x_wconf 88' lang='lat' dir='ltr'>architectos,</span> <span class='ocrx_word' id='word_1_298' title='bbox 1184 4126 1268 4222; x_wconf 92' lang='lat' dir='ltr'>quia</span> <span class='ocrx_word' id='word_1_299' title='bbox 1280 4127 1376 4222; x_wconf 89' lang='lat' dir='ltr'>prius</span> <span class='ocrx_word' id='word_1_300' title='bbox 1390 4128 1426 4200; x_wconf 90' lang='lat' dir='ltr'>in</span> <span class='ocrx_word' id='word_1_301' title='bbox 1445 4128 1569 4199; x_wconf 89' lang='lat' dir='ltr'>umbra</span> <span class='ocrx_word' id='word_1_302' title='bbox 1580 4125 1809 4220; x_wconf 88' lang='lat' dir='ltr'>experiendos</span> 
     </span>
     <span class='ocr_line' id='line_1_29' title="bbox 177 4245 1954 4361; baseline -0.002 -38"><span class='ocrx_word' id='word_1_303' title='bbox 177 4255 346 4348; x_wconf 86' lang='lat' dir='ltr'>putaret,</span> <span class='ocrx_word' id='word_1_304' title='bbox 367 4245 532 4320; x_wconf 90' lang='lat' dir='ltr'>Lukiscis</span> <span class='ocrx_word' id='word_1_305' title='bbox 562 4246 597 4318; x_wconf 90' lang='lat' dir='ltr'>in</span> <span class='ocrx_word' id='word_1_306' title='bbox 620 4270 684 4319; x_wconf 91' lang='lat' dir='ltr'>suo</span> <span class='ocrx_word' id='word_1_307' title='bbox 702 4248 904 4320; x_wconf 88' lang='lat' dir='ltr'>suburbano</span> <span class='ocrx_word' id='word_1_308' title='bbox 924 4247 1127 4343; x_wconf 86' lang='lat' dir='ltr'>aliquandiu</span> <span class='ocrx_word' id='word_1_309' title='bbox 1157 4250 1340 4322; x_wconf 90' lang='lat' dir='ltr'>continuit.</span> <span class='ocrx_word' id='word_1_310' title='bbox 1370 4251 1423 4322; x_wconf 93' lang='lat' dir='ltr'>lbi</span> <span class='ocrx_word' id='word_1_311' title='bbox 1441 4251 1485 4323; x_wconf 91' lang='lat' dir='ltr'>de</span> <span class='ocrx_word' id='word_1_312' title='bbox 1500 4249 1640 4333; x_wconf 83' lang='lat' dir='ltr'>ritibus,</span> <span class='ocrx_word' id='word_1_313' title='bbox 1660 4247 1810 4320; x_wconf 83' lang='lat' dir='ltr'>maxime</span> <span class='ocrx_word' id='word_1_314' title='bbox 1833 4307 1855 4360; x_wconf 84' lang='lat'>1.</span> <span class='ocrx_word' id='word_1_315' title='bbox 1855 4305 1954 4361; x_wconf 76' lang='lat' dir='ltr'>ruscis</span> 
     </span>
     <span class='ocr_line' id='line_1_30' title="bbox 174 4371 1956 4468; baseline -0.006 -21"><span class='ocrx_word' id='word_1_316' title='bbox 174 4375 226 4447; x_wconf 89' lang='lat' dir='ltr'>de</span> <span class='ocrx_word' id='word_1_317' title='bbox 250 4374 364 4446; x_wconf 89' lang='lat' dir='ltr'>Coena</span> <span class='ocrx_word' id='word_1_318' title='bbox 380 4371 534 4455; x_wconf 90' lang='lat' dir='ltr'>Domini,</span> <span class='ocrx_word' id='word_1_319' title='bbox 554 4371 637 4465; x_wconf 90' lang='lat' dir='ltr'>quid</span> <span class='ocrx_word' id='word_1_320' title='bbox 664 4394 708 4444; x_wconf 85' lang='lat' dir='ltr'>ex</span> <span class='ocrx_word' id='word_1_321' title='bbox 731 4371 1011 4444; x_wconf 88' lang='lat' dir='ltr'>institutionibus</span> <span class='ocrx_word' id='word_1_322' title='bbox 1029 4372 1164 4445; x_wconf 83' lang='lat' dir='ltr'>Calvini</span> <span class='ocrx_word' id='word_1_323' title='bbox 1180 4380 1355 4459; x_wconf 89' lang='lat' dir='ltr'>tenerent,</span> <span class='ocrx_word' id='word_1_324' title='bbox 1377 4374 1504 4468; x_wconf 89' lang='lat' dir='ltr'>quidve</span> <span class='ocrx_word' id='word_1_325' title='bbox 1527 4373 1730 4445; x_wconf 88' lang='lat' dir='ltr'>novandum</span> <span class='ocrx_word' id='word_1_326' title='bbox 1745 4395 1807 4468; x_wconf 92' lang='lat' dir='ltr'>pu·</span> <span class='ocrx_word' id='word_1_327' title='bbox 1833 4386 1956 4455; x_wconf 77' lang='lat' dir='ltr'>princeps</span> 
     </span>
     <span class='ocr_line' id='line_1_31' title="bbox 173 4470 1981 4602; baseline -0.003 -30"><span class='ocrx_word' id='word_1_328' title='bbox 173 4503 318 4580; x_wconf 74' lang='lat' dir='ltr'>tarent,</span> <span class='ocrx_word' id='word_1_329' title='bbox 338 4493 470 4568; x_wconf 90' lang='lat' dir='ltr'>arbiter</span> <span class='ocrx_word' id='word_1_330' title='bbox 486 4495 561 4588; x_wconf 90' lang='lat' dir='ltr'>ipse</span> <span class='ocrx_word' id='word_1_331' title='bbox 579 4503 614 4568; x_wconf 89' lang='lat' dir='ltr'>et</span> <span class='ocrx_word' id='word_1_332' title='bbox 632 4517 695 4566; x_wconf 85' lang='lat' dir='ltr'>rex</span> <span class='ocrx_word' id='word_1_333' title='bbox 708 4517 887 4568; x_wconf 90' lang='lat' dir='ltr'>sacrorum</span> <span class='ocrx_word' id='word_1_334' title='bbox 903 4495 1126 4569; x_wconf 87' lang='lat' dir='ltr'>consultavit.</span> <span class='ocrx_word' id='word_1_335' title='bbox 1147 4497 1233 4569; x_wconf 92' lang='lat' dir='ltr'>Inde</span> <span class='ocrx_word' id='word_1_336' title='bbox 1246 4498 1333 4569; x_wconf 91' lang='lat' dir='ltr'>itum</span> <span class='ocrx_word' id='word_1_337' title='bbox 1351 4497 1398 4568; x_wconf 94' lang='lat' dir='ltr'>ad</span> <span class='ocrx_word' id='word_1_338' title='bbox 1425 4495 1606 4569; x_wconf 87' lang='lat' dir='ltr'>sacrificia.</span> <span class='ocrx_word' id='word_1_339' title='bbox 1632 4496 1757 4568; x_wconf 86' lang='lat' dir='ltr'>Posita</span> <span class='ocrx_word' id='word_1_340' title='bbox 1773 4496 1808 4567; x_wconf 90' lang='lat' dir='ltr'>in</span> <span class='ocrx_word' id='word_1_341' title='bbox 1834 4470 1981 4602; x_wconf 49' lang='lat' dir='ltr'>ffifflfiffis</span> 
     </span>
     <span class='ocr_line' id='line_1_32' title="bbox 172 4619 1972 4715; baseline -0.006 -20"><span class='ocrx_word' id='word_1_342' title='bbox 172 4619 339 4695; x_wconf 81' lang='lat' dir='ltr'>triclinio</span> <span class='ocrx_word' id='word_1_343' title='bbox 356 4642 498 4700; x_wconf 76' lang='lat' dir='ltr'>mensa:</span> <span class='ocrx_word' id='word_1_344' title='bbox 518 4621 609 4694; x_wconf 90' lang='lat' dir='ltr'>istuc</span> <span class='ocrx_word' id='word_1_345' title='bbox 626 4620 778 4715; x_wconf 91' lang='lat' dir='ltr'>quidem,</span> <span class='ocrx_word' id='word_1_346' title='bbox 810 4621 979 4694; x_wconf 89' lang='lat' dir='ltr'>ministris</span> <span class='ocrx_word' id='word_1_347' title='bbox 1005 4645 1142 4696; x_wconf 87' lang='lat' dir='ltr'>coenam</span> <span class='ocrx_word' id='word_1_348' title='bbox 1168 4621 1309 4694; x_wconf 89' lang='lat' dir='ltr'>Domini</span> <span class='ocrx_word' id='word_1_349' title='bbox 1336 4623 1390 4694; x_wconf 91' lang='lat' dir='ltr'>sui</span> <span class='ocrx_word' id='word_1_350' title='bbox 1420 4621 1633 4696; x_wconf 91' lang='lat' dir='ltr'>manducare</span> <span class='ocrx_word' id='word_1_351' title='bbox 1650 4621 1808 4715; x_wconf 85' lang='lat' dir='ltr'>cogitau-</span> <span class='ocrx_word' id='word_1_352' title='bbox 1834 4646 1972 4702; x_wconf 77' lang='lat' dir='ltr'>precones.</span> 
     </span>
     <span class='ocr_line' id='line_1_33' title="bbox 172 4741 1808 4841; baseline -0.001 -24"><span class='ocrx_word' id='word_1_353' title='bbox 172 4745 292 4827; x_wconf 87' lang='lat' dir='ltr'>tibus,</span> <span class='ocrx_word' id='word_1_354' title='bbox 315 4741 457 4836; x_wconf 91' lang='lat' dir='ltr'>placuit.</span> <span class='ocrx_word' id='word_1_355' title='bbox 471 4743 658 4838; x_wconf 86' lang='lat' dir='ltr'>Proposita</span> <span class='ocrx_word' id='word_1_356' title='bbox 672 4751 753 4836; x_wconf 83' lang='lat' dir='ltr'>ante</span> <span class='ocrx_word' id='word_1_357' title='bbox 769 4767 925 4818; x_wconf 87' lang='lat' dir='ltr'>mensam</span> <span class='ocrx_word' id='word_1_358' title='bbox 942 4745 1034 4818; x_wconf 90' lang='lat' dir='ltr'>inter</span> <span class='ocrx_word' id='word_1_359' title='bbox 1047 4747 1212 4819; x_wconf 89' lang='lat' dir='ltr'>ardentes</span> <span class='ocrx_word' id='word_1_360' title='bbox 1231 4769 1350 4820; x_wconf 89' lang='lat' dir='ltr'>cereos</span> <span class='ocrx_word' id='word_1_361' title='bbox 1367 4746 1483 4841; x_wconf 85' lang='lat' dir='ltr'>imago</span> <span class='ocrx_word' id='word_1_362' title='bbox 1502 4745 1653 4831; x_wconf 82' lang='lat' dir='ltr'>Christi;</span> <span class='ocrx_word' id='word_1_363' title='bbox 1675 4746 1711 4817; x_wconf 91' lang='lat' dir='ltr'>id</span> <span class='ocrx_word' id='word_1_364' title='bbox 1725 4767 1808 4818; x_wconf 91' lang='lat' dir='ltr'>vero</span> 
     </span>
    </p>
   </div>
   <div class='ocr_carea' id='block_1_3' title="bbox 174 4867 1808 4965">
    <p class='ocr_par' dir='ltr' id='par_1_16' title="bbox 174 4867 1808 4965">
     <span class='ocr_line' id='line_1_34' title="bbox 174 4867 1808 4965; baseline -0.001 -23"><span class='ocrx_word' id='word_1_365' title='bbox 174 4867 267 4942; x_wconf 90' lang='lat' dir='ltr'>boni</span> <span class='ocrx_word' id='word_1_366' title='bbox 285 4867 449 4961; x_wconf 82' lang='lat' dir='ltr'>magistri</span> <span class='ocrx_word' id='word_1_367' title='bbox 465 4869 538 4963; x_wconf 91' lang='lat' dir='ltr'>pati</span> <span class='ocrx_word' id='word_1_368' title='bbox 556 4868 652 4965; x_wconf 89' lang='lat' dir='ltr'>haud</span> <span class='ocrx_word' id='word_1_369' title='bbox 668 4875 845 4964; x_wconf 89' lang='lat' dir='ltr'>poterant.</span> <span class='ocrx_word' id='word_1_370' title='bbox 867 4869 1086 4943; x_wconf 84' lang='lat' dir='ltr'>Summotum</span> <span class='ocrx_word' id='word_1_371' title='bbox 1117 4870 1228 4965; x_wconf 89' lang='lat' dir='ltr'>igitur</span> <span class='ocrx_word' id='word_1_372' title='bbox 1244 4870 1483 4944; x_wconf 90' lang='lat' dir='ltr'>simulacrum.</span> <span class='ocrx_word' id='word_1_373' title='bbox 1499 4871 1522 4942; x_wconf 86' lang='lat' dir='ltr'>J</span> <span class='ocrx_word' id='word_1_374' title='bbox 1524 4894 1582 4943; x_wconf 90' lang='lat' dir='ltr'>am</span> <span class='ocrx_word' id='word_1_375' title='bbox 1599 4894 1668 4965; x_wconf 91' lang='lat' dir='ltr'>quo</span> <span class='ocrx_word' id='word_1_376' title='bbox 1682 4877 1808 4964; x_wconf 88' lang='lat' dir='ltr'>paratu</span> 
     </span>
    </p>
   </div>
   <div class='ocr_carea' id='block_1_4' title="bbox 174 5031 1808 5260">
    <p class='ocr_par' dir='ltr' id='par_1_17' title="bbox 174 5031 1808 5260">
     <span class='ocr_line' id='line_1_35' title="bbox 221 5031 1808 5152; baseline 0.001 -26"><span class='ocrx_word' id='word_1_377' title='bbox 221 5069 269 5143; x_wconf 87' lang='lat' dir='ltr'>(l)</span> <span class='ocrx_word' id='word_1_378' title='bbox 290 5067 356 5126; x_wconf 82' lang='lat' dir='ltr'>vu.</span> <span class='ocrx_word' id='word_1_379' title='bbox 374 5069 446 5128; x_wconf 88' lang='lat' dir='ltr'>libro</span> <span class='ocrx_word' id='word_1_380' title='bbox 461 5072 516 5130; x_wconf 91' lang='lat' dir='ltr'>hoc</span> <span class='ocrx_word' id='word_1_381' title='bbox 538 5087 614 5130; x_wconf 86' lang='lat' dir='ltr'>num.</span> <span class='ocrx_word' id='word_1_382' title='bbox 635 5073 684 5146; x_wconf 83' lang='lat'>15,</span> <span class='ocrx_word' id='word_1_383' title='bbox 701 5073 736 5130; x_wconf 88' lang='lat' dir='ltr'>de</span> <span class='ocrx_word' id='word_1_384' title='bbox 759 5071 851 5130; x_wconf 87' lang='lat' dir='ltr'>initiis</span> <span class='ocrx_word' id='word_1_385' title='bbox 875 5069 1024 5152; x_wconf 81' lang='lat' dir='ltr'>religionis</span> <span class='ocrx_word' id='word_1_386' title='bbox 1040 5073 1202 5133; x_wconf 82' lang='lat' dir='ltr'>christiana</span> <span class='ocrx_word' id='word_1_387' title='bbox 1228 5031 1350 5140; x_wconf 80' lang='lat' dir='ltr'>etllv,</span> <span class='ocrx_word' id='word_1_388' title='bbox 1363 5087 1391 5130; x_wconf 90' lang='lat' dir='ltr'>n.</span> <span class='ocrx_word' id='word_1_389' title='bbox 1410 5073 1437 5130; x_wconf 88' lang='lat'>9.</span> <span class='ocrx_word' id='word_1_390' title='bbox 1451 5071 1520 5144; x_wconf 75' lang='lat' dir='ltr'>-tl</span> <span class='ocrx_word' id='word_1_391' title='bbox 1557 5071 1701 5131; x_wconf 85' lang='lat' dir='ltr'>Calvinica</span> <span class='ocrx_word' id='word_1_392' title='bbox 1730 5077 1808 5130; x_wconf 84' lang='lat' dir='ltr'>secta</span> 
     </span>
     <span class='ocr_line' id='line_1_36' title="bbox 174 5175 1655 5260; baseline 0.001 -24"><span class='ocrx_word' id='word_1_393' title='bbox 174 5177 374 5236; x_wconf 83' lang='lat' dir='ltr'>introducitur</span> <span class='ocrx_word' id='word_1_394' title='bbox 385 5175 504 5249; x_wconf 85' lang='lat' dir='ltr'>Vtinam,</span> <span class='ocrx_word' id='word_1_395' title='bbox 528 5186 666 5255; x_wconf 80' lang='lat' dir='ltr'>presente</span> <span class='ocrx_word' id='word_1_396' title='bbox 688 5195 755 5253; x_wconf 78' lang='lat' dir='ltr'>rego</span> <span class='ocrx_word' id='word_1_397' title='bbox 766 5181 905 5260; x_wconf 79' lang='lat' dir='ltr'>Augusto.</span> <span class='ocrx_word' id='word_1_398' title='bbox 1650 5179 1655 5192; x_wconf 86' lang='lat'>&#39;</span> 
     </span>
    </p>
   </div>
   <div class='ocr_carea' id='block_1_5' title="bbox 0 0 2458 6642">
    <p class='ocr_par' dir='ltr' id='par_1_18' title="bbox 0 0 2458 6642">
     <span class='ocr_line' id='line_1_37' title="bbox 0 0 2458 6642; baseline 0 10"><span class='ocrx_word' id='word_1_399' title='bbox 0 0 2458 6642; x_wconf 95' lang='lat' dir='ltr'> </span> 
     </span>
    </p>
   </div>
  </div>
 </body>
</html>
