4948 6672
852 839 1088 907 APPENBICES.
1712 839 1773 909 419

168 1057 326 1131 Omnium
350 1063 468 1130 autem
481 1057 606 1128 horum
625 1043 793 1128 alienatio
823 1055 887 1128 suh
908 1057 1066 1130 censuris
1088 1055 1348 1142 ecclesiasticis,
1370 1059 1405 1128 et
1414 1055 1479 1127 sub
1495 1053 1657 1130 nullitate
1673 1062 1772 1130 actus
1805 1118 1817 1142 ,

166 1190 203 1241 66
231 1167 446 1263 obligatione
470 1165 678 1240 restituendi
719 1172 774 1238 est
802 1168 922 1239 vetita.
952 1167 1119 1260 (Primum
1149 1167 1289 1262 quidem
1318 1190 1340 1238 a
1374 1167 1411 1240 S.
1446 1165 1569 1238 Leone
1596 1167 1626 1240 1.
1655 1168 1767 1265 Papa,

166 1307 217 1355 66.
239 1285 313 1356 447
334 1310 343 1371 ;
358 1291 479 1378 postea
495 1305 579 1355 vero
598 1304 620 1354 a
636 1281 748 1354 Paulo
766 1282 801 1354 Il
819 1279 1014 1372 Extravag.
1042 1282 1257 1365 Ambitiosa,
1277 1301 1300 1351 6
1316 1276 1429 1350 Paulo
1448 1277 1498 1350 lV
1518 1277 1554 1350 in
1572 1279 1767 1377 Extravag.

166 1399 372 1486 iujunctum,
409 1402 444 1468 et
469 1415 491 1466 a
513 1393 578 1467 Pio
602 1392 636 1465 V
673 1401 708 1467 et
729 1389 926 1466 aConcilio
944 1387 1164 1476 Tridentino,
1185 1390 1281 1464 Sess.
1301 1390 1362 1464 22.
1387 1389 1474 1484 Cap.
1499 1389 1621 1465 11.(16
1646 1398 1770 1481 Refor-

165 1508 340 1693 qulzoffl
359 1619 450 1691 hanc
465 1616 713 1690 alienationem
727 1584 948 1712 episcopatus
966 1612 1227 1688 Premisliensis
1236 1611 1339 1706 (idem
1353 1618 1470 1685 autem
1479 1622 1534 1687 est
1545 1614 1717 1709 judicium
1729 1615 1774 1692 de

166 1733 362 1827 episcopatu
396 1728 633 1814 Luceoriensi,
663 1727 933 1812 Mscislaviensi,
951 1727 1100 1801 ecclesia
1114 1727 1152 1798 S.
1173 1724 1314 1819 Sophiae
1328 1732 1364 1797 et
1376 1722 1467 1821 aliis)
1480 1736 1692 1823 usurparent
1707 1729 1776 1802 sibi

164 1839 373 1914 schismatici
393 1839 674 1936 jurisdictionem
701 1838 738 1909 in
763 1839 921 1928 animas;
938 1862 1017 1935 quae
1041 1836 1133 1933 lupis
1151 1838 1188 1910 in
1210 1859 1292 1910 oves
1307 1837 1438 1911 Christi
1456 1863 1560 1912 neca
1578 1842 1677 1937 Papa
1696 1866 1776 1916 con-

165 1952 238 2024 cedi
255 1957 383 2047 potest,
407 1949 516 2022 multo
543 1950 694 2022 minusa
710 1951 921 2045 magistratu
947 1955 1006 2021 aut
1035 1971 1057 2022 a
1082 1947 1262 2044 republica
1295 1949 1469 2023 saeculari.
1492 1953 1639 2048 Insuper
1657 1955 1775 2048 acqui·

164 2070 280 2134 rorent
306 2061 520 2134 schismatici
544 2066 755 2155 potestatem
775 2058 1045 2132 administrandi
1074 2067 1308 2144 sacramenta,
1324 2083 1404 2155 quae
1422 2061 1569 2136 subditis
1591 2087 1662 2137 non
1694 2065 1778 2140 licet

166 2175 339 2270 suscipere
367 2173 413 2244 ab
437 2171 613 2245 haereticis
637 2171 836 2267 pastoribus
851 2170 972 2269 quales
986 2178 1068 2244 sunt
1094 2170 1132 2244 hi
1147 2171 1371 2244 schismatici.
1408 2171 1640 2269 Aequirerent
1673 2177 1778 2250 etiam

160 2286 217 2380 jus
247 2284 396 2358 docendi
412 2282 579 2379 populum
596 2284 662 2357 sibi
675 2283 881 2378 subjectum,
904 2307 946 2356 ac
962 2305 1026 2379 per
1042 2284 1327 2378 consequentiam
1347 2285 1497 2357 docendi
1514 2310 1575 2360 eas
1592 2309 1680 2384 quas
1697 2313 1778 2385 pro-

164 2397 306 2471 fitentur
322 2399 478 2471 haereses
496 2398 540 2470 de
556 2397 781 2492 processione
799 2395 949 2490 Spiritus
962 2393 1082 2471 Sancti
1099 2417 1118 2466 a
1138 2394 1213 2468 solo
1232 2395 1352 2480 Patre,
1387 2396 1432 2470 de
1460 2397 1623 2471 Romano
1659 2399 1780 2472 Ponti·

164 2510 239 2594 fiee,
255 2510 349 2605 quod
374 2531 445 2582 non
470 2509 517 2580 sit
538 2510 667 2581 Pastor
700 2509 809 2580 totius
840 2507 1009 2580 Ecclesiae
1026 2507 1157 2581 Christi
1187 2514 1252 2580 616.
1274 2535 1283 2594 ;
1303 2531 1383 2603 quae
1406 2510 1525 2582 omnia
1542 2518 1624 2584 sunt
1641 2511 1777 2590 illicita.

165 2623 325 2716 Denique
342 2621 563 2717 acquirerent
578 2622 648 2694 vim
660 2619 844 2694 coercendi
861 2619 977 2714 poenis
991 2641 1064 2706 ece,
1085 2619 1145 2714 qui
1161 2617 1232 2692 illis
1250 2619 1390 2692 nollent
1401 2619 1557 2707 obedire,
1578 2645 1619 2696 ac
1636 2625 1783 2720 proinde

166 2733 335 2830 puniendi
352 2733 545 2806 catholicos
569 2733 701 2817 unitos,
722 2731 778 2827 qui
802 2731 1103 2805 schismaticorum
1129 2753 1267 2805 errores
1285 2738 1455 2828 respuunt
1471 2758 1480 2819 ;
1496 2732 1590 2827 quod
1607 2736 1715 2809 etiam
1731 2744 1785 2810 est

167 2844 337 2917 Ecclesiae
352 2842 573 2938 injuriosum.v
1107 2855 1110 2864 '
1515 2869 1518 2888 ·

214 2957 254 3031 3⁰
272 2955 516 3036 Quiaetiamsi
541 2977 719 3051 nunquam
738 2955 957 3050 episcopatus
983 2951 1255 3042 Premisliensis,
1281 2961 1343 3028 aut
1373 2955 1448 3050 ejus
1465 2955 1649 3055 episcopus
1678 2968 1785 3036 autea

166 3069 291 3142 fuisset
307 3069 437 3152 unitus,
452 3089 496 3140 eo
510 3067 587 3162 ipso
601 3064 694 3162 quod
712 3088 804 3138 nunc
834 3087 877 3138 ea
905 3065 999 3138 bona
1031 3065 1269 3140 ecclesiastica
1287 3065 1390 3140 modo
1419 3066 1579 3162 legitimo
1604 3073 1785 3169 assignata

168 3189 251 3253 sunt
275 3203 299 3252 a
324 3179 466 3252 Summo
497 3176 667 3251 Pontifice
685 3184 722 3250 61
741 3176 963 3249 serenissimo
985 3177 1089 3272 Rege
1115 3200 1179 3274 pro
1199 3179 1363 3274 episcopo
1389 3179 1501 3263 unito,
1520 3181 1733 3258 transierunt
1747 3185 1784 3258 in

163 3293 222 3388 jus
249 3287 432 3375 Ecclesiae,
453 3296 535 3362 sunt
550 3312 634 3362 vere
651 3296 687 3361 et
703 3287 843 3384 proprie
861 3288 955 3361 bona
968 3288 1137 3362 Ecclesiae
1154 3289 1350 3376 catholicae,
1372 3312 1414 3364 ae
1440 3292 1587 3387 proinde
1615 3317 1685 3370 non
1703 3320 1782 3392 pos·

167 3400 323 3475 suntab
353 3421 397 3472 ea
427 3399 591 3487 alienari,
624 3399 693 3472 nisi
722 3400 964 3474 consentiente
993 3400 1157 3492 Romano
1188 3400 1372 3486 Ρ66111166,
1408 3403 1560 3478 Pastore
1597 3407 1781 3482 Ecclesiae.

168 3513 285 3588 Multo
301 3519 419 3585 autem
443 3511 558 3606 magis
576 3533 646 3582 non
671 3517 819 3606 possunt
853 3511 976 3586 eadem
994 3510 1071 3584 dari
1096 3511 1274 3586 haereticis
1309 3518 1345 3585 et
1367 3513 1529 3589 hostibus
1556 3517 1593 3591 S.
1614 3518 1787 3594 Romanae

169 3623 342 3699 Ecclesiae
355 3622 534 3720 pejoribus
547 3645 653 3717 quam
670 3623 740 3694 sint
755 3621 823 3717 ipsi
836 3623 923 3696 meri
935 3624 1107 3707 haeretici,
1128 3632 1167 3697 61
1184 3647 1292 3719 supra
1309 3623 1393 3698 dixi.

217 3739 260 3808 4⁰
276 3734 418 3808 Certum
436 3745 502 3819 est,
517 3741 557 3806 61
570 3733 767 3807 ostenditur
784 3733 830 3806 ab
844 3733 964 3821 unitis,
997 3733 1034 3805 16
1060 3733 1121 3805 illo
1141 3735 1343 3832 episcopatu
1368 3735 1476 3810 fuisse
1498 3737 1663 3813 unionem
1680 3739 1789 3814 multo

169 3853 256 3919 ante
268 3852 428 3940 tempora
443 3843 602 3918 moderni
619 3842 786 3939 episcopi,
815 3849 854 3914 ut
875 3841 967 3916 inira
991 3844 1189 3919 ostendam.
1207 3847 1310 3920 Esset
1323 3855 1440 3921 autem
1466 3857 1589 3923 eontra
1596 3853 1658 3948 jus
1675 3853 1788 3927 unito·

169 3984 252 4032 rum
266 3980 308 4031 ac
324 3957 470 4054 proinde
477 3957 649 4052 iniquum,
669 3955 776 4029 unitis
794 3955 870 4030 haec
888 3956 980 4030 bona
992 3958 1351 4045 aulerre,etconierre
1364 3963 1572 4049 non-unitis,
1593 3971 1629 4040 et
1645 3966 1789 4064 iniquis·

170 4072 265 4144 sima
294 4076 388 4142 esset
403 4069 475 4156 lex,
509 4093 588 4165 quae
604 4070 642 4140 id
658 4066 869 4162 approbaret
886 4094 894 4140 :
920 4069 1133 4164 approbaret
1156 4071 1250 4143 enim
1262 4071 1354 4167 juris
1370 4071 1724 4150 alieniviolationem.

220 4185 263 4258 5⁰
284 4181 402 4277 Majus
415 4179 545 4253 malum
563 4187 619 4252 est
641 4180 783 4276 tradere
808 4181 952 4277 templa,
974 4189 1206 4266 sacramenta,
1232 4183 1519 4279 suppellectilem,
1539 4184 1633 4258 bona
1650 4187 1790 4262 stabilia

170 4303 207 4370 et
221 4294 358 4368 animas
374 4293 577 4366 innumeras
594 4289 754 4364 hostibus
771 4291 952 4381 Ecclesiae,
965 4318 1069 4390 quam
1087 4294 1258 4369 similibus
1270 4293 1430 4367 hostibus
1447 4295 1588 4369 tradere
1601 4318 1721 4374 sacros
1735 4323 1792 4373 co·

172 4411 286 4483 dices.
313 4409 359 4481 Et
387 4415 505 4480 tamen
536 4403 623 4476 dum
640 4402 851 4477 Diocletiani
868 4405 1094 4502 Imperatoris
1113 4407 1268 4489 decreto,
1286 4415 1555 4481 commemorato
1569 4407 1791 4506 aS.Augus-

173 4522 254 4595 tino
277 4520 339 4617 (De
352 4516 570 4608 Baptisauol.
586 4516 671 4602 Vll,
688 4539 720 4589 6.
738 4516 785 4610 2),
807 4525 1019 4612 cogerentur
1047 4517 1229 4591 christiani
1249 4539 1310 4591 eos
1335 4517 1482 4592 ethnicis
1511 4517 1663 4606 tradere,
1684 4521 1791 4597 male·

174 4635 277 4714 bant,
298 4631 445 4704 mortem
475 4630 606 4715 subire,
625 4651 733 4725 quam
757 4650 817 4701 eos
847 4630 995 4722 (etiamsi
1018 4629 1089 4702 alia
1125 4628 1341 4724 exemplaria
1371 4627 1521 4703 describi
1558 4639 1594 4706 61
1623 4634 1793 4710 occultari

174 4747 334 4842 possent)
369 4742 445 4814 sine
477 4741 550 4814 ullo
585 4741 713 4813 damno
744 4739 926 4834 religionis
954 4741 1107 4814 tradere.
1142 4738 1296 4834 Ideoque
1326 4739 1486 4815 Ecclesia
1519 4765 1580 4818 eos
1612 4749 1792 4846 tamquam

175 4860 354 4950 martyres
369 4851 455 4924 oolit
466 4853 491 4926 2
500 4851 661 4949 januarii
676 4851 714 4922 in
734 4852 987 4948 martyrologio
1004 4853 1179 4926 Romano.

228 4969 270 5044 6ο
295 4967 415 5062 Majus
427 4975 483 5040 est
499 4969 584 5042 dare
600 4967 756 5041 totaliter
773 4973 808 5041 61
823 4964 859 5035 16
876 4973 1082 5061 perpetuum
1107 4964 1200 5036 bona
1225 4961 1369 5035 mobilia
1386 4971 1421 5038 et
1437 4963 1643 5054 immobilia,
1663 4973 1699 5042 et
1709 4969 1794 5066 jura

178 5079 366 5164 Ecclesiae,
382 5099 486 5174 quam
511 5079 597 5152 dare
608 5085 746 5151 tantum
771 5077 809 5148 in
834 5076 1101 5172 emphyteusim,
1122 5099 1158 5148 v.
1175 5073 1273 5171 g..ad
1298 5073 1517 5164 decennium,
1537 5077 1594 5152 vel
1609 5078 1728 5154 locare
1747 5079 1794 5155 ad

179 5189 467 5288 quadriennium.
488 5190 546 5265 Sic
559 5190 652 5266 enim
666 5189 760 5268 bona
776 5187 880 5262 alteri
904 5187 1036 5261 tradita
1055 5210 1120 5260 nec
1136 5185 1337 5260 amitterent
1355 5185 1524 5267 directum
1541 5189 1734 5268 dominium
1746 5190 1798 5289 (ut

1669 5363 1702 5420 57
