4906 6642
681 799 723 865 88
892 793 898 804 ’
1049 807 1326 870 hl’l'UleCdelll
1348 808 1562 870 soclsrarls
1581 807 1668 870 tuso
1690 806 1943 870 lllS'l'OllldRUltl

508 983 572 1042 1570
682 981 886 1057 collocando
900 985 1013 1060 Sociis
1031 989 1219 1076 domicilio,
1238 999 1319 1065 utra
1335 991 1374 1063 in
1385 991 1483 1075 urbe,
1501 990 1600 1064 locus
1616 988 1708 1062 foret
1720 988 1951 1084 opportunior
1970 1013 1978 1060 :
2000 987 2139 1083 quando
2163 985 2306 1080 quidem

564 1117 604 1210 tt.
682 1105 776 1199 optio
798 1106 953 1202 eligendi
970 1110 1120 1185 dabatur
1145 1113 1189 1185 ab
1217 1114 1478 1200 invitantibus;,
1499 1113 1643 1186 Vilnam
1667 1112 1744 1207 ipse
1768 1114 1814 1186 ad
1830 1111 2064 1186 Valerianum
2085 1110 2303 1206 episcopum,

505 1197 653 1328 {fiffim
674 1229 751 1324 jam
768 1231 829 1303 diu
846 1233 958 1307 Sociis
974 1237 1253 1331 praestolantem,
1279 1263 1359 1314 cum
1375 1239 1465 1313 lecto
1497 1239 1541 1312 de
1564 1239 1711 1336 collegis
1728 1239 2015 1316 Pultoviensibus
2034 1237 2214 1333 manipulo
2242 1237 2305 1310 diu

504 1353 654 1492 {Tim-
679 1362 852 1451 noctuque
868 1358 1059 1435 festinavit.
1081 1363 1214 1442 Quarto
1231 1387 1344 1438 nonas
1357 1363 1522 1460 quintiles
1534 1365 1659 1438 urbem
1672 1367 1838 1453 subeunt,
1858 1391 1938 1441 eum
1954 1364 2039 1439 solis
2058 1371 2139 1437 ortu
2153 1363 2301 1458 pariter;

503 1533 544 1587 ep.
565 1519 635 1572 gl„
679 1499 720 1550 eo
738 1478 788 1551 ita
804 1482 965 1556 matutini
991 1483 1147 1570 consilio,
1173 1486 1456 1561 benevolentiam
1484 1487 1651 1561 antistitis
1677 1496 1953 1586 apparatamque
1984 1489 2031 1562 ad
2056 1487 2303 1583 excipiendum

504 1601 555 1653 tat.
677 1628 839 1701 pompam
852 1615 891 1680 ut
917 1619 1098 1705 occupent.
1116 1612 1234 1684 Primo
1256 1613 1387 1699 statim,
1410 1638 1479 1711 quo
1502 1615 1593 1688 foret
1619 1615 1852 1700 commodum,
1870 1620 2027 1709 tempore
2053 1611 2210 1705 hospites
2236 1608 2303 1680 filii

677 1739 859 1824 parentem
890 1735 946 1806 sui
976 1735 1117 1830 collegii
1142 1737 1354 1812 salutarunt.
1371 1739 1428 1812 Ad
1461 1763 1540 1814 eum
1570 1746 1795 1835 conspectum
1826 1737 2042 1811 incredibilis
2060 1735 2224 1830 utrinque
2240 1755 2302 1806 co·

676 1862 754 1926 orta
783 1853 933 1930 laetitia:
953 1858 1048 1943 hinc,
1076 1861 1169 1954 quod
1186 1861 1378 1957 principem
1400 1864 1631 1952 carissimum,
1652 1863 1829 1938 desiderio
1843 1860 1897 1936 sui
1910 1859 2089 1934 luculente
2116 1858 2297 1942 affectum,

559 2016 562 2020 ·
675 1985 874 2071 spectarent
890 1980 1122 2067 incolumem;
1141 1982 1252 2068 illinc,
1282 1985 1376 2079 quod
1393 1985 1500 2074 filios,
1522 2011 1670 2084 peregre
1692 1987 1835 2073 acutos,
1855 1985 1999 2060 undem
2019 1989 2119 2079 pater
2141 1981 2180 2055 in
2196 2004 2300 2054 suum

675 2102 851 2194 grerrdum
868 2103 1055 2200 acciperet.

721 2227 845 2321 ltaque
863 2229 1086 2316 Valerianus,
1107 2234 1329 2306 sacerdotum
1346 2241 1451 2327 atque
1468 2233 1665 2306 antistitum
1682 2227 1859 2327 frequenti
1878 2228 2029 2324 stipatus
2047 2233 2186 2312 senatu,
2205 2249 2296 2322 pon·

670 2349 778 2425 tificio
800 2361 926 2426 ornatu
943 2355 1096 2449 fulgens,
1117 2355 1314 2451 hospitibus
1332 2355 1417 2429 facit
1438 2356 1662 2430 audientiam.
1685 2357 1868 2430 Sociorum
1883 2375 2027 2428 causam
2048 2351 2099 2424 sic
2121 2359 2200 2424 orat
2214 2351 2296 2424 Ma·

670 2473 776 2567 gius:
802 2505 818 2536 a
843 2457 1002 2550 'landem
1019 2478 1221 2574 aliquando,
1250 2480 1486 2554 illustrissime
1508 2481 1653 2576 praesul,
1681 2481 1841 2554 homines
1866 2476 2140 2575 expectatissimi
2161 2477 2238 2560 tihi,
2258 2483 2297 2549 et

672 2623 688 2654 u
708 2598 922 2692 cupidissimi
939 2601 1004 2686 tui,
1021 2601 1138 2674 divino
1164 2602 1333 2676 beneficio
1355 2605 1495 2680 adsunt.
1512 2603 1745 2699 subigebam
1775 2627 1856 2699 ege,
1875 2603 2054 2676 undenam
2081 2601 2161 2673 haec
2184 2601 2297 2674 verba

670 2752 686 2782 κ
707 2723 844 2797 ordirer
864 2749 872 2796 :
893 2733 929 2798 et
945 2726 1155 2822 cogitabam,
1176 2751 1345 2802 excusare
1362 2730 1532 2825 principio
1547 2730 1720 2803 adventus
1737 2728 1849 2801 nostri
1868 2725 2099 2810 tardidatem3
2119 2724 2294 2796 utstatim

673 2877 689 2908 κ
710 2850 815 2945 (quod
833 2852 1043 2948 praecipiunt
1073 2853 1244 2950 rhetores)
1273 2855 1440 2950 quidquid
1462 2857 1608 2952 primam
1631 2855 1737 2950 hujus
1756 2875 1968 2947 congressus
1993 2850 2150 2923 minuere
2175 2857 2299 2944 posset

669 2999 685 3032 a
707 2973 870 3066 gratiam,
889 2974 1063 3048 amolircr.
1080 2975 1163 3062 Sed,
1181 2983 1220 3048 ut
1237 2978 1390 3072 primum
1406 2978 1475 3050 frui
1493 2985 1553 3050 tuo
1571 2985 1761 3072 conspectu
1780 2976 1901 3050 datum
1926 2980 1998 3060 est;
2017 2980 2080 3046 tua
2101 2970 2295 3068 singularis

669 3125 685 3154 κ
708 3094 921 3184 humanitas,
950 3105 986 3172 et
1002 3120 1139 3172 summa
1156 3097 1367 3193 benignitas,
1386 3124 1493 3196 quam
1505 3101 1623 3174 vultus
1640 3099 1762 3196 optimi
1784 3107 1821 3174 et
1831 3099 2042 3195 pollicentur
2055 3104 2091 3170 et
2109 3095 2289 3182 exhibent,

667 3248 683 3280 a
704 3223 889 3316 persuasit,
910 3223 999 3296 nihil
1016 3247 1095 3298 esse
1121 3224 1340 3298 salutationis
1358 3228 1470 3300 officio
1488 3225 1782 3322 praevertendum.
1800 3221 1895 3296 Ante
1914 3219 2032 3294 omnia
2051 3219 2175 3316 igitur,
2191 3220 2292 3291 Prae-

666 3375 682 3406 κ
703 3347 807 3442 positi
825 3350 937 3422 nostri
955 3350 1132 3446 generalis
1149 3359 1186 3424 et
1198 3358 1335 3425 cunctae
1348 3350 1535 3424 Societatis
1548 3358 1584 3422 et
1600 3355 1733 3432 nostro,
1755 3345 1814 3442 qui
1832 3352 1961 3440 praesto
1980 3365 2114 3429 sumus,
2129 3341 2288 3428 nomine,

665 3499 681 3531 a
703 3470 890 3566 plurimam
903 3473 967 3546 tibi
993 3475 1109 3548 studio
1131 3483 1244 3563 tanto,
1265 3482 1434 3572 quantum
1461 3474 1648 3548 maximum
1667 3473 1843 3544 humanus
1856 3490 1983 3565 capere
1999 3473 2116 3563 potest
2133 3467 2289 3552 animus,

665 3623 682 3655 e
703 3595 854 3668 salutmn
870 3597 1016 3670 didmus
1037 3623 1045 3670 :
1065 3600 1249 3695 omniaque
1266 3601 1391 3686 fausta,
1409 3599 1726 3694 feliciadiuturna,
1738 3603 1786 3681 et,
1806 3600 1886 3691 post
1902 3594 1995 3666 hanc
2011 3593 2131 3675 vitam,
2151 3592 2293 3664 beatam

664 3748 681 3779 u
701 3720 936 3794 aeternitatem
961 3745 1147 3816 precamur
1172 3726 1217 3796 ab
1239 3747 1294 3810 eo,
1331 3748 1351 3797 a
1380 3747 1448 3820 quo
1480 3745 1583 3796 omne
1617 3723 1739 3795 datum
1763 3719 1932 3814 optimum
1966 3725 2002 3791 et
2031 3739 2135 3790 omne
2158 3715 2293 3787 donum

664 3871 681 3901 κ
701 3841 894 3937 perfectum
919 3843 1123 3931 descendit;
1144 3845 1317 3942 simulque
1341 3849 1406 3920 tibi
1423 3869 1560 3920 omnem
1588 3865 1732 3939 operam
1750 3847 1963 3936 cunctosque
1988 3840 2126 3914 labores
2146 3845 2291 3914 nostros

664 3996 680 4027 a
701 3951 904 4043 dedicamus
921 3977 957 4043 et
969 3969 1139 4043 tradimus
1161 3996 1169 4043 :
1191 3971 1277 4045 satis
1296 3971 1411 4068 gnari,
1432 3967 1585 4041 vicissim
1602 3965 1689 4038 inte
1705 3964 1900 4058 disciplinae
1917 3971 2049 4036 nostrae
2067 3964 2289 4038 defensorem

664 4092 909 4164 “acerrimum
938 4100 974 4167 et
1002 4103 1286 4168 conservatorem
1317 4092 1609 4168 studiosissimum
1635 4089 1722 4162 lore.
1744 4090 1903 4162 Societas
1929 4088 2069 4182 quidem
2091 4095 2224 4174 nostra,
2245 4096 2290 4160 ut

662 4247 678 4278 κ
700 4219 829 4292 sanctis
847 4242 979 4294 morem
998 4228 1141 4316 gereret
1158 4222 1248 4295 votis
1267 4221 1350 4308 tuis,
1376 4219 1476 4293 nulla
1498 4215 1762 4313 importunitate
1785 4211 1966 4306 temporis,
1986 4211 2084 4284 nullo
2110 4210 2287 4322 Collegio-

663 4370 679 4402 «⁶
701 4365 779 4414 rum
799 4343 1033 4427 incommodo,
1050 4345 1168 4432 hunc,
1198 4369 1300 4440 quem
1315 4345 1355 4418 in
1372 4350 1562 4438 conspectu
1581 4341 1657 4437 jam
1674 4345 1710 4410 et
1729 4337 1812 4433 jure
1828 4342 1888 4407 tuo
1903 4334 2027 4418 habes,
2046 4333 2282 4430 manipulum,

661 4475 685 4524 a*
699 4486 763 4558 per
774 4464 922 4560 injurias
935 4463 1028 4553 coeli,
1044 4489 1108 4562 per
1120 4466 1257 4539 viarum
1273 4493 1462 4556 aerumnas,
1478 4493 1542 4565 per
1559 4469 1695 4542 incerta
1710 4490 1856 4541 casuum
1870 4465 1916 4538 ad
1933 4465 1969 4536 id
1983 4489 2094 4561 usque
2107 4474 2286 4539 terrarum

662 4617 678 4648 a
699 4588 808 4660 misit.
829 4588 930 4662 Misit
955 4598 1073 4663 autem
1097 4591 1327 4667 libentissime
1354 4595 1496 4689 gemina
1514 4594 1557 4666 de
1582 4615 1714 4666 causa:
1735 4591 1899 4687 primum,
1919 4589 2013 4684 quod
2030 4613 2133 4663 curas
2160 4614 2284 4665 omnes

661 4741 677 4772 a
699 4720 802 4808 atque
833 4713 1066 4807 cogitationes
1090 4723 1172 4788 tuas
1202 4716 1239 4788 in
1268 4740 1307 4790 ea
1336 4719 1507 4814 religione
1533 4717 1765 4791 sustentanda
1782 4724 1886 4811 atque
1904 4714 2122 4788 restituenda
2146 4717 2285 4790 cunctis

662 4863 678 4894 u
702 4835 777 4931 ipsa
793 4858 930 4931 quoque
948 4837 1023 4910 suis
1036 4837 1177 4912 uiribus
1195 4839 1375 4930 elaborat;
1397 4841 1538 4924 deinde,
1558 4839 1651 4935 quod
1671 4847 1810 4912 tuorum
1822 4845 1981 4934 experta,
2001 4836 2127 4933 quibus
2143 4862 2282 4935 praeoc-

661 4993 677 5024 κ
698 4971 827 5060 cupata
845 4969 911 5050 est,
927 4965 1208 5060 magnitudinem
1220 4969 1437 5053 meritorum,
1457 4990 1537 5040 cum
1554 4973 1693 5062 partem
1704 4965 1845 5060 assequi
1858 4962 1990 5037 nullam
2002 4963 2185 5037 referenda
2198 4987 2281 5059 gra·

660 5118 677 5151 a
696 5088 748 5163 tia
780 5097 914 5184 posset,
945 5089 1014 5163 hac
1045 5090 1171 5186 saltem
1212 5092 1468 5188 significatione
1514 5090 1672 5188 profiteri
1716 5113 1754 5164 se
1786 5113 1858 5163 non
1904 5089 2093 5186 ingratam,
2126 5089 2275 5164 curavit.

704 5241 725 5276 a
743 5213 821 5288 Nos
836 5236 920 5289 vero
938 5215 1072 5310 gratias
1093 5215 1309 5293 immortales
1320 5217 1590 5294 clementissimo
1607 5216 1688 5290 duci
1705 5216 1850 5311 Deoque
1866 5215 2019 5309 agimus,
2041 5215 2100 5309 qui
2116 5236 2181 5288 nos
2198 5222 2277 5288 tan-
