4896 6650
669 804 711 870 64
1039 807 1313 871 LITUthGARUll
1336 808 1549 871 soclurarls
1566 807 1652 870 JESU
1675 785 1928 870 HISTORIARUM

497 1002 562 1058 1579
612 1065 616 1076 ,
667 987 873 1060 acerrimus.
892 988 1143 1062 Deficientibus
1156 989 1193 1063 iu
1213 990 1289 1064 dies
1307 991 1389 1065 hinc
1407 991 1454 1064 ad
1473 989 1722 1064 haereticorum
1744 997 1862 1064 castra
1879 989 2014 1063 civibus
2036 989 2124 1074 auis,
2142 988 2241 1062 illinc
2259 1013 2299 1062 se

668 1135 731 1207 per
760 1120 901 1186 aetatem
932 1114 1237 1208 ingravescentem
1272 1138 1445 1212 curasque
1479 1117 1649 1190 Ecclesiae
1683 1123 1886 1211 perpetuas,
1924 1115 2070 1198 viribus,
2105 1114 2299 1209 Georgium

666 1235 897 1322 Radivillum,
918 1238 1042 1310 ducem
1064 1239 1101 1310 iu
1129 1240 1246 1336 Olyka
1271 1249 1307 1312 et
1329 1240 1506 1328 Niesviez‚
1528 1242 1567 1315 S.
1591 1242 1639 1314 R.
1661 1241 1802 1335 Imperii
1827 1239 2035 1335 principem,
2061 1238 2217 1320 muueris
2242 1237 2297 1308 sui

590 1439 595 1450 ,
664 1360 835 1457 pontificii
860 1361 1057 1458 adjutorem
1087 1364 1248 1437 adscivit.
1276 1367 1415 1438 Praeter
1444 1365 1642 1460 Collegium
1664 1372 1699 1437 et
1721 1363 1970 1436 Academicam
1999 1363 2293 1447 Universitatem,

666 1484 796 1569 Viluae,
821 1485 1048 1558 seminarium
1066 1487 1205 1560 alendae
1225 1510 1418 1583 pauperum
1448 1488 1617 1562 nobilium
1634 1488 1814 1584 juventuti
1832 1486 2052 1560 scholasticae
2078 1484 2173 1580 quod
2190 1485 2298 1557 hodie

665 1610 819 1682 Bursam
853 1609 1083 1683 Valeriauam
1108 1620 1249 1698 vocant,
1283 1612 1412 1684 ibidem
1453 1612 1630 1699 condidit;
1663 1612 1768 1684 certis
1809 1612 1923 1684 eidem
1961 1610 2155 1707 assignatis
2185 1609 2298 1683 censi-

666 1732 745 1806 bus.
763 1735 1054 1812 concionatorem
1073 1736 1123 1832 (1),
1147 1737 1206 1833 qui
1223 1736 1353 1823 Viluae,
1375 1737 1410 1807 iu
1434 1738 1591 1832 principe
1614 1737 1710 1808 urbis
1729 1743 1764 1808 et
1782 1736 1944 1809 dioecesis
1966 1759 2042 1808 suae
2066 1735 2212 1830 templo,
2241 1733 2298 1805 die

664 1881 803 1954 quoque
828 1859 918 1932 festo
944 1860 1086 1933 doceret
1112 1860 1289 1956 populum,
1308 1860 1457 1932 curavit.
1484 1861 1619 1933 Ibidem
1636 1862 1673 1957 (2)
1696 1860 1854 1934 colendae
1882 1869 2017 1934 sauctae
2045 1859 2298 1955 Redemptoris

666 1982 808 2054 Domini
833 1985 1049 2055 cruciarem
1072 1985 1201 2078 posuit.
1573 2061 1585 2090 ⁴

547 2109 596 2202 353
712 2107 796 2178 Jam
813 2105 860 2178 ad
882 2107 1115 2180 Posseviuum
1139 2114 1174 2179 et
1196 2131 1275 2178 cum
1294 2130 1335 2180 eo
1358 2107 1404 2179 ad
1420 2105 1709 2214 llarszevickium
1740 2111 1899 2178 nostrum
1929 2111 2163 2177 revertamur.
2187 2105 2298 2179 Semi·

493 2193 643 2326 {32⁸⁰ng
668 2231 768 2303 nario
790 2233 1031 2328 Bruusbergae
1061 2233 1236 2315 institute,
1256 2233 1292 2303 iu
1330 2230 1436 2327 quod,
1469 2239 1599 2327 praeter
1623 2237 1784 2316 caeteros,
1816 2230 1976 2325 religiosi
2017 2253 2036 2302 e
2066 2230 2201 2302 familia
2226 2233 2299 2304 divi

496 2353 578 2488 {oeae
613 2353 643 2408 in
666 2353 849 2428 Francisci
872 2356 1055 2453 Seraphici
1069 2358 1179 2452 (cujus
1197 2355 1341 2428 Ordinis
1358 2357 1455 2427 viros
1475 2355 1718 2427 Beruardiuos
1735 2355 1794 2426 hic
1824 2355 1932 2450 vulgo
1954 2355 2148 2450 appellant)
2162 2357 2301 2452 aliquot

493 2448 588 2586 ,2¹35ss
659 2478 810 2574 juvenes
840 2490 967 2577 rogatu
990 2482 1224 2555 provincialis
1247 2481 1302 2552 sui
1328 2480 1476 2574 accepti,
1497 2479 1631 2574 insigni
1662 2502 1726 2551 suo
1752 2479 1789 2550 iu
1812 2479 1930 2551 studio
1960 2503 2039 2551 cum
2061 2481 2297 2575 pietatistum
2355 2552 2360 2558 .

497 2609 611 2660 ⁰⁹⁰¹²¹³=
664 2599 863 2675 litterarum
881 2628 1087 2700 progressu,
1116 2605 1358 2678 educabantur
1383 2629 1391 2674 :
1419 2603 1634 2675 Possevinus
1655 2603 1932 2697 Regiomontum
1953 2601 1991 2674 iu
2015 2604 2198 2676 Prussiam
2217 2628 2299 2700 pro-

495 2697 643 2756 B¹¹¹¹¹⁸b⁰¹'
664 2728 819 2821 peravit;
858 2730 918 2801 ubi
948 2751 987 2801 se
1021 2728 1068 2800 ad
1092 2730 1224 2812 navim,
1250 2730 1295 2801 ab
1336 2750 1422 2823 rege
1453 2727 1595 2799 doauue
1623 2727 1761 2800 Sueciae
1791 2727 2026 2814 summissam,
2052 2729 2108 2800 vir
2142 2751 2186 2801 ex
2215 2729 2300 2802 aula

494 2777 643 2910 ffiticsiehpi
665 2852 818 2938 Suetica,
839 2854 1009 2949 principis
1027 2853 1253 2939 secretarius,
1282 2852 1569 2948 praestolabatur.
1596 2852 1736 2925 Oblatae
1766 2850 1897 2923 ibidem
1920 2852 2062 2937 litterae,
2090 2853 2215 2946 quibus
2236 2877 2300 2926 rex

494 2935 641 3068 mig}
666 2977 899 3049 Possevinum
917 2976 1176 3051 studiosissime
1194 2976 1380 3049 invitabat.
1404 2976 1490 3048 lude
1506 2975 1648 3070 legatus
1675 2977 1752 3047 sine
1769 2997 1870 3046 mora
1887 2976 2006 3048 solvit.
2028 2976 2175 3049 Delatus
2193 2977 2300 3050 Stek-

493 3092 641 3226 ppqtituun·
664 3099 831 3173 holmiam
861 3124 981 3174 mense
1003 3101 1143 3197 quintili
1169 3107 1343 3186 exeunte;
1377 3109 1483 3194 atque
1519 3099 1720 3193 ecquidem
1746 3100 1844 3172 veuit
1855 3101 1931 3195 jam
1958 3123 2033 3172 suae
2064 3100 2297 3194 professionis

493 3213 592 3330 nuhaa
666 3223 806 3296 desuita
819 3225 1040 3309 manifestus,
1062 3233 1199 3298 retento
1219 3225 1314 3297 cultu
1332 3223 1533 3296 homiuibus
1547 3223 1735 3296 Societatis
1758 3224 1915 3319 proprio.
1937 3222 2054 3297 Multa
2076 3223 2136 3296 ille
2156 3222 2297 3319 quidem

490 3357 593 3448 amnui
609 3359 638 3413 in
664 3346 908 3432 Stokholmiae,
937 3349 1048 3426 multa
1080 3348 1252 3445 Upsaliae,
1278 3357 1315 3420 at
1345 3349 1576 3442 nequicquam
1607 3370 1686 3419 cum
1709 3347 1784 3418 suis
1821 3347 1955 3441 pariter
1985 3346 2099 3419 Sociis
2130 3348 2294 3442 agitavit,

490 3435 584 3570 ἓξὲξ
662 3493 746 3566 rege
775 3473 931 3544 asacris
961 3471 1146 3544 catholicis
1172 3481 1207 3546 et
1232 3473 1347 3568 prima
1376 3470 1438 3543 illa
1469 3471 1618 3544 salutari
1653 3472 1830 3543 sententia
1861 3476 2007 3566 repente
2040 3470 2087 3542 ad
2112 3471 2297 3565 opiniones

661 3595 821 3690 ritusque
834 3596 1004 3690 pristinos
1026 3597 1189 3692 relapso;
1210 3619 1279 3691 quo
1294 3619 1332 3668 se
1350 3603 1425 3668 tum
1443 3595 1545 3688 regui
1563 3595 1817 3690 perfectiones
1844 3595 2094 3666 haereticorum
2111 3594 2297 3666 amittendi

661 3727 788 3804 metus,
808 3729 883 3794 tum
900 3722 1033 3817 scripta
1051 3722 1198 3796 Davidis
1218 3721 1375 3816 Chytraei
1392 3722 1603 3794 veteratoris
1620 3720 1749 3793 famosi
1767 3720 1811 3792 de
1829 3743 1894 3792 sua
1912 3720 2142 3796 Confessione
2158 3719 2299 3814 Augus-

657 3854 757 3932 tana,
777 3871 857 3943 quea
873 3849 1048 3944 princeps,
1064 3851 1110 3922 ab
1133 3857 1276 3922 auctore
1295 3847 1361 3919 sibi
1378 3848 1561 3942 iuscripta,
1583 3848 1746 3920 incautus
1763 3848 1971 3931 lectitasset,
1998 3854 2077 3921 tum
2094 3846 2297 3942 legationes

661 3971 707 4042 ad
720 3994 759 4044 se
776 3993 799 4043 a
819 3971 962 4046 Lubeca
978 3973 1128 4069 aliisque
1141 3973 1389 4044 haereticorum
1407 3971 1581 4066 partibus,
1604 3979 1677 4044 tum
1691 3977 1825 4067 negata
1841 3970 1971 4056 adhuc,
1987 3995 2067 4065 quae
2081 3970 2148 4043 sibi
2160 3980 2298 4045 mature

615 4109 619 4114 '
658 4095 814 4168 affutura
831 4097 1011 4192 sperabat,
1032 4097 1286 4193 aprincipibus
1314 4091 1497 4169 catholicis
1515 4096 1657 4182 auxilia,
1681 4097 1763 4169 aliae
1791 4097 1944 4192 denique
1967 4103 2074 4192 atque
2100 4096 2182 4168 aliae
2208 4096 2299 4168 diffi-

659 4219 809 4294 cultates
838 4221 1018 4295 homiuem
1034 4244 1107 4293 uon
1125 4197 1376 4315 usquequaque
1393 4220 1637 4295 confirmatum
1662 4222 1854 4314 agitaruut,
1875 4231 2094 4315 egeruntque
2117 4227 2297 4292 transver-

658 4365 749 4416 sum.
770 4345 889 4418 Status
906 4346 1024 4440 itaque
1040 4344 1222 4440 religionis
1239 4347 1276 4416 iu
1294 4344 1422 4418 Suecia
1450 4344 1556 4439 paulo
1582 4345 1703 4428 etiam,
1726 4367 1831 4439 quam
1860 4345 1969 4417 fuerit
2003 4354 2099 4430 aute,
2122 4345 2292 4418 iuventus

660 4465 826 4540 deterior.
847 4469 1033 4550 Perdoluit
1058 4492 1144 4543 saue
1169 4491 1234 4564 pro
1261 4491 1302 4540 eo
1326 4489 1368 4540 ac
1390 4467 1522 4552 debuit,
1543 4468 1697 4562 dejectus
1720 4467 1886 4540 videlicet
1903 4467 1948 4539 de
1965 4467 2097 4562 optima
2125 4475 2292 4564 certaque

661 4615 736 4688 spe,
765 4594 995 4668 Posseviuus.
1016 4594 1111 4674 Quid
1136 4616 1242 4688 porro
1266 4592 1390 4686 egerit,
1421 4599 1552 4687 quanto
1579 4591 1697 4664 studio
1715 4613 1791 4663 rem
1811 4592 1850 4664 in
1866 4590 2045 4685 integrum
2072 4600 2218 4665 conatus
2245 4592 2294 4665 sit

660 4718 859 4805 restituere,
889 4720 1032 4805 omitto;
1070 4727 1108 4791 ut
1138 4718 1284 4814 quaein
1318 4716 1422 4787 rebus
1454 4717 1646 4812 provincia
1678 4715 1841 4789 Lituauae
1876 4740 1947 4788 uou
1976 4716 2118 4788 omuino
2154 4717 2292 4790 censeri

530 4881 536 4896 ·
661 4841 836 4915 attineat:
862 4865 1009 4937 quaeque
1043 4842 1250 4926 Sacohinus,
1272 4840 1472 4924 TauueruS,
1494 4839 1623 4935 aliique
1650 4846 1874 4912 enarrarunt.
1900 4839 1973 4911 Ubi
2001 4839 2088 4912 vidit
2113 4841 2228 4913 oleum
2255 4851 2292 4913 et

661 4989 805 5062 operam
820 4966 922 5063 perdi
942 4957 1097 5062 legatus,
1113 4989 1228 5062 neque
1250 4962 1374 5061 profici
1392 4963 1465 5036 ulla
1483 4965 1623 5037 ratione
1640 4988 1759 5060 posse,
1777 4964 1942 5037 Sueciam
1961 4965 2127 5038 deserere
2144 4966 2289 5052 statuit;

661 5092 795 5166 relictis
809 5115 829 5164 e
843 5115 906 5165 suo
937 5092 1104 5166 comitatu
1118 5090 1213 5186 apud
1238 5067 1399 5185 reginam
1414 5089 1593 5163 Stauislao
1607 5089 1873 5177 Varsneviclrio‚
1891 5090 2034 5164 Simone
2059 5089 2289 5188 Wyssockio,

708 5250 752 5334 (1)
764 5255 999 5314 concionatorem
1016 5254 1043 5312 iu
1061 5255 1165 5326 templo
1181 5266 1234 5310 suo
1249 5255 1341 5309 curat.
1356 5279 1397 5298 -
1409 5249 1450 5330 (ἲ)
1466 5245 1654 5318 Starouolski,
1670 5248 1863 5306 Monumcuto.
