4948 6654
723 849 830 908 LIBER
853 849 993 910 SEXTUS
1015 849 1229 924 (tolo-1620).
1737 839 1799 906 233

170 1062 187 1093 α
208 1034 347 1117 bovem,
384 1038 556 1126 perpetuo
592 1029 715 1102 labore
758 1031 999 1125 proficientem
1044 1033 1145 1118 nihil,
1166 1032 1385 1106 delassavit.
1432 1029 1559 1104 callidi
1596 1029 1712 1124 pisces
1753 1046 1796 1094 ac
1820 1049 1885 1104 1612

169 1154 335 1228 «lubrici
369 1155 503 1226 evitant
536 1155 625 1226 retia
658 1162 733 1236 tua,
771 1177 876 1278 seque
911 1158 990 1252 capi
1020 1180 1092 1229 non
1123 1157 1252 1231 sinunt.
1284 1158 1420 1237 Querar
1452 1154 1511 1226 hic
1544 1159 1682 1247 oportet
1715 1172 1794 1221 cum
1820 1125 1946 1266 m?

169 1317 187 1348 α
208 1285 352 1358 Michea
382 1286 562 1381 Propheta
591 1292 658 1357 etc.
692 1319 707 1350 n
1819 1299 1879 1374 ⁸9⁰⁸
1889 1287 1962 1377 nali-

216 1411 377 1487 Alterum
417 1412 594 1495 volumen,
635 1410 740 1507 idque
787 1412 972 1506 grandius,
1023 1409 1230 1483 concionum
1277 1401 1637 1478 extraordinariorum
1684 1399 1792 1472 Petro
1817 1363 1990 1503 ffmssffiss

166 1533 345 1632 Tylickio,
379 1535 661 1636 cracoviensium
688 1535 866 1630 episcop0,
898 1533 1157 1608 Severiensium
1188 1529 1280 1614 duci,
1314 1526 1502 1620 inscripsit.
1534 1523 1626 1596 lllud
1656 1544 1793 1617 quoque
1817 1529 1965 1586 assantes.

165 1660 341 1734 doctrinae
369 1667 405 1732 et
431 1660 674 1732 sanctimoniae
702 1668 738 1733 et
755 1660 862 1732 studii
879 1649 1089 1754 praeclarum
1117 1661 1393 1728 monumentum.
1421 1653 1612 1746 Nunquam
1641 1650 1701 1722 ille
1724 1670 1794 1720 non

166 1785 258 1856 bene
286 1783 492 1856 meditatam
518 1783 727 1865 orationem,
759 1790 822 1855 aut
865 1806 933 1854 non
968 1782 1088 1854 multis
1121 1778 1283 1875 precibus
1316 1777 1390 1849 Deo
1426 1773 1716 1858 commendatam,
1750 1771 1795 1842 ad

166 1909 375 1982 concionem
407 1907 536 1980 attulit.
572 1910 694 2002 ltaque
727 1907 861 1980 nullam
892 1908 965 1981 fere
995 1905 1131 1989 habuit,
1167 1928 1211 1977 ex
1240 1924 1309 1996 qua
1338 1923 1408 1973 non
1438 1899 1591 1995 aliquem
1620 1899 1795 1994 insignem

166 2029 321 2103 fructum
352 2031 485 2104 laboris
510 2030 707 2125 perceperit
735 2030 782 2124 ξι).
809 2032 985 2111 Quantum
1012 2052 1035 2101 a
1062 2025 1322 2100 concionatoris
1358 2047 1502 2097 munere
1527 2031 1562 2096 et
1590 2022 1794 2119 apostolicis

166 2156 351 2228 laboribus
382 2155 466 2259 aliis
496 2154 558 2226 otii
593 2160 789 2248 supererat,
821 2151 1000 2247 scriptioni
1033 2151 1203 2223 librorum
1239 2145 1382 2242 perutili
1408 2146 1525 2219 dabat.
1561 2147 1639 2219 Duo
1664 2145 1788 2230 latina,

167 2279 321 2352 alterum
341 2277 384 2350 de
414 2278 641 2350 sacramento
672 2276 931 2361 Eucharistic0,
949 2277 993 2350 de
1019 2273 1221 2370 imposturis
1253 2271 1525 2365 Calvinistarum
1554 2272 1718 2357 alterurn,
1742 2271 1804 2342 vi-=

166 2404 259 2499 ginti
288 2402 440 2498 amplius
470 2403 587 2498 patria
616 2401 740 2495 lingua
768 2399 941 2497 praeclara
971 2399 1008 2470 in
1037 2398 1152 2471 lucem
1191 2397 1307 2470 emisit
1350 2419 1470 2491 opera,
1497 2396 1599 2478 firma
1625 2394 1792 2467 adversus

166 2528 312 2600 fraudes
329 2526 517 2599 haereticas
542 2525 725 2598 catholicis
751 2525 933 2623 praesidia.
955 2524 1090 2605 Quibus
1108 2521 1353 2618 expugnandis
1380 2523 1462 2617 quia
1483 2523 1658 2617 principes
1681 2520 1793 2592 haere-

167 2653 319 2724 ticorum
336 2674 415 2722 cnm
439 2649 513 2722 suis
535 2650 705 2722 ministris
730 2657 849 2723 essent
873 2651 1039 2746 impares,
1060 2647 1248 2720 undeunde
1280 2647 1408 2742 corripi
1435 2652 1611 2742 poterant,
1632 2646 1670 2718 in
1688 2667 1795 2739 rogos
1886 2655 1902 2708 9

167 2773 411 2848 conferebant.
445 2773 531 2844 Curn
550 2771 706 2857 Arianis
729 2774 955 2856 Lutheranis,
989 2771 1294 2850 Sacramentariis‚
1332 2769 1544 2854 CalvinistiS,
1574 2766 1793 2862 cumimpiis
1819 2734 1967 2883 fflssm

167 2899 378 2973 mortalibus
395 2906 567 2993 perpetua
585 2897 637 2968 illi
663 2920 726 2993 pro
750 2897 923 2992 religione
950 2905 984 2969 et
1008 2897 1140 2992 pietate
1166 2895 1356 2967 dimicatio.
1378 2893 1469 2974 Quid
1491 2895 1605 2994 egerit
1630 2917 1671 2966 ac
1689 2893 1793 2965 susti·
1818 2889 1945 2960 religione

169 3024 286 3098 nuerit
302 3029 488 3118 praeterea,
510 3020 629 3117 aliqua
641 3023 716 3117 jam
733 3023 968 3106 narravimus
991 3020 1094 3116 plura
1115 3017 1200 3090 alibi
1226 3019 1340 3112 legas.
1368 3017 1421 3088 Ex
1439 3017 1516 3112 ipsa
1544 3017 1694 3110 denique
1712 3039 1794 3090 con·
1818 2973 1931 3038 pugnae.

169 3152 310 3224 cionum
333 3169 477 3219 suarum
505 3148 778 3242 nuncupatione,
798 3147 855 3219 hic
883 3146 1041 3230 recitata,
1069 3143 1253 3236 intelligis,
1282 3141 1341 3235 qui
1369 3141 1475 3212 fuerit
1496 3141 1566 3226 hic,
1587 3163 1692 3234 quam
1722 3147 1793 3212 stu-

169 3274 289 3346 diosus
317 3269 447 3342 divinae
465 3269 603 3364 gloriae,
624 3293 730 3364 quam
747 3270 885 3363 integer
903 3267 1016 3340 cultor
1032 3265 1202 3339 veritatis.
1225 3263 1349 3337 Multis
1373 3263 1557 3358 praeclare,
1575 3265 1663 3338 duos
1690 3287 1795 3363 supra

171 3396 317 3490 triginta
346 3416 459 3466 annos
488 3394 525 3466 in
552 3418 697 3468 munere
728 3393 997 3478 concionatoris,
1031 3398 1136 3486 atque
1158 3389 1244 3462 alias
1274 3388 1404 3483 gestis;
1434 3390 1573 3483 quando
1600 3391 1678 3485 jam
1708 3399 1795 3463 aetas

171 3519 340 3616 grandior
356 3517 538 3590 laboribus
560 3527 636 3590 erat
653 3502 785 3613 impar;
800 3516 1001 3588 missionem
1020 3515 1183 3609 denique,
1200 3535 1297 3606 aegre
1315 3511 1454 3606 quidem
1478 3510 1588 3595 illam,
1609 3520 1795 3588 recusante

171 3641 231 3713 diu
257 3663 356 3735 rege,
393 3641 556 3714 obtinuit.
589 3642 668 3714 Hac
694 3643 894 3737 impetrata,
924 3640 1000 3734 ipso
1038 3637 1224 3711 Paschatis
1247 3636 1317 3718 die,
1346 3635 1491 3707 multam
1520 3638 1609 3731 regi,
1638 3640 1790 3724 senatui,

171 3771 206 3836 et
232 3763 364 3860 populo
381 3764 544 3847 salutem,
566 3788 635 3836 non
664 3764 740 3836 sine
758 3763 924 3861 lacrymis
950 3771 986 3836 et
1011 3762 1144 3857 gemitu
1174 3760 1386 3843 auditorum,
1406 3756 1493 3830 dixit
1517 3759 1716 3836 Varsaviae.
1743 3763 1797 3836 Ea

171 3891 357 3986 expeditus
375 3915 474 3974 cura,
502 3891 636 3965 laetitiis
660 3916 768 3966 senex
793 3893 961 3965 incedens
987 3889 1160 3972 omnibus,
1181 3884 1386 3958 Cracoviam
1411 3883 1457 3954 ad
1487 3883 1590 3957 beata
1606 3887 1796 3982 vreligiosae

171 4015 371 4088 solitudinis
402 4015 475 4087 otia
497 4015 698 4102 festinavit;
732 4016 887 4111 prudens
918 4014 1080 4086 videlicet
1110 4012 1306 4106 sciensque,
1335 4030 1535 4103 supremum
1554 4011 1631 4106 jam
1657 4020 1793 4111 tempus

170 4142 255 4214 vitae
270 4150 435 4238 appetere
451 4166 458 4212 :
476 4142 567 4234 quod
582 4142 650 4214 sibi
667 4165 750 4214 snus
769 4141 852 4213 olim
870 4140 1007 4234 collega
1033 4137 1258 4210 charissimus
1277 4135 1476 4208 Stanislaus
1495 4137 1791 4228 Varszewichius,

171 4265 275 4338 annis
299 4265 428 4337 abhinc
455 4263 575 4338 decem
601 4265 875 4360 praenuntiasset
903 4263 952 4359 (a).
974 4263 1044 4352 Hic
1067 4261 1140 4345 ille,
1167 4259 1233 4333 sibi
1259 4260 1454 4344 restitutus,
1474 4251 1680 4346 subducere,
1701 4265 1793 4358 quod

170 4388 220 4461 ait
237 4389 336 4476 Cato,
361 4411 500 4461 sursum
528 4389 680 4462 animam
702 4415 709 4461 :
730 4389 814 4460 vitae
832 4411 906 4460 suas
933 4389 1088 4459 rationes
1111 4411 1132 4458 a
1151 4407 1189 4456 se
1214 4383 1289 4478 ipse
1314 4405 1512 4478 reposcere,
1534 4392 1569 4456 et
1593 4384 1641 4457 ad
1665 4390 1793 4463 verita-

170 4517 244 4584 tem
270 4534 463 4584 revocare:
492 4511 550 4583 hic
578 4513 623 4584 ad
649 4512 772 4584 mortis
797 4513 957 4585 nuntium
983 4521 1142 4586 arrectus
1166 4511 1328 4607 vigilare.
1355 4510 1467 4582 Vetus
1496 4511 1547 4582 illi
1578 4519 1794 4591 consuetudo
1821 4551 1945 4607 Admor-

170 4637 263 4713 erat,
283 4631 541 4704 contentionem
558 4632 678 4718 animi,
700 4652 805 4726 quam
823 4636 861 4708 in
887 4637 960 4709 suis
982 4637 1166 4710 adhiberet
1205 4635 1382 4732 operibus,
1402 4636 1609 4730 interposito
1640 4643 1793 4714 manuali
1820 4635 1875 4687 tem
1908 4645 1936 4684 ⁸⁰

169 4752 291 4826 labore
307 4755 426 4849 aliquo
449 4762 658 4851 temperare.
682 4755 746 4831 llle
765 4783 858 4831 nunc
876 4761 988 4834 Sociis
1004 4763 1178 4848 lucernas,
1200 4768 1447 4842 atramentum,
1467 4759 1631 4833 librerias
1650 4761 1790 4852 fibulas,
1820 4710 1960 4780 preparat.

171 4877 379 4972 scriptorias
398 4881 526 4953 thecas
549 4904 674 4977 parare
695 4907 703 4952 :
724 4883 808 4976 quin
833 4884 980 4958 linteola
1000 4886 1107 4960 etiam
1130 4891 1166 4959 et
1191 4884 1330 4956 indusia
1355 4907 1537 4958 consuere.
1560 4885 1688 4959 Paucis
1714 4897 1796 4964 ante
1819 4899 1944 4971 sjushu·

171 5000 308 5074 obitum
325 5003 450 5077 diebus
477 5004 594 5078 album
610 5006 684 5078 suis
709 5007 785 5101 ipse
799 5011 973 5082 manibus
991 5010 1155 5082 conflavit
1180 5032 1333 5091 cereum,
1357 5003 1540 5104 beataeque
1557 5010 1710 5104 Virgini,
1729 5036 1794 5085 suo
1820 4983 1932 5038 nmmo.

169 5121 327 5212 clientis,
356 5126 423 5199 hoc
452 5151 545 5200 anno
575 5130 748 5214 morituri,
773 5132 927 5219 nomine,
958 5132 1240 5205 Ozenstochoviae
1264 5130 1311 5204 ad
1340 5131 1527 5225 imaginem
1550 5127 1670 5218 Divae,
1700 5137 1796 5209 miris

218 5256 264 5339 ll)
280 5262 378 5324 Libros
392 5267 474 5338 hujus
489 5269 613 5326 auctoris
626 5269 688 5328 vide
702 5271 729 5328 in
746 5271 865 5330 elencho
877 5277 977 5330 nostro
994 5271 1181 5358 Scriptorum.
1196 5304 1232 5312 —
1250 5269 1289 5346 (t)
1313 5269 1375 5328 Vid.
1394 5271 1454 5332 Lib.
1470 5269 1516 5348 lv,
1532 5288 1612 5332 num.
1628 5274 1656 5331 t.

1638 5377 1670 5432 30
