4948 6672
839 811 1071 876 orrudolcss.
1702 803 1763 874 del

144 1031 361 1130 angularem,
381 1031 608 1109 eBeuedioto
626 1031 770 1133 Woyne
786 1035 950 1132 episcopo
964 1035 1126 1110 Vilnensi
1143 1039 1399 1120 consecratum,
1419 1055 1497 1107 oum
1520 1030 1634 1106 incise
1659 1030 1697 1104 in
1713 1051 1764 1104 ms

145 1148 208 1220 heo
220 1145 417 1244 epigraphe
437 1170 446 1218 :

489 1253 588 1331 ΤΙΒΙ,
612 1253 720 1322 nnus
742 1253 825 1321 llllR
845 1255 1017 1322 Mnxlmu
1038 1255 1176 1323 PATER
1195 1255 1415 1334 sommum,

853 1350 894 1417 ad
914 1351 1071 1435 glorium:

557 1446 642 1523 Tibi,
657 1446 755 1532 Virgo
768 1445 910 1530 Doiporo,
929 1445 1032 1513 Meter
1051 1447 1195 1515 humonee
1215 1446 1340 1528 solutis,

846 1539 886 1607 od
907 1541 1074 1608 honorem:
1398 1558 1402 1565 ·

476 1634 559 1718 Tibi,
573 1635 724 1704 cnsimire
737 1634 828 1712 Divo,
845 1634 975 1719 pollens,
988 1642 1098 1720 potens
1115 1636 1261 1704 tutelaris
1277 1635 1442 1717 triduanis,

636 1729 755 1797 Inriote
769 1730 877 1797 Viotor
891 1730 1054 1797 hostilium
1065 1733 1267 1815 exercituum,

806 1826 978 1911 Sospitstor
998 1829 1117 1912 patries,

697 1919 842 1992 Petrotor
855 1925 1066 1992 mirandorum
1076 1945 1219 2011 operum,

709 2018 911 2086 Conservator
928 2023 1093 2106 custosque
1107 2024 1207 2102 urbis,

856 2115 896 2181 ed
916 2116 1064 2184 cultum:

713 2208 919 2278 Pontifioante
932 2212 1094 2280 clemente
1107 2212 1198 2294 vm,

731 2305 892 2391 Regnente
907 2305 1109 2394 sigismundo
1123 2307 1182 2387 111,

481 2469 491 2484 ,
526 2399 664 2484 Regente
677 2399 858 2470 Vilnensem
872 2401 1030 2470 dioeeesim
1047 2402 1216 2470 Benedioto
1230 2403 1247 2470 1
1260 2402 1392 2488 Woyne,

547 2496 683 2578 Primus,
697 2497 765 2581 ejus
776 2498 940 2565 Antistitis
950 2517 1044 2565 monu
1054 2499 1207 2580 muretus,
1221 2497 1359 2582 euspioio

710 2593 788 2673 roto,
802 2592 944 2676 dirisque
958 2592 1197 2673 sentientibus,

846 2703 942 2772 ponor
960 2687 1066 2771 lepis:
1223 2745 1227 2752 .

180 2793 233 2867 Ut
258 2815 337 2867 meo
361 2791 506 2866 fulciam
531 2793 637 2868 dorso
667 2817 852 2890 operosam
882 2797 1048 2870 Besilioee
1077 2794 1220 2880 molem,
1256 2791 1425 2890 professae
1454 2792 1643 2868 societatis
1674 2792 1697 2866 J
1701 2815 1763 2867 esu

130 2902 315 3000 templum,
332 2905 481 3000 primam
497 2903 534 2976 iu
548 2904 715 2980 Lituenie
732 2908 774 2981 D.
794 2906 956 2982 (issimiri
973 2908 1138 3004 religioni
1154 2915 1286 2992 votem,
1306 2907 1451 3004 ejusque
1464 2906 1574 2982 saeris
1584 2905 1761 2980 faciundis

131 3015 302 3105 dicatam,
324 3016 466 3092 eedem:

553 3139 655 3226 Regni
668 3139 776 3221 soluti,
794 3139 949 3207 Lituoniae
963 3140 1188 3226 tranquillitati
1199 3139 1347 3228 publices,

692 3236 905 3304 commoditati
925 3236 1026 3314 urbis,
1043 3237 1200 3321 sospitati,

836 3332 918 3399 strui
931 3334 1068 3417 ereptum

717 3445 796 3494 enno
810 3431 958 3512 repuretae
971 3427 1083 3494 solutis
1098 3425 1236 3494 Mudlv

731 3571 734 3578 .
776 3522 992 3598 meuseMoio,
1010 3521 1150 3589 dieXll.

173 3629 307 3726 Pergit
329 3629 423 3704 idem
447 3631 614 3712 Quirinus
632 3633 743 3707 :Fuit
763 3633 822 3708 hio
838 3633 942 3730 lapis,
962 3632 1089 3728 inquit,
1105 3631 1311 3708 lithotetieis
1327 3640 1511 3730 poetarum
1536 3611 1758 3710 Vilnensium

120 3740 323 3816 adornatus
338 3743 574 3872 eulogiis3Ad
589 3744 668 3819 haee
681 3746 802 3843 script.
818 3747 912 3843 quod
926 3746 1080 3845 scripsit,
1100 3745 1178 3842 ipse
1195 3765 1298 3818 suum
1319 3771 1327 3818 ε

700 3975 840 4052 LAPIS
874 3973 1212 4052 OFFENSIONIS.

598 4157 661 4241 Qui
674 4161 847 4228 (tesimiriae
861 4160 1044 4229 fundamina
1058 4163 1195 4236 sustinet
1208 4159 1296 4238 aedis,

665 4254 801 4322 Ponente
813 4257 933 4342 Woyne
946 4261 1099 4328 Antistite
1114 4285 1123 4329 ε

602 4349 707 4420 Hune.
724 4351 804 4417 nihil
818 4353 937 4434 errarit,
952 4354 1087 4440 lapidem
1103 4358 1157 4442 qui
1170 4352 1318 4442 praeseius
1332 4367 1404 4418 esse

666 4445 851 4514 Offensionis
865 4448 987 4518 dixerit.

602 4539 738 4608 Haeresis
752 4541 898 4622 oblatret,
916 4557 988 4612 oum
1001 4547 1024 4616 J
1025 4547 1087 4614 ude
1100 4546 1287 4616 offenditur:
1302 4559 1408 4626 eoquo,

663 4639 728 4720 Ait,
741 4642 805 4707 iste
817 4640 950 4725 perditio
964 4642 1064 4709 feeit?

603 4734 670 4800 Isto
682 4735 863 4820 superstitio
876 4736 959 4802 certe
972 4740 1032 4816 est,
1048 4737 1179 4820 coelique
1191 4731 1393 4801 monerehem

664 4830 788 4899 Honore
801 4831 959 4916 depretiet
974 4850 1038 4899 suo.

602 4925 657 4992 Nil
671 4927 788 4993 mirum
802 4929 858 5006 est,
871 4926 962 4992 elmee
975 4924 1131 5010 quondum
1143 4925 1223 5012 lepis
1238 4924 1306 5008 ipse
1321 4920 1425 4990 Sionis

664 5020 850 5088 offensionis
865 5024 931 5087 erat
940 5021 1032 5106 lapis.

600 5113 670 5182 Non
684 5116 857 5183 offendetur
870 5115 1006 5195 tanturn,
1018 5115 1155 5183 offendet
1167 5132 1288 5200 quoque
1303 5111 1344 5179 od
1354 5099 1447 5178 illum

662 5211 685 5278 J
687 5211 879 5296 ugulumque
894 5211 1019 5299 franget
1028 5213 1167 5280 haeresis.
