4936 6658
752 823 753 826 .
816 765 929 826 arnon
952 763 1074 824 nouus
1097 760 1309 839 (roro-raso).
1757 747 1817 814 347

192 947 299 1042 hujus
316 946 485 1019 nostratis
498 948 624 1021 Romae
641 948 678 1018 in
695 948 885 1042 pontificiis
903 950 1010 1022 etiam
1027 949 1124 1020 odeis
1142 947 1370 1020 canebantur.
1395 942 1464 1013 Pro
1479 937 1617 1033 scriptis
1643 933 1815 1032 ejusmodi
1845 943 1909 1000 1650

192 1071 330 1144 oblatos
343 1071 411 1144 sibi
427 1095 588 1145 nummos
601 1096 770 1146 concessu
787 1073 979 1168 praesidum
996 1073 1031 1145 in
1050 1093 1222 1167 pauperes
1241 1065 1469 1141 scholasticos
1488 1083 1680 1156 eorumque
1705 1058 1815 1132 domi-

192 1197 310 1271 cilium
329 1198 571 1292 Brunsbergae
595 1199 844 1293 reparandum,
873 1198 996 1270 olima
1025 1197 1148 1271 Suecis
1178 1195 1344 1277 dirutum,
1376 1190 1559 1286 erogabat.
1590 1183 1814 1281 Paupertatis
1842 1209 1988 1280 Pauperis·

191 1319 379 1416 religiosus
396 1328 545 1406 amator,
578 1319 713 1394 nullum
738 1344 893 1417 unquam
917 1322 1052 1416 accepit
1078 1317 1337 1400 munusculum,
1358 1314 1452 1411 quod
1470 1337 1542 1386 non
1560 1310 1729 1407 praesides
1745 1308 1814 1403 ipsi
1841 1292 1971 1346 tisamor.

191 1445 430 1540 accipiendum
447 1447 658 1533 suaderent;
675 1469 788 1541 neque
804 1449 953 1519 mutavit
982 1452 1129 1530 vestem,
1150 1444 1231 1540 nisi
1251 1444 1408 1516 laceram
1434 1438 1556 1511 attrita
1586 1459 1652 1508 usu
1677 1435 1812 1529 iongo;

190 1592 306 1665 neque
325 1571 440 1642 cibum
456 1577 621 1665 potumve
637 1571 795 1665 gustavit
819 1594 890 1642 non
918 1594 981 1643 suo
1011 1570 1152 1667 prandii
1181 1576 1245 1641 aut
1275 1590 1388 1640 coenae
1418 1573 1589 1659 tempore,
1610 1583 1705 1656 saepe
1722 1565 1815 1631 totos

190 1694 267 1766 dies
291 1695 437 1790 jejunus
464 1702 499 1767 et
528 1693 655 1767 siccus.
688 1694 804 1766 Homo
829 1702 945 1768 mente
974 1718 1112 1791 semper
1140 1683 1357 1788 tranquilla:
1386 1697 1528 1775 natura,
1548 1683 1813 1766 consuetudine,
1841 1710 1950 1782 Tempe

190 1818 378 1914 disciplina
394 1819 700 1892 mansuetissimus
718 1845 726 1903 ;
743 1819 861 1892 omnia
874 1844 945 1893 non
961 1819 1045 1892 forti
1062 1827 1199 1893 tantum
1217 1819 1279 1894 sed
1296 1816 1404 1890 hilari
1419 1817 1526 1889 etiam
1552 1813 1665 1885 animo
1682 1811 1812 1893 ferens,
1839 1797 1935 1852 rantis.

190 1941 315 2014 inillis
337 1943 443 2014 etiam
461 1941 640 2015 doloribus
658 1943 832 2028 maximis,
853 1968 931 2016 cum
948 1944 986 2016 in
998 1945 1124 2017 itinere
1153 1949 1315 2038 raptatus
1340 1965 1419 2015 cum
1445 1959 1568 2012 everso
1590 1959 1695 2008 curru
1718 1931 1815 2027 equis
1839 1958 1984 2017 Patientia.

191 2067 322 2140 tabano
340 2067 525 2141 concitatis
542 2093 562 2154 ;⁴
588 2066 844 2162 confractisque
878 2069 1029 2152 ossibus,
1060 2069 1308 2168 chirurgorum
1336 2064 1523 2148 sectiones,
1548 2061 1698 2155 scalpra,
1730 2058 1816 2130 lem-

192 2190 324 2276 niacos,
361 2189 501 2286 aliaque
535 2190 700 2279 hprrifica
730 2191 790 2263 diu
820 2193 1019 2265 sustineret.
1053 2192 1122 2264 Illa
1157 2197 1257 2264 tanta
1282 2197 1355 2261 tam
1373 2188 1539 2260 diuturna
1564 2165 1737 2257 acerbitas
1771 2203 1816 2253 ne

194 2313 364 2408 gemitum
378 2314 518 2409 quidem
532 2337 576 2386 ex
593 2315 710 2387 animo
728 2315 996 2411 viriexpressit.
1020 2317 1106 2388 Post
1123 2316 1244 2410 plures
1263 2313 1345 2384 inde
1380 2335 1492 2384 annos
1521 2331 1615 2404 aqua
1644 2308 1816 2379 intercute

194 2437 387 2510 suffocatus
404 2446 469 2512 est.
492 2440 641 2512 Praeiirit
658 2438 815 2534 Collegio
833 2442 1057 2514 alumnorum
1076 2437 1265 2512 Pontificio
1282 2460 1393 2510 annos
1411 2459 1487 2522 sex,
1504 2432 1634 2508 scholis
1648 2431 1814 2529 quinque,

194 2563 308 2636 Sociis
325 2564 495 2660 magister
507 2563 652 2661 spiritus
667 2587 841 2640 novenos.
