4930 6634
634 788 695 854 252
1023 792 1295 853 mrurmosnnu
1318 773 1532 857 socrsrsrrs
1553 797 1640 858 ruso
1663 795 1914 857 nrsroannuu

462 986 526 1042 rara
635 975 732 1062 alibi,
761 977 845 1050 alibi
870 1001 890 1052 e
916 979 1067 1073 paganis
1088 979 1189 1076 pueri
1217 1000 1391 1051 annorum
1415 1001 1524 1074 prope
1552 984 1704 1060 centum,
1724 975 1793 1047 ritu
1824 973 2015 1048 christiano
2042 975 2087 1047 ad
2122 974 2257 1070 aliquot

635 1100 745 1172 millia
762 1101 883 1173 abluti.
907 1101 1114 1175 Contractus
1140 1103 1232 1176 inter
1257 1125 1405 1197 sponsos
1425 1125 1445 1175 e
1464 1101 1611 1174 Concilii
1629 1099 1828 1173 Tridentini
1850 1100 2056 1194 praescripto
2074 1099 2253 1194 castigati.

515 1250 548 1304 ae
684 1225 809 1319 Neque
826 1227 1031 1300 Vendenses
1049 1249 1112 1298 sua
1131 1226 1318 1298 cessabant
1334 1225 1370 1296 in
1389 1227 1514 1310 vinea;
1535 1225 1580 1296 ab
1596 1224 1653 1298 his
1667 1225 1773 1296 etiam
1793 1223 1957 1296 duodena
1982 1223 2133 1319 amplius
2146 1225 2256 1298 millia

463 1331 609 1466 ῨΘΜἙ-
636 1350 892 1421 confessionum
919 1374 988 1449 pro
1014 1373 1115 1422 sacro
1132 1349 1301 1422 tribunali
1334 1356 1479 1444 excepta
1506 1374 1513 1420 :
1540 1355 1680 1421 centum
1712 1348 1893 1442 octoginta
1922 1347 2102 1433 mortales,
2132 1347 2170 1420 in
2199 1349 2256 1421 his

462 1427 561 1544 ἔξω
637 1471 791 1567 grandes
805 1481 902 1558 natu,
915 1474 1160 1568 quinunquam
1177 1475 1328 1546 antehac
1346 1479 1490 1568 peccata
1507 1471 1737 1545 sacramentis
1750 1470 1860 1543 deleri
1869 1470 2083 1556 curaverint,
2104 1471 2254 1567 expiati3

459 1582 541 1622 ’Μ’
586 1578 589 1584 ’
635 1596 791 1668 haeretici
807 1619 869 1669 sex
886 1621 993 1692 supra
1001 1599 1184 1692 sexaginta
1201 1597 1417 1670 reconcdiati
1435 1594 1625 1682 Ecclesiae;
1644 1597 1718 1669 41¹8
1730 1595 1905 1690 baptismo
1923 1594 2085 1680 lustrati;
2105 1595 2257 1690 inpagis

635 1720 726 1803 loca,
748 1721 815 1792 diis
831 1723 990 1816 gentium
1016 1722 1154 1808 devota,
1174 1721 1380 1794 lustralibus
1398 1721 1569 1794 Ecclesiae
1595 1711 1721 1793 ritibus
1747 1727 1975 1815 perpurgata,
2006 1741 2089 1791 saxa
2108 1743 2173 1815 pro
2191 1720 2259 1794 diis

637 1841 731 1915 culta
759 1843 849 1942 (quae
866 1844 918 1916 illi
935 1845 1057 1940 lingua
1075 1847 1191 1940 patria
1220 1851 1441 1916 Atmeszenes
1469 1849 1572 1930 Victa,
1598 1843 1818 1941 adjectorum
1841 1841 1972 1915 scilicet
1990 1842 2091 1927 loca,
2111 1843 2147 1914 in
2179 1867 2259 1938 quae

464 1953 611 2090 {32³3
637 1970 794 2043 ciborum
813 1971 973 2044 analecta
982 1995 1045 2068 pro
1063 1973 1230 2045 libamine
1243 1973 1508 2068 conjectabant:
1529 1973 1654 2068 quibus
1668 1994 1842 2044 caesorum
1853 1971 2083 2042 animantium
2097 1994 2259 2044 cruorem

465 2111 553 2168 blata.
638 2093 872 2188 aspergebant
893 2118 901 2164 :
919 2117 1066 2188 quaeque
1083 2097 1288 2191 contingere
1302 2098 1387 2192 ipsis
1401 2098 1455 2168 fas
1469 2103 1564 2170 esset
1580 2094 1797 2191 victimariis)
1813 2117 1889 2179 sex,
1914 2095 2072 2188 inquam
2088 2095 2260 2190 ejusmodi

638 2244 711 2294 arae
729 2221 860 2294 circum
876 2222 1017 2316 oppida,
1038 2223 1073 2294 in
1100 2222 1222 2317 primis
1242 2225 1465 2310 Rositenum,
1486 2223 1752 2317 Duneburgum,
1773 2221 1991 2304 Russonum,
2019 2245 2167 2307 eversae,
2189 2245 2260 2295 coe-

638 2352 763 2440 tnsque
786 2345 1057 2418 sacrificantium
1076 2347 1247 2442 dissipati.
1276 2325 1431 2420 Arbores
1445 2349 1528 2421 item
1551 2347 1683 2420 evulsae
1705 2346 1877 2440 stirpitus,
1899 2353 1973 2417 tum
1992 2367 2154 2440 quaercus
2184 2345 2260 2440 qui-

517 2477 549 2530 37
639 2468 706 2541 bus
724 2492 850 2553 mares,
881 2477 954 2541 tum
971 2469 1059 2541 tiliae
1081 2469 1206 2564 quibus
1228 2472 1381 2555 feminae,
1411 2471 1584 2566 pullastra
1611 2493 1675 2564 pro
1692 2468 1857 2562 frugibus
1886 2477 1922 2541 ct
1952 2468 2192 2541 incolumitate
2208 2471 2262 2543 rei

467 2555 613 2687 {23⁸2}
640 2592 853 2678 domesticae,
878 2594 978 2688 quasi
1001 2593 1081 2679 diis,
1102 2592 1287 2666 faciebant.
1308 2595 1348 2665 ln
1365 2594 1513 2667 eandem
1532 2601 1688 2689 stragem
1707 2593 1879 2678 Cerolrhs,
1896 2617 1939 2666 ex
1958 2616 2040 2666 orco
2058 2592 2119 2666 ille
2139 2594 2260 2689 hospi-

382 2809 385 2814 ,
467 2713 554 2767 mtm.
638 2715 786 2787 talitatis
817 2714 903 2788 deus
924 2715 992 2811 (cui
1006 2740 1049 2812 ex
1063 2716 1223 2788 omnibus
1237 2716 1424 2790 esculentis
1437 2717 1716 2811 primasbuccas,
1733 2716 1865 2810 primos
1882 2739 1926 2788 ex
1942 2714 2140 2811 poculentis
2156 2715 2261 2786 haus-

595 2839 599 2850 '
638 2846 708 2924 tue,
725 2839 835 2928 stulta
845 2839 979 2914 libabat
995 2841 1125 2937 plebest
1146 2849 1246 2913 aetus
1261 2849 1315 2914 est
1333 2841 1524 2914 securibus.
1550 2842 1591 2912 In
1610 2841 1733 2912 eadem
1751 2839 1923 2913 Livonum
1938 2839 2117 2934 provincia
2126 2841 2262 2936 Torpa-

638 2968 757 3035 tenses
779 2961 872 3036 Socii
895 2987 1037 3036 suarum
1064 2971 1101 3038 et
1117 2964 1184 3060 ipsi
1205 2987 1323 3038 rerum
1353 2965 1577 3060 satagebant;
1602 2963 1719 3058 quoad
1735 2964 1812 3036 fieri
1830 2971 1969 3057 poterat
1986 2964 2054 3037 hoe
2088 2972 2260 3059 tempore,

493 3185 499 3198 ι
568 3183 575 3198 ⁸
640 3108 707 3178 quo
721 3087 979 3161 incursionibus
993 3089 1147 3160 hostium
1159 3089 1365 3184 perturbata
1379 3090 1507 3162 civium
1519 3089 1635 3160 forent
1647 3089 1775 3159 omnia.
1794 3087 1986 3160 Duodecim
1999 3088 2092 3160 Socii
2109 3111 2192 3160 :sex
2205 3109 2263 3161 sa·

467 3185 588 3256 ¹³¹⁸⁰¹¹⁸¹'
639 3209 812 3294 cerdotes,
825 3213 995 3306 magister
1005 3211 1136 3285 scholae
1146 3213 1387 3308 unus,reliqui
1397 3214 1586 3309 adjutores,
1596 3211 1963 3306 Derpatihabitarunt,
1976 3213 2158 3307 superiore
2167 3235 2262 3285 anno

536 3263 600 3319 tari·

468 3281 597 3414 liffdnera
639 3335 775 3408 duobus
791 3341 867 3407 tum
878 3337 1077 3430 pauciores,
1098 3337 1190 3408 Olim
1204 3336 1323 3410 decem
1337 3360 1444 3434 supra
1461 3345 1599 3410 centurn
1611 3336 1783 3420 haeretici,
1795 3337 1861 3408 hoc
1879 3359 1973 3407 anno
1990 3343 2142 3431 quatuor
2152 3361 2263 3434 wsupra

639 3459 820 3544 ducentos,
832 3460 968 3533 reducti
981 3462 1026 3532 ad
1037 3461 1441 3556 EcclesiamMalignior
1455 3461 1563 3533 multo
1570 3461 1676 3556 Rigas
1682 3469 1717 3533 et
1730 3461 1861 3534 circum
1874 3460 2046 3534 fructibus
2060 3461 2262 3558 hujusmodi

638 3583 827 3658 reddendis
846 3608 944 3680 ager,
967 3587 1104 3680 magnis
1118 3587 1246 3658 nostris
1260 3586 1442 3658 conatibus
1453 3608 1523 3657 non
1533 3585 1734 3679 respondit:
1749 3587 1897 3657 exomni
1911 3587 2065 3670 civitate,
2086 3587 2263 3681 frequenti

640 3706 715 3792 illa,
728 3714 763 3779 et
776 3709 1101 3804 circumjacentibus
1119 3709 1221 3804 pagis
1233 3711 1279 3781 ad
1297 3709 1389 3781 ovile
1407 3709 1537 3781 Christi
1559 3709 1603 3782 18
1615 3731 1686 3780 non
1715 3708 1864 3804 amplius
1894 3711 2053 3782 siverunt
2071 3733 2109 3783 se
2126 3711 2258 3785 reduci.
2301 3681 2312 3696 ⁹

468 3817 579 3956 Ρὲἔί.
691 3833 830 3906 Calissii
856 3832 1005 3906 confecit
1029 3835 1112 3906 vitae
1130 3857 1269 3906 cursum
1289 3835 1332 3907 P.
1354 3833 1530 3905 Martinus
1558 3832 1814 3928 Smigleckius;
1836 3831 1880 3905 de
1909 3837 2009 3930 cujus
2040 3834 2200 3908 doctrina
2227 3845 2263 3910 et

468 3943 583 4050 glani‘
641 3958 797 4029 moribus
822 3957 1014 4030 eommunis
1053 3966 1107 4031 est
1137 3957 1297 4031 Lituanis
1333 3957 1545 4052 gluriacum
1576 3955 1688 4029 Sociis
1715 3957 1906 4052 provinciae
1932 3956 2116 4052 polonicae.
2153 3958 2262 4033 Ortus

467 4054 592 4202 {2331
641 4082 678 4152 in
707 4079 856 4164 Russia,
893 4103 997 4175 quam
1030 4081 1189 4154 Rubram
1220 4082 1293 4153 sive
1324 4080 1560 4154 Roxolaniam
1591 4087 1729 4167 vocant,
1765 4086 1949 4176 cooptatus
1980 4081 2016 4152 in
2050 4082 2262 4156 Societatem

639 4208 765 4280 Romae
783 4205 1062 4290 1581,remissus
1078 4207 1113 4278 in
1131 4205 1293 4301 patriam,
1311 4205 1466 4279 nondum
1479 4229 1541 4301 per
1556 4180 1694 4278 aetatem
1708 4207 1871 4279 sacerdos
1884 4206 2002 4278 Vilnae
2020 4206 2055 4278 iu
2069 4206 2265 4280 Academia

639 4330 899 4427 philosophiam
915 4331 1092 4425 professus
1110 4330 1400 4426 quadriennium
1422 4331 1561 4412 exinde,
1576 4331 1652 4425 jam
1670 4330 1842 4416 initiatus,
1863 4330 2049 4404 tradendae
2070 4331 2265 4426 theologiae

641 4453 862 4527 scholasticae
893 4456 1102 4529 decennium·
1118 4455 1214 4527 dedit
1232 4477 1386 4549 operam.
1417 4454 1596 4548 Pugnavit
1626 4477 1689 4549 pro
1713 4455 1863 4528 veritate
1882 4455 2052 4528 doctrinae
2078 4456 2264 4530 catholicae

640 4579 810 4652 adversus
826 4581 1025 4664 haereticos,
1041 4579 1157 4652 Vilnae
1175 4578 1325 4651 maxime
1355 4579 1391 4649 in
1417 4577 1478 4649 illa
1495 4576 1624 4650 celebri
1649 4578 1898 4673 theologorum
1917 4579 2134 4666 velitatione,
2152 4580 2264 4675 depu-

641 4704 831 4798 gnavitque
855 4703 901 4796 ad
925 4703 1127 4787 victoriam;
1156 4726 1261 4798 quarn
1288 4703 1384 4775 Deus
1409 4701 1515 4774 etiam
1541 4700 1703 4796 prodigio
1721 4701 1923 4776 illustravit.
1955 4703 2042 4777 Cum
2073 4705 2177 4778 homo
2200 4703 2267 4776 ille

642 4827 795 4899 Arianos
812 4825 915 4922 (quod
943 4827 977 4922 (ι’)
1000 4827 1230 4922 narravimus)
1248 4828 1292 4900 ab
1310 4849 1353 4900 ea
1372 4833 1571 4898 nostrorum
1601 4849 1680 4897 cum
1712 4827 1891 4900 haereticis
1922 4851 2057 4924 pugna,
2078 4828 2266 4902 diversans

642 4950 735 5045 apud
751 4951 925 5046 hospitem
944 4949 1124 5037 familiam,
1148 4952 1183 5023 in
1204 4974 1370 5024 consessu
1394 4950 1438 5022 ad
1465 4972 1624 5022 mensam
1641 4951 1686 5023 de
1703 4951 1866 5023 conflictu
1885 4949 1945 5022 illo
1963 4975 2078 5024 vanus
2095 4959 2264 5024 narrator

642 5081 776 5148 sereret
788 5073 983 5159 mendacia,
1008 5082 1111 5170 atque
1129 5077 1282 5170 juraret,
1312 5075 1418 5148 etiam
1448 5073 1713 5170 Smiglechium,
1746 5075 2021 5169 pancratiastam
2041 5075 2260 5171 Jesniticum,

687 5215 725 5285 rr)
747 5211 779 5274 v,
795 5213 827 5270 n.
841 5211 889 5278 ιν,
907 5229 935 5270 n.
957 5213 1002 5273 re.
