4906 6642
683 825 724 890 20
1053 825 1325 886 LlTUANlCARUll
1349 827 1562 886 somniaris
1579 827 1665 888 lESU
1689 829 1943 890 HISTORldRUltl

515 1020 577 1075 1568
685 1009 864 1094 fratribus,
885 1009 1042 1104 fugiente
1067 1008 1192 1095 altero,
1222 1009 1334 1082 altero
1365 1016 1608 1106 persequente,
1629 1010 1834 1084 admirabile
1847 1014 2014 1087 'ederetur
2031 1013 2157 1087 deinde
2175 1021 2313 1110 specta-

513 1184 663 1240 sturiam·
684 1133 812 1206 culum.
832 1133 981 1207 Difficile
1013 1135 1071 1206 hio
1101 1134 1277 1207 Stanislao
1296 1157 1376 1206 oum
1403 1134 1513 1208 fratre
1531 1142 1567 1207 et
1585 1136 1783 1230 paedagogo
1813 1136 2084 1234 diuturnumque
2098 1145 2276 1212 certamen
2296 1166 2304 1211 :

512 1265 595 1354 turp,
608 1262 661 1318 ‹us-
686 1259 758 1343 isti,
773 1261 849 1354 jam
867 1259 942 1333 sine
960 1259 1115 1342 arbitris,
1138 1258 1205 1331 sibi
1229 1258 1349 1332 vivere
1375 1285 1382 1331 :
1412 1282 1456 1332 ex
1473 1259 1618 1331 arbitrio
1637 1283 1701 1332 suo
1729 1260 1822 1333 diem
1847 1261 2034 1357 disponere
2054 1264 2124 1336 :ad
2154 1265 2311 1336 scholam

513 1343 622 1396 ⁸¹m¹¹¹³'
686 1390 721 1455 et
738 1383 907 1478 templum
938 1383 1037 1466 itare,
1066 1383 1204 1476 quando
1232 1382 1359 1456 liberet
1380 1408 1387 1454 :
1407 1381 1558 1454 invitare
1588 1383 1722 1478 poculis
1752 1406 1990 1478 congerrones
2015 1412 2023 1458 :
2044 1386 2191 1459 lusitare
2214 1388 2305 1460 alea.

684 1505 814 1578 Amare
844 1507 930 1578 istos
950 1506 1147 1579 Stanislaus
1165 1529 1280 1579 mores
1316 1507 1493 1580 enimvero
1519 1529 1590 1579 non
1620 1514 1784 1602 poterat:
1806 1508 1943 1582 ferebat
1967 1510 2088 1604 ntique
2118 1509 2306 1606 patienter,

687 1630 761 1702 suis
783 1629 844 1703 ille
862 1653 1000 1727 semper
1018 1639 1208 1726 occupatus
1238 1632 1314 1702 Deo
1331 1630 1495 1726 placendi
1529 1631 1655 1703 studiis
1678 1657 1686 1704 :
1706 1631 1743 1702 in
1761 1631 1969 1705 meditandis
1987 1636 2093 1708 rebus
2112 1635 2253 1718 divinis,
2274 1643 2311 1708 et

686 1752 848 1850 precibus
868 1779 875 1826 :
898 1755 934 1826 in
951 1754 1163 1850 percolenda
1180 1755 1245 1828 Dei
1264 1756 1417 1827 Parente
1447 1753 1598 1848 Virgine
1616 1761 1652 1826 et
1677 1754 1861 1827 Caelitibus
1885 1781 1893 1828 :
1919 1756 1956 1826 in
1987 1757 2048 1828 illo
2066 1759 2176 1829 animi
2191 1757 2310 1830 divino

525 1901 649 1957 Littera·
691 1878 817 1950 ardore
836 1884 872 1950 et
887 1878 1068 1974 lacrymis,
1089 1879 1232 1973 perdius
1250 1885 1285 1950 et
1304 1902 1399 1973 saepe
1417 1901 1554 1974 pernox
1570 1904 1578 1962 ;
1602 1907 1618 1937 α
1639 1886 1679 1950 ut
1698 1879 1826 1950 mirum
1842 1880 1990 1974 proinde
2007 1881 2098 1954 foret
2115 1881 2308 1964 sodalibus,

513 1985 661 2116 lddselillx
690 2030 706 2062 κ
728 2001 873 2095 quitum
891 2001 980 2074 bene
998 2009 1144 2097 paratus
1162 2002 1207 2074 ad
1238 2000 1450 2074 scholastica
1468 2001 1706 2096 experimenta
1724 2009 1819 2076 esset
1836 2025 1987 2098 semper,
2006 2011 2079 2076 tam
2096 2005 2201 2079 facile
2219 2006 2314 2078 dicta

513 2138 644 2207 conjunc·
690 2153 707 2184 κ
728 2126 888 2220 magistri
922 2127 1133 2221 conciperet,
1153 2133 1193 2197 ut
1213 2126 1446 2221 nemomagis
1478 2125 1624 2210 otiosus,
1657 2132 1762 2220 atque
1790 2126 1827 2197 in
1857 2127 1911 2198 his
1938 2127 2025 2222 ipsis
2042 2136 2218 2216 attentus3
2251 2131 2312 2225 qui

512 2224 557 2278 ἥθ’
669 2263 671 2268 ’
690 2277 705 2308 u
726 2255 846 2322 tamen
864 2249 1182 2344 condiscipulorum
1201 2273 1290 2350 unus
1321 2250 1477 2321 omnium
1495 2249 1613 2321 omnia
1637 2248 1810 2345 ejusmodi
1827 2251 2007 2324 videretur
2023 2253 2205 2348 negligere
2222 2279 2231 2338 ;
2251 2254 2312 2348 qui

688 2400 704 2432 u
725 2395 798 2444 non
814 2381 888 2445 tam
904 2374 942 2444 in
960 2373 1089 2445 scholis
1106 2379 1141 2445 et
1158 2372 1258 2444 libris
1291 2395 1396 2467 quam
1413 2373 1598 2468 intemplo
1617 2381 1652 2445 et
1679 2372 1878 2446 coelestibus
1897 2382 2013 2448 mente
2032 2385 2068 2450 et
2099 2377 2313 2470 cogitatione

689 2526 705 2556 u
725 2497 913 2570 habitaret.
942 2496 1040 2570 Scire
1070 2520 1108 2570 se
1135 2520 1178 2571 ex
1196 2497 1386 2570 Laurentio
1400 2496 1557 2582 Pacifici,
1580 2496 1750 2569 Stanislai
1767 2493 1996 2580 cubiculario,
2017 2497 2166 2594 aliisque
2192 2502 2312 2573 dome-

687 2649 704 2680 «
726 2620 824 2693 sticis
843 2645 1054 2694 arcanorum
1071 2645 1214 2695 suorum
1232 2620 1481 2717 proditoribus,
1503 2627 1673 2715 quantum
1699 2644 1817 2716 operae
1842 2623 1944 2696 daret
1959 2623 2157 2696 litterarum
2174 2625 2301 2698 studio.

688 2777 703 2809 a
726 2744 934 2826 Confirmari
948 2745 1043 2817 idem
1060 2764 1123 2817 suo
1141 2745 1250 2840 ipsius
1265 2744 1442 2840 exemplo;
1464 2767 1567 2838 quem
1584 2744 1745 2818 viderent
1763 2745 1918 2840 quotidie
1935 2754 2073 2820 tantum
2087 2748 2255 2842 temporis
2273 2749 2312 2821 in

688 2900 705 2932 κ
726 2869 856 2964 templo
870 2869 1023 2964 exigere.
1056 2905 1073 2936 s

512 2999 545 3055 In
574 3013 649 3090 ”³9¹7
737 2994 838 3075 Quod
865 2991 959 3088 aequi
978 2993 1119 3088 pietatis
1139 2980 1378 3066 'aestimatores
1411 2992 1674 3065 admirabantur
1713 2993 1750 3064 in
1781 2992 1958 3066 Stanislao
1991 2999 2027 3066 et
2061 2981 2240 3080 amabant,
2269 2998 2315 3092 id

514 3079 578 3214 ἔξω
597 3092 662 3132 Μ’
688 3118 800 3192 Paulo
819 3125 896 3191 erat
921 3117 1061 3190 dividiae
1083 3147 1090 3188 :
1110 3118 1193 3190 hinc
1209 3118 1272 3188 illa
1299 3117 1463 3202 convitia,
1488 3117 1643 3212 injuriae,
1664 3118 1832 3203 verbera;
1863 3141 1942 3212 quae
1968 3117 2116 3214 amplius
2134 3119 2315 3196 biennium

680 3243 826 3342 juvenis
860 3243 1059 3316 constantia
1092 3251 1127 3315 et
1156 3243 1425 3315 mansuetudine
1458 3241 1622 3315 toleravit
1654 3241 1864 3315 incredibili.
1899 3243 1996 3314 Inter
2030 3265 2089 3318 eas
2122 3267 2311 3332 aerumnas,

687 3369 772 3442 anni
792 3369 887 3443 1566
903 3391 1023 3442 mense
1040 3367 1228 3454 decembri,
1249 3367 1415 3462 delapsus
1432 3367 1469 3438 in
1487 3366 1660 3437 morbum.
1682 3366 1811 3438 Levius
1837 3365 1968 3438 malum
1991 3368 2160 3463 principio
2179 3370 2312 3456 visum;

688 3515 813 3566 revera
831 3492 986 3565 sonticus
1002 3493 1068 3564 fuit
1093 3493 1248 3576 morbus,
1269 3514 1383 3586 neque
1401 3513 1468 3585 ope
1482 3491 1637 3562 humana
1653 3489 1870 3592 medicabilis
1890 3515 1898 3552 τ
1917 3488 2033 3585 idque,
2055 3492 2192 3585 opinor,
2213 3503 2315 3566 ratus

559 3661 563 3674 ·
690 3625 765 3691 ater
777 3617 914 3712 genius,
935 3639 1019 3688 suas
1036 3615 1097 3688 ille
1111 3624 1320 3712 experturus
1343 3615 1498 3698 fraudes
1520 3614 1693 3707 siquibus
1716 3620 1859 3686 noceret
1880 3613 1996 3686 inviso
2016 3615 2170 3710 jamdiu
2188 3639 2313 3712 puero,

515 3751 596 3840 inger
612 3751 664 3805 ter.
689 3751 840 3828 tentare,
858 3764 1049 3814 conversus
1066 3741 1103 3812 in
1121 3740 1274 3812 belluam
1291 3737 1560 3811 formidabilem.
1584 3737 1725 3842 Species
1743 3738 1821 3809 visa
1847 3737 1990 3811 molossi
2016 3739 2212 3834 nigerrimi,
2233 3743 2316 3814 hor·

514 3831 641 3981 {iffi
689 3867 846 3942 rentibus
864 3866 1082 3961 perfusisque
1101 3888 1224 3938 cruore
1243 3857 1349 3946 villis,
1367 3861 1637 3935 scintillantibus
1655 3861 1778 3944 oculis
1798 3862 1889 3933 rictu
1908 3862 1952 3934 ad
1969 3885 2075 3936 aures
2097 3863 2312 3938 dehiscente.

513 4005 611 4044 orcum.
689 3993 760 4066 Sed
785 4013 896 4062 vanas
915 3989 1027 4061 hostis
1052 3989 1136 4074 iras,
1166 3989 1276 4061 fretus
1294 3988 1383 4070 Dee,
1407 3986 1518 4058 irrisit
1542 4008 1648 4081 puer;
1669 3995 1724 4058 ter
1749 3984 1937 4057 assultavit
1966 3984 2095 4069 bellua,
2124 3994 2179 4060 ter
2210 3989 2313 4082 signo

689 4117 801 4192 crucis
832 4115 976 4210 rejecta,
1005 4137 1083 4186 cum
1110 4113 1290 4185 fraudibus
1320 4113 1443 4206 iraque
1472 4110 1642 4205 disperiit.
1673 4109 1799 4206 Stygia
1829 4110 1968 4205 quidem
2000 4111 2108 4206 pestis
2134 4111 2233 4195 abiit,
2252 4113 2317 4185 sed

688 4240 821 4316 febrilis
838 4239 998 4312 increvit.
1019 4237 1126 4310 Nulla
1143 4235 1283 4309 interim
1302 4235 1471 4308 sollicitus
1501 4257 1600 4328 aeger
1624 4234 1693 4306 nisi
1724 4255 1768 4306 ea
1790 4257 1841 4318 re,
1862 4235 1986 4306 utine
2014 4234 2172 4307 discedat
2188 4258 2211 4308 a
2226 4235 2313 4322 vita,

689 4387 761 4437 non
778 4386 879 4435 sacro
894 4361 1043 4435 refectus
1062 4362 1186 4434 viatico
1201 4389 1209 4447 ;
1225 4361 1385 4444 idunum
1403 4359 1462 4431 ille
1476 4381 1558 4430 suos
1572 4358 1783 4430 domesticos
1798 4358 1922 4452 cupide
1936 4359 2065 4451 diuque
2079 4364 2157 4431 orat
2169 4359 2313 4444 frustra,

689 4489 775 4562 hero
792 4488 975 4561 diversorii
993 4487 1099 4583 impio
1125 4488 1286 4582 precibus
1316 4486 1539 4558 adversante.
1561 4483 1654 4563 Quid
1680 4493 1765 4577 agat
1793 4506 1902 4579 aeger,
1917 4485 1996 4579 jam
2014 4507 2078 4556 sua
2096 4486 2202 4558 etiam
2223 4487 2316 4559 fame

517 4647 615 4703 Divino
631 4647 667 4702 ci-
690 4635 793 4686 sacra
809 4613 1082 4686 contabescens?
1102 4608 1345 4684 commeminit
1370 4609 1407 4680 in
1432 4616 1598 4702 tempore,
1615 4607 1772 4680 sodalem
1789 4631 1827 4680 se
1847 4608 2020 4680 cultorum
2037 4609 2152 4682 beatae
2166 4610 2316 4704 virginis

516 4724 550 4779 ¹³⁰
574 4725 665 4780 refici·
690 4738 875 4820 Barbarae,
893 4759 1005 4831 nuper
1023 4743 1255 4830 aggregatum
1276 4761 1283 4807 :
1305 4733 1495 4806 beneficam
1511 4733 1548 4803 in
1571 4755 1654 4804 suos
1679 4754 1757 4804 esse
1783 4731 1928 4806 clientes
1946 4733 2077 4817 divam,
2095 4741 2130 4807 et
2147 4734 2315 4830 opitulari

517 4811 568 4862 tur.
690 4859 933 4934 moribundis:
954 4861 987 4932 ei
1004 4882 1042 4932 se
1064 4860 1172 4930 animi
1203 4859 1388 4932 devotione
1416 4857 1596 4952 praecipua
1621 4854 1734 4951 pridie
1764 4877 1876 4928 nonas
1907 4856 2101 4930 decembris
2132 4880 2314 4930 commen·

690 4987 813 5070 dasse;
833 4984 926 5055 hanc
952 5006 1038 5078 ergo
1067 4982 1126 5054 ille
1154 4983 1342 5082 gemitibus
1372 4982 1551 5063 invocare,
1572 4979 1676 5070 hujus
1707 4999 1808 5072 opem
1832 4980 1997 5075 lacrymis
2031 4989 2165 5075 petere.
2191 4981 2316 5055 Gratae

687 5110 785 5184 fuere
802 5108 975 5182 coelitibus
1002 5107 1170 5181 Stanislai
1188 5130 1325 5203 preces,
1345 5107 1465 5180 Sensit
1482 5127 1576 5190 mox,
1598 5103 1784 5200 palamque
1804 5104 1886 5178 fecit
1899 5104 1933 5201 (ι)
1959 5105 2083 5179 adesse
2109 5107 2175 5178 sibi
2194 5107 2312 5178 divam

728 5260 768 5337 (1)
793 5263 923 5320 l‘roccss
943 5259 1067 5319 Posnau.
1087 5277 1113 5332 p.
1133 5259 1204 5319 380.
