4948 6672
624 747 688 816 nn
888 777 890 782 ,
1070 837 1076 846 ¹
1156 745 1157 748 ‘
1325 752 1561 818 monumous.

628 947 809 1013 momenti.
824 934 872 1010 Et
889 936 981 1009 ratio
999 944 1054 1010 ost
1073 963 1090 1010 :.
1103 940 1187 1035 quia
1211 941 1323 1036 major
1339 948 1394 1015 est
1422 941 1593 1037 obligatio
1613 942 1765 1039 publioae
1795 943 1900 1039 legis,
1930 966 2033 1038 quam
2056 938 2186 1040 privati
2205 938 2262 1035 ju·

629 1047 792 1120 rumenti.
820 1048 920 1144 Ergo
945 1049 1008 1121 illu
1026 1052 1143 1146 potius
1169 1053 1342 1127 servanda
1364 1061 1417 1128 ost
1435 1077 1541 1150 quam
1565 1055 1656 1129 haeo.
1675 1056 1754 1128 Hoc
1783 1078 1889 1130 sensu
1914 1055 2003 1128 dixit
2037 1051 2261 1138 Innocentius

628 1155 744 1250 capito
772 1159 850 1254 jam
888 1161 995 1234 citato
1017 1187 1024 1234 :
1045 1166 1213 1238 Paottone
1222 1170 1448 1253 priuatorum
1465 1171 1545 1253 juri
1557 1171 1697 1256 publico
1717 1173 1864 1238 minimo
1876 1171 2079 1257 doroyatur.
2098 1166 2146 1238 Et
2155 1164 2260 1259 Papi-

627 1266 756 1341 nianus
773 1271 815 1343 L.
828 1271 851 1344 J
853 1294 896 1344 us
908 1271 1088 1367 publicum
1098 1274 1121 1366 g
1131 1273 1175 1346 do
1188 1274 1318 1368 pactis:
1335 1280 1402 1346 Jns
1414 1281 1596 1364 publicum
1607 1281 1760 1367 privatio
1773 1282 1891 1364 pontis
1905 1282 2041 1347 mutari
2050 1301 2123 1350 non
2134 1287 2257 1367 potest.

627 1379 675 1453 ut
703 1382 828 1476 regula
848 1384 941 1478 juris
959 1393 1013 1458 est
1025 1386 1078 1482 (L.
1091 1392 1211 1476 Neque
1219 1392 1353 1478 piynus
1367 1387 1439 1472 §de
1450 1383 1599 1457 diversis
1617 1382 1750 1478 regulis
1775 1381 1899 1478 junis):
1925 1391 2159 1457 Privatornm
2180 1407 2259 1456 oon·

624 1491 739 1558 ventio
745 1492 824 1574 juri
838 1491 980 1576 pontico
993 1512 1064 1561 non
1076 1495 1235 1580 deroyat.

675 1590 712 1662 3⁰
729 1589 977 1664 duramentum
994 1615 1065 1664 nou
1092 1600 1148 1666 est
1164 1595 1377 1668 servandum
1394 1619 1458 1668 neo
1476 1591 1624 1688 obligat,
1641 1591 1781 1686 quando
1803 1589 1990 1686 promissio
2010 1593 2134 1666 tribuit
2151 1595 2258 1668 liceu-

625 1697 710 1772 tiom
726 1702 896 1796 peccandi
925 1703 1038 1800 (Leno.
1055 1705 1118 1778 lib.
1136 1708 1220 1792 II,o.
1244 1709 1305 1792 42,
1322 1707 1405 1780 dub.
1430 1706 1576 1798 4,n⁰9).
1594 1703 1662 1777 Vel
1675 1703 1814 1799 quando
1823 1703 1966 1797 juratur
1982 1703 2031 1790 id,
2049 1705 2170 1800 inquo
2199 1731 2260 1802 po·

624 1817 695 1885 test
707 1835 787 1887 esse
803 1822 981 1909 peccatum
996 1816 1116 1910 (Ibid,
1133 1843 1162 1892 o.
1185 1819 1242 1905 17,
1259 1819 1343 1892 dub.
1361 1821 1397 1902 7,
1418 1842 1454 1891 u.
1472 1819 1533 1903 54,
1551 1817 1612 1889 ubi
1625 1819 1674 1889 ait
1693 1841 1701 1887 :
1718 1820 1919 1886 Invalidum
1931 1838 2005 1886 esse
2016 1823 2259 1903 juramentum

624 1939 692 2005 qno
705 1923 1004 2007 oirjnrotnnori,
1021 1945 1059 1992 se
1079 1945 1150 1994 non
1167 1932 1418 1994 accusaturum
1453 1928 1551 1992 ittam
1582 1927 1625 1993 de
1649 1926 1718 1992 ntto
1745 1924 2017 2008 orimino;qnio
2029 1926 2113 2007 fiori
2129 1935 2256 2011 potest,

623 2031 663 2092 ut
673 2029 837 2091 tenentur
851 2027 951 2092 ittam
965 2046 1143 2100 accusare.
1168 2033 1267 2100 Unde
1281 2051 1357 2117 cop.
1384 2025 1684 2106 Quemadmodum
1700 2027 1744 2094 de
1751 2028 1990 2112 inrejnrnndo
2005 2027 2160 2095 dicitnr:
2178 2031 2259 2099 Tale

616 2140 865 2225 juramentum
878 2162 954 2210 esse
970 2139 1211 2212 temerarium.
1227 2137 1237 2234 )

545 2331 547 2336 ,
673 2253 710 2323 4⁰
727 2251 750 2324 J
752 2261 976 2328 uramentum
1004 2259 1100 2324 metu
1126 2250 1227 2346 gravi
1256 2254 1443 2331 extortum,
1456 2245 1487 2317 si
1503 2267 1574 2317 non
1593 2244 1696 2318 sitdo
1713 2243 1878 2327 reticita,
1895 2268 1966 2317 non
1984 2244 2121 2339 obligat
2139 2246 2253 2343 (Loss.

621 2363 685 2436 lib.
705 2365 743 2449 2,
775 2386 832 2458 ap.
855 2366 917 2451 42,
943 2366 1025 2438 dub.
1044 2364 1081 2449 6,
1102 2387 1137 2434 n.
1159 2364 1207 2436 nu
1225 2367 1260 2434 et
1277 2360 1338 2433 alii
1356 2367 1516 2430 auctores
1533 2357 1578 2428 ab
1593 2378 1634 2428 oo
1657 2357 1753 2429 citati
1788 2378 1825 2427 n.
1849 2355 1922 2451 29).
1952 2356 2057 2430 Unde
2074 2357 2098 2430 1.
2116 2359 2154 2445 2,
2174 2383 2253 2455 oap.

624 2477 664 2550 Si
690 2460 861 2550 adoerius
877 2477 1071 2563 venditum,
1097 2475 1242 2548 dicitur:
1259 2479 1334 2544 Per
1346 2477 1418 2543 vim
1435 2481 1552 2542 autem
1574 2475 1628 2540 oet
1650 2479 1777 2540 metum
1794 2475 1967 2556 injustum
1982 2481 2120 2558 extorto
2133 2496 2258 2544 sacra·
2287 2560 2292 2566 .

623 2585 865 2664 mutantium
885 2605 907 2652 α
924 2583 1313 2668 mojoribns‚.moooinoo
1334 2597 1378 2644 ne
1411 2576 1683 2663 onaerimoniom
1703 2577 1962 2660 maleficiorum
1986 2581 2258 2648 commissorum

621 2687 747 2770 sociat,
769 2688 904 2755 nultius
916 2707 990 2756 osse
1000 2685 1169 2754 momenti
1174 2683 1350 2769 jubemus.
1363 2676 1418 2747 Ita
1440 2675 1662 2748 Justiuianus
1679 2675 1883 2772 imperator.
