4896 6650
511 783 515 789 ¹
655 793 714 860 128
1023 798 1298 860 LITUANICAIIIJIII
1320 798 1532 862 sociareris
1552 799 1639 862 JESU
1662 799 1916 862 lIlSTORIARUII

654 974 712 1052 die
729 977 891 1073 Virginis
914 979 993 1054 sine
1014 981 1095 1055 labe
1115 982 1322 1078 primigenia
1353 990 1553 1078 conceptae;
1578 981 1701 1055 addita
1722 1005 1804 1054 mox
1827 1006 1905 1055 cum
1930 1004 1969 1054 re
1990 979 2156 1053 familiari
2179 981 2285 1054 vecti-

653 1101 751 1196 galia
776 1111 883 1190 certa,
907 1111 943 1177 et
963 1127 1077 1202 pagus
1103 1131 1181 1180 cum
1209 1107 1398 1203 sexaginta
1415 1113 1451 1179 et
1472 1112 1611 1180 centum
1630 1106 1778 1192 colonis,
1804 1113 1838 1178 et
1857 1105 1959 1202 sylva
1975 1106 2099 1179 caedua
2116 1105 2163 1178 ad
2184 1104 2287 1202 plura
2320 1095 2325 1106 ¹

653 1248 821 1320 passuum
844 1227 957 1300 millia
979 1253 1202 1325 procurrens.
1228 1233 1364 1304 Eodem
1391 1232 1448 1303 die
1473 1230 1589 1302 officia
1611 1231 1755 1325 pietatis
1774 1230 1870 1303 Socii
1883 1230 1928 1303 ab
1948 1230 2206 1303 instauratione
2222 1253 2287 1302 suo

653 1350 724 1422 ritu
745 1359 906 1425 votorum
930 1355 1058 1426 exorsi.
1081 1354 1196 1428 Multo
1216 1355 1422 1446 clementius
1447 1353 1501 1426 illi
1523 1353 1672 1449 Derpati
1694 1377 1716 1425 a
1734 1353 1870 1426 civibus
1890 1353 2004 1425 babiti
2028 1376 2133 1447 quam
2151 1352 2283 1447 Rigas:

653 1475 773 1548 mitius
787 1478 915 1573 quippe
937 1480 1036 1573 genti
1050 1481 1132 1552 huic
1147 1481 1342 1575 ingenium,
1366 1487 1400 1553 et
1416 1480 1554 1552 animus
1573 1478 1619 1552 ad
1632 1479 1750 1550 studia
1766 1501 1883 1550 rerum
1906 1477 2106 1549 divinarum
2118 1477 2282 1550 habilior.

654 1598 795 1684 Statim,
813 1608 851 1674 ut
872 1612 1007 1698 apertae
1025 1613 1107 1677 sunt
1125 1604 1271 1688 scholae,
1291 1628 1421 1700 pueros
1440 1627 1522 1676 suos
1541 1603 1690 1699 amplius
1709 1611 1850 1676 centum
1868 1605 1985 1698 coegit
2006 1604 2143 1676 civitas.
2162 1601 2287 1680 Mode-

652 1725 742 1796 stius
764 1725 894 1800 ibidem
909 1729 1067 1802 haeretici
1082 1730 1189 1803 etiam
1211 1729 1255 1802 de
1272 1752 1358 1802 vera
1381 1729 1552 1822 religione
1566 1750 1588 1798 a
1601 1726 1908 1801 concionatoribus
1922 1728 2101 1800 doctrinas
2124 1737 2286 1822 excepta·

655 1847 758 1920 bant:
775 1849 910 1923 fructus
924 1853 1071 1946 proinde
1086 1853 1250 1926 salutaris
1264 1853 1495 1947 proveniebat
1503 1851 1694 1947 jucundior
1710 1851 1820 1924 multo
1835 1859 1943 1946 atque
1956 1851 2111 1924 uberior.
2130 1849 2288 1924 Infantes

652 1971 721 2065 ipsi
742 1973 894 2067 amplius
913 1975 1009 2048 mille
1028 1975 1170 2049 ducenti
1188 1999 1290 2049 sacro
1308 1975 1475 2072 baptismi
1493 1975 1590 2047 fonte
1607 1972 1732 2047 abluti.
1753 1973 1901 2068 Templa
1920 1973 2060 2068 quidem
2083 1974 2119 2044 in
2138 1973 2288 2045 Estonia

652 2101 735 2168 sunt
757 2120 827 2170 non
847 2121 982 2194 panca3
1001 2101 1064 2174 sed
1080 2123 1103 2172 a
1120 2101 1291 2174 ministris
1304 2123 1484 2174 sacrorum
1506 2120 1637 2193 magna
1667 2098 1799 2170 circum
1826 2097 2003 2183 solitudo;
2022 2097 2070 2169 ad
2092 2119 2135 2170 ea
2162 2120 2226 2192 pro
2250 2121 2290 2170 se

653 2219 800 2314 quisque
830 2223 997 2318 precibus
1021 2225 1225 2307 invitando,
1262 2223 1457 2318 Collegium
1486 2220 1743 2294 distrahebant.
1773 2220 1986 2316 Septuagies
2012 2219 2166 2317 amplius
2192 2221 2289 2292 intra

652 2348 790 2438 tempus
814 2353 986 2420 semestre
1003 2370 1046 2420 ex
1065 2347 1193 2443 oppido
1216 2347 1264 2418 ad
1285 2348 1493 2420 remotiores
1514 2367 1627 2440 pagos
1646 2367 1845 2420 excursum.
1866 2344 2056 2439 Complura
2078 2344 2204 2416 salutis
2225 2367 2289 2416 ne-

653 2465 752 2559 gotia
764 2466 869 2539 facile
886 2474 1082 2555 transacta,
1103 2493 1233 2564 magno
1246 2469 1446 2541 animorum
1459 2469 1655 2552 commodo,
1672 2474 1709 2541 et
1722 2466 1897 2562 singulari
1911 2466 2077 2561 utrinque
2089 2465 2284 2560 voluptate.

654 2588 767 2662 Simul
788 2598 893 2685 atque
915 2593 1129 2676 nuntiatum,
1153 2592 1375 2666 sacerdotem
1391 2615 1414 2662 a
1431 2592 1607 2665 Societate
1625 2590 1672 2662 ad
1693 2591 1789 2686 ipsos
1810 2591 2018 2674 accessisse,
2036 2589 2220 2663 confestim
2238 2590 2290 2660 vi-

653 2712 757 2784 ciniae
771 2721 1037 2790 commoventur
1054 2741 1062 2787 :
1078 2716 1126 2787 ad
1140 2717 1384 2811 excipiendam
1402 2715 1599 2786 doctrinam
1615 2712 1755 2786 alacres
1775 2712 1964 2785 convolant
1981 2738 1988 2785 :
2005 2713 2161 2808 quotidie
2174 2713 2288 2807 prima

653 2833 731 2907 luce
757 2844 990 2924 conventant;
1019 2847 1058 2910 ut
1084 2839 1142 2912 vel
1167 2840 1423 2912 sacrificantem
1442 2838 1599 2922 videant,
1624 2836 1682 2909 vel
1707 2838 1751 2908 de
1777 2837 1861 2909 vitae
1890 2836 2061 2908 institutis
2083 2835 2290 2908 christianae

522 2943 525 2948 ¹
651 2961 787 3058 aliquid
805 2966 1025 3039 condiscant.
1044 2965 1102 3039 Illi
1120 2990 1185 3038 nos
1207 2967 1440 3038 communiter
1457 2971 1640 3060 parentes,
1665 2963 1793 3034 'salutis
1809 2971 2057 3058 procuratores
2080 2985 2167 3047 suae,
2194 2961 2288 3033 voci·

651 3091 753 3160 tare:
777 3085 929 3161 fidenter
942 3090 1154 3162 consulere:
1177 3090 1304 3186 quibus
1322 3089 1366 3163 de
1379 3090 1486 3165 rebus
1501 3088 1697 3185 gratificari
1709 3088 1860 3184 possint,
1881 3089 1974 3159 inter
1991 3110 2031 3159 se
2048 3107 2220 3181 quaerere.
2240 3085 2290 3156 Ut

650 3209 723 3282 alia
745 3213 903 3285 omittam
931 3214 1062 3300 studia,
1092 3237 1188 3287 aerea
1213 3217 1282 3288 duo
1309 3237 1481 3310 campana
1507 3214 1674 3309 grandia,
1694 3212 1845 3284 alterum
1871 3213 1906 3283 in
1933 3219 2064 3286 terram
2089 3209 2284 3293 defossum,

653 3335 866 3410 Moscovitis
892 3338 1078 3412 LivonIam
1108 3340 1363 3434 madentibus,
1385 3341 1585 3412 demersum
1601 3339 1639 3411 in
1661 3339 1769 3410 tluvIo
1798 3337 1963 3423 alterum,
1993 3321 2125 3433 magno
2156 3342 2286 3409 eruunt

655 3464 800 3544 conatu,
820 3459 868 3530 ad
886 3482 1009 3533 aream
1032 3461 1155 3557 templi
1177 3463 1383 3547 advolvunt,
1407 3462 1571 3557 ultroque
1601 3461 1735 3534 donant
1751 3460 1922 3555 Collegio.

481 3555 604 3703 Greffi'ffi
702 3581 858 3656 Nuntius
876 3583 925 3656 'de
943 3586 1040 3659 obitu
1067 3586 1234 3682 Gregorii
1260 3587 1351 3659 XIII
1377 3586 1576 3671 PontificIs,
1594 3592 1720 3682 quarto
1751 3606 1858 3679 supra
1888 3582 2141 3676 octogesimum
2171 3583 2287 3656 aetatis

481 3711 549 3768 x111
559 3711 615 3766 obi·
652 3727 727 3779 suae
739 3727 835 3778 anno
850 3706 901 3778 IV
908 3707 988 3782 idus
1000 3709 1133 3803 apriles
1147 3731 1190 3782 ex
1203 3709 1368 3782 humanis
1381 3708 1525 3790 sublati,
1540 3732 1619 3781 cum
1632 3709 1832 3780 universam
1848 3705 2079 3778 christianam
2092 3704 2287 3779 Ecclesiam

482 3793 566 3928 ff
652 3837 731 3906 tum
761 3831 976 3906 Societatem
990 3841 1147 3906 nostram
1160 3834 1257 3906 luctu
1275 3833 1393 3906 affecit
1406 3833 1520 3927 gravi.
1544 3833 1594 3904 Ut
1610 3831 1649 3903 in
1664 3832 1732 3904 hoc
1749 3831 1857 3904 etiam
1874 3829 2182 3926 opusculonostro
2194 3833 2288 3925 grati

654 3955 799 4049 aliquod
822 3962 918 4028 extet
937 3965 1200 4030 monumentum
1217 3957 1338 4041 animi,
1360 3957 1496 4051 aliquas
1521 3955 1606 4028 boni
1622 3955 1775 4051 pastoris
1792 3955 1916 4028 laudes
1935 3977 1978 4026 ex
2004 3953 2085 4025 vitis
2114 3955 2289 4050 rebusque

656 4081 768 4176 gestis
782 4081 1027 4154 Romanorum
1041 4081 1265 4168 Pontificum,
1280 4083 1325 4154 ab
1342 4081 1525 4177 Alphonso
1544 4081 1723 4162 Cistonia,
1743 4087 1782 4153 et·
1794 4080 1995 4175 Augustino
2008 4078 2173 4163 Aldoino,
2190 4080 2289 4153 eSo-

654 4205 782 4281 cietate
804 4213 927 4278 nostra
947 4206 1129 4302 scriptore,
1150 4207 1319 4293 collectis,
1340 4230 1385 4280 ne
1402 4207 1519 4281 verbis
1537 4205 1678 4301 quidem
1694 4206 1820 4278 horum
1838 4206 1994 4289 mutatis,
2015 4211 2134 4276 attexo
2154 4229 2162 4275 :

709 4359 725 4392 κ
743 4330 941 4425 Gregorius
954 4330 1061 4414 XIII,
1078 4333 1186 4426 Ilugo
1200 4332 1498 4426 Boncompagnus
1511 4337 1593 4402 ante
1606 4329 1848 4424 pontificatum
1865 4335 2022 4414 vocatus,
2039 4329 2157 4423 patria
2170 4329 2287 4400 Bono·

659 4481 675 4514 u
698 4455 851 4540 niensis,
874 4454 1128 4550 Christophoro
1155 4455 1429 4550 Boncompagnc
1453 4461 1489 4526 et
1510 4453 1651 4549 Angela
1678 4453 1930 4539 Marescballa,
1956 4451 2132 4526 nobilibus
2157 4475 2282 4547 paren·

658 4607 676 4640 κ
696 4578 805 4662 tibus,
826 4602 923 4652 anno
946 4580 1141 4664 1502,V11
1161 4602 1273 4652 nonas
1284 4579 1451 4674 januarii,
1472 4585 1590 4662 natus,
1607 4578 1765 4650 honestis
1778 4575 1960 4650 institutus
1973 4578 2142 4660 moribus,
2159 4577 2284 4649 studiis

657 4702 814 4797 «legum
832 4702 1006 4788 addictus,
1029 4705 1128 4776 brevi
1153 4711 1326 4799 tempore,
1346 4703 1383 4774 in
1415 4725 1457 4775 eo
1488 4703 1645 4777 scientiae
1670 4725 1801 4796 genere
1827 4725 2038 4797 progressus
2060 4702 2206 4785 faciens,
2221 4702 2282 4796 jus

656 4855 676 4888 κ
695 4827 789 4921 apud
809 4851 893 4902 suos
912 4828 1006 4900 cives
1024 4851 1088 4922 per
1109 4851 1222 4901 annos
1237 4835 1315 4902 octo
1331 4828 1598 4922 interpretatus,
1617 4825 1769 4900 Romam
1787 4827 1945 4911 veniens,
1965 4826 2129 4921 Capitolii
2149 4825 2273 4921 judex,

656 4951 847 5047 «scriptor
873 4951 1101 5048 apostolicus,
1127 4953 1276 5047 majoris
1307 4951 1404 5046 parci
1436 4950 1672 5036 abbreviator,
1699 4949 1900 5028 forensibus
1926 4957 1961 5022 et
1991 4950 2119 5045 gratiae
2151 4949 2280 5023 libellis

657 5110 673 5143 u
694 5063 888 5155 referendis
904 5082 1124 5178 praefectura
1139 5079 1252 5154 Paulo
1268 5081 1335 5166 III,
1353 5079 1400 5152 ad
1411 5078 1604 5153 Concilium
1616 5076 1863 5152 Tridentinum
1876 5078 2017 5164 missua,
2033 5101 2184 5152 camarae
2199 5102 2282 5174 apo-

657 5235 674 5268 «
695 5205 829 5282 stolirae
853 5204 1025 5282 audItoris
1048 5204 1303 5290 locumtenens,
1329 5203 1544 5278 secretarius
1576 5202 1804 5299 apostolicus
1833 5201 2036 5297 Campaniae
2060 5202 2279 5297 prolagatus,
