4948 6654
617 765 621 773 ⁴
650 745 758 805 LIBER
781 744 941 815 QUINTUS
965 744 1179 824 (1600-1610).
1710 736 1771 802 213

163 937 405 1019 «immunitas,
426 936 716 1009 condemnarent.
731 936 964 1009 Dissimulare
978 935 1036 1008 hic
1057 935 1253 1008 adversarii
1273 934 1458 1030 religionis
1479 933 1657 1026 totiusque
1683 929 1771 1001 invi·
1795 935 1928 1069 bllrlina·

163 1061 258 1133 “diae
277 1083 413 1141 causas,
433 1059 505 1131 alia
527 1060 679 1132 conficta
705 1061 874 1155 objiciunt
897 1061 1031 1146 omnia;
1053 1066 1260 1155 queruntur,
1287 1080 1348 1130 eos
1367 1079 1431 1129 nos
1448 1069 1538 1138 esse,
1556 1053 1615 1149 qui
1637 1075 1676 1125 se
1694 1050 1772 1146 regi
1796 1095 1945 1149 tionesma-

163 1213 175 1244 e
192 1186 225 1256 10
243 1184 390 1257 consilia
409 1183 566 1256 derebus
584 1185 744 1258 civilibus
762 1186 961 1258 insinuent:
979 1183 1321 1280 qnidominationem
1338 1177 1575 1252 aristocratici
1592 1178 1771 1250 democra·
1797 1172 1892 1310 32¹⁰·

164 1309 318 1402 «unique
351 1308 536 1402 regiminis
567 1308 776 1394 rationibus,
805 1309 1006 1382 servitutem
1032 1307 1196 1382 libertate
1226 1308 1396 1402 potiorem
1426 1327 1517 1388 esse,
1539 1301 1668 1400 populo
1689 1324 1772 1374 000-

162 1434 403 1506 «cionabundi
431 1434 692 1528 persuadeant:
714 1434 773 1530 qui
803 1435 926 1506 turbas
957 1433 1144 1516 concitent,
1172 1457 1291 1506 rerum
1316 1454 1489 1503 novarum
1516 1437 1692 1511 auctores,
1713 1426 1774 1522 qui

161 1558 335 1653 «denique
347 1557 460 1653 leges,
481 1558 597 1654 patria
615 1565 854 1642 00000000010,
871 1567 906 1631 01
923 1557 1194 1630 consuetudines
1213 1557 1458 1629 condemnent.
1480 1590 1495 1622 0
1515 1554 1641 1648 101000
1658 1552 1772 1624 crimi-

164 1684 250 1757 natio
268 1685 417 1781 primum
436 1684 575 1780 quidem
593 1685 780 1770 constanti,
803 1686 895 1781 quod
909 1684 1189 1778 indignationem
1205 1681 1420 1765 declarabat,
1442 1688 1588 1776 excepta
1605 1678 1746 1752 silentio
1764 1705 1773 1764 ;

164 1807 279 1881 deinde
296 1809 512 1904 amplissimo
528 1808 669 1881 decreto
689 1808 847 1881 Societas
861 1807 1071 1890 collaudata,
1089 1816 1123 1880 et
1137 1807 1250 1880 omnis
1263 1804 1449 1878 calumniae
1463 1804 1604 1876 detersa
1621 1802 1770 1875 macula.

164 1931 210 2004 Ne
235 1932 317 2025 quid
335 1932 491 2004 criminis
521 1934 558 2004 in
589 1955 697 2005 00000
725 1933 776 2003 110
792 1931 937 2003 defensa
963 1931 1100 2003 haerere
1130 1929 1344 2025 imprudenti
1362 1931 1418 2001 cui
1435 1929 1626 2013 videretur,
1649 1929 1777 2000 Petrus

165 2053 296 2149 Sharga
313 2053 359 2126 ad
377 2054 519 2148 singula
549 2056 595 2127 ab
622 2055 837 2130 adversariis
856 2054 994 2148 obJecta
1025 2055 1157 2149 scripto
1182 2055 1360 2127 luculente
1378 2052 1571 2150 respondit,
1591 2051 1778 2147 propositis

165 2178 372 2251 rationibus:
394 2181 516 2274 quoin
545 2179 668 2273 primis
696 2180 778 2252 vitae
797 2189 937 2251 utamur
953 2179 1114 2251 instituto
1137 2205 1144 2251 :
1166 2201 1253 2275 quos
1271 2179 1404 2251 fructus
1431 2179 1589 2251 Societas
1609 2176 1778 2250 Ecclesiae

164 2311 193 2374 01
208 2304 308 2376 rebus
321 2303 484 2399 publicis,
505 2304 580 2376 Deo
599 2304 688 2376 bene
699 2305 858 2400 juvante,
883 2302 1009 2376 afferat
1024 2326 1031 2373 :
1048 2312 1182 2397 quanta
1199 2326 1303 2398 quam
1322 2303 1432 2376 multa
1449 2303 1485 2373 in
1502 2302 1647 2396 Anglia,
1664 2303 1777 2373 Tran-

164 2425 325 2520 sylvania,
347 2434 383 2499 et
396 2425 484 2498 alibi
501 2427 610 2522 ipsius
628 2426 811 2523 religionis
831 2448 951 2512 causa,
968 2427 1162 2521 pertulerit.
1180 2425 1236 2499 Ad
1250 2428 1328 2499 haec
1346 2433 1450 2523 atque
1463 2426 1535 2498 0110
1548 2425 1585 2498 10
1603 2448 1682 2499 0001
1703 2448 1778 2524 0010

165 2549 285 2644 scripta
310 2549 473 2645 dictaque
499 2549 657 2645 plerique
679 2548 827 2622 consilia
850 2572 915 2622 sua
939 2556 1187 2622 retractarunt.

207 2673 387 2752 Quievisse
417 2683 534 2747 tamen
554 2697 687 2759 omues,
709 2674 868 2746 1100001101
894 2674 1056 2758 maxime,
1083 2672 1179 2746 haud
1202 2681 1383 2768 poterant;
1404 2671 1587 2745 0111001100
1609 2673 1779 2745 adversus

163 2821 286 2893 regem,
308 2799 577 2884 ecclesiasticos,
598 2800 853 2894 religiosasque
873 2799 1025 2871 familias
1042 2797 1305 2895 instigantibus.
1322 2800 1463 2872 Rursus
1488 2822 1574 2895 ergo
1593 2800 1779 2872 conciones

167 2924 382 3007 turbulentae,
399 2933 434 2997 01
457 2925 550 2997 01100
574 2925 731 3019 01100000
745 2925 1006 2996 controversiae.
1031 2925 1179 3019 Jamque
1206 2947 1262 2997 res
1286 2923 1333 2996 ad
1354 2947 1453 2997 arma
1471 2931 1618 3020 spectat.
1635 2925 1780 2997 Tumul-
1806 2941 1914 2996 rumul-

168 3053 296 3122 tuantes
311 3049 528 3122 dearmatum
547 3049 622 3120 ibat
648 3048 795 3120 consilio
812 3047 977 3142 primum,
994 3055 1029 3120 et
1057 3070 1127 3141 qua
1155 3046 1312 3144 pollebat
1341 3050 1563 3132 auctoritate,
1584 3049 1678 3122 domi
1691 3049 1780 3120 mili·
1805 3020 1926 3154 ξξὲᾓξζζὶ

167 3169 285 3266 tiaeque
314 3173 467 3270 inclytus
503 3172 574 3245 dux
609 3173 824 3248 exercituum
854 3173 970 3267 regni,
992 3170 1189 3244 Stanislaus
1228 3171 1509 3260 Zolhiewshius;
1538 3175 1610 3268 qui,
1640 3196 1782 3246 rumore
1806 3177 1941 3232 inarmis.

168 3293 305 3368 obscuro
339 3303 375 3370 et
405 3298 502 3393 quasi
527 3320 590 3393 per
617 3296 781 3370 nebulam
812 3304 971 3392 excepte,
993 3295 1212 3382 Orac'oviam,
1239 3300 1283 3370 ad
1315 3300 1500 3373 molientes
1523 3300 1626 3372 civile
1651 3299 1781 3372 bellurn

166 3417 351 3494 advolarat.
374 3423 455 3506 Hic,
477 3423 538 3495 ubi
568 3445 681 3517 neque
699 3423 894 3494 terroribus
920 3421 1016 3517 apud
1045 3422 1240 3494 obstinatos
1264 3423 1386 3518 profici
1404 3447 1507 3520 posse
1536 3424 1644 3507 videt,
1661 3447 1783 3520 regem

165 3539 307 3638 denique
323 3553 455 3632 monet,
472 3546 648 3640 religioni,
665 3546 911 3640 tranquillitati
928 3545 1091 3642 publicae,
1107 3548 1282 3642 rebusque
1295 3549 1368 3621 suis
1385 3549 1558 3623 consulat·
1575 3551 1783 3622 Varsaviam

165 3664 198 3736 id
214 3671 321 3741 nuntii
340 3671 580 3764 Sigismundo,
596 3669 832 3766 periculorum
856 3669 972 3742 adhuc
991 3669 1132 3744 minime
1152 3671 1304 3757 conscio,
1325 3671 1484 3745 allatum.
1506 3671 1629 3746 Movet
1654 3683 1784 3748 extem-

166 3789 224 3884 plo
239 3815 309 3878 rex,
328 3817 449 3877 manu,
483 3802 613 3891 quanta
642 3801 786 3889 repente
814 3795 939 3889 potuit,
973 3803 1097 3866 coacta
1115 3821 1123 3880 ;
1144 3797 1317 3868 maturius
1338 3797 1525 3868 Janoviam
1551 3797 1658 3878 subit,
1680 3821 1784 3892 quam

167 3911 295 3988 factiosi
312 3916 357 3989 de
384 3917 536 3989 adventu
572 3941 636 3989 suo
671 3917 824 3988 rumoris
849 3917 1039 4010 quidquam
1072 3918 1304 4012 excepissent.
1325 3919 1528 3992 Excindunt
1562 3921 1703 3993 iuterim
1734 3920 1786 3992 illi

169 4036 287 4111 milites
304 4039 453 4132 gloriosi
476 4041 550 4112 0010
570 4041 605 4111 10
629 4041 792 4124 coetibus,
813 4039 965 4112 maxime
985 4041 1077 4112 inter
1102 4040 1241 4135 000010,
1260 4064 1380 4115 000000
1399 4043 1472 4114 Deo
1491 4043 1642 4115 familias
1662 4068 1670 4116 :
1692 4045 1786 4118 bona

170 4161 387 4237 ecclesiarum
415 4164 617 4258 diripiunt:
647 4174 682 4237 et
707 4163 843 4260 praedia
870 4170 905 4238 et
936 4165 1099 4238 coenobia
1129 4174 1165 4237 et
1194 4167 1336 4262 templa,
1360 4168 1536 4263 inprimis
1566 4169 1784 4242 lesuitarum

170 4284 336 4361 domicilia
357 4287 564 4382 fundosque,
588 4288 655 4360 sibi
678 4289 843 4372 vicissim,
864 4311 928 4382 per
946 4311 1089 4362 scenam
1111 4290 1379 4385 triumphantes,
1401 4293 1575 4366 addicunt.
1599 4294 1686 4366 (lum
1705 4317 1788 4367 0000

168 4408 225 4478 tibi
243 4410 489 4506 Sigismundus
512 4411 548 4482 in
577 4412 677 4496 urbe,
706 4418 812 4506 atque
834 4412 922 4483 adeo
948 4411 1097 4497 100010,
1123 4411 1174 4485 ita
1200 4413 1258 4486 hio
1282 4417 1496 4510 compositus
1524 4417 1787 4512 instructusque

170 4534 288 4627 oppido
320 4536 508 4619 successit,
535 4543 704 4631 tanquam
730 4536 836 4616 idem,
864 4536 959 4629 quod
989 4536 1054 4608 sibi
1080 4560 1159 4609 0001
1191 4538 1353 4611 hostibus
1375 4565 1529 4636 uuquam
1550 4543 1676 4628 fuerat,
1709 4566 1788 4615 cum

173 4654 245 4727 istis
269 4657 402 4731 civibus
427 4665 606 4732 certamen
628 4659 729 4731 10001.
754 4659 822 4730 Η10
852 4660 1029 4732 enimvero
1055 4659 1143 4732 nihil
1166 4660 1337 4755 ejusmodi
1367 4665 1592 4759 opinantibus
1617 4687 1722 4740 versa
1749 4674 1784 4739 et

171 4787 292 4854 mutata
308 4785 464 4879 pejorem
482 4785 518 4855 in
537 4791 674 4878 partem
689 4788 771 4854 sunt
784 4784 915 4868 omnia,
932 4783 978 4856 ad
991 4783 1141 4880 primum
1158 4809 1334 4860 rumorem
1347 4791 1486 4862 concuti
1504 4799 1599 4864 metu
1618 4791 1780 4876 audacia,

169 4899 270 4978 fluere
287 4929 386 4978 arma
409 4906 452 4979 de
475 4907 651 4981 manibus,
1752 4885 1755 4893 ¹

219 5027 381 5104 Eximitur
395 5031 566 5128 perculsis
584 5034 745 5108 consulto
761 5035 854 5124 dies;
870 5059 954 5132 pars
969 5038 1179 5112 obstinatior
1200 5041 1237 5112 in
1260 5007 1374 5136 gradu
1391 5039 1527 5112 resistit
1543 5039 1656 5134 primo
1675 5062 1682 5110 :
1698 5060 1782 5133 pars
1811 5054 1940 5143 00000·

169 5150 294 5240 0101100,
327 5156 504 5250 000010000
538 5159 722 5232 catholicis
752 5162 910 5247 amicior,
942 5161 1026 5235 facti
1051 5165 1243 5258 poenitens,
1263 5187 1327 5259 per
1357 5187 1503 5238 aversas
1532 5163 1632 5235 urbis
1663 5171 1783 5258 portas
1812 5129 1922 5267 ffiss·
