4948 6654
33 1957 34 1974 ³
154 1951 315 2024 Vixdum
333 1951 387 2024 illi
409 1975 465 2026 res
493 1951 560 2023 sibi
577 1951 778 2046 propositas
797 1951 834 2022 in
860 1951 1002 2023 civitate
1015 1951 1187 2046 pagisque
1205 1954 1383 2048 aggressi,
1399 1977 1515 2026 cume
1542 1961 1663 2049 strage
1681 1953 1775 2027 inse·

689 769 798 830 ursan
823 767 1217 853 animosaque-roro).
1692 761 1774 838 'aas

33 933 34 958 ¹
155 958 323 1032 tudinario
347 960 500 1054 ejectae
526 956 649 1030 civicis
669 955 921 1051 vespillonibus
951 955 1132 1029 hominum
1156 956 1357 1038 morticina.
1377 955 1556 1052 Repertus
1582 955 1774 1030 Succorum
1800 972 1864 1028 loos

155 1081 274 1177 aliquis
305 1083 400 1156 iuter
428 1083 621 1179 parietinas
647 1081 809 1176 Collegii,
840 1082 900 1176 qui
931 1104 1017 1153 veru
1045 1080 1203 1154 confixas
1238 1080 1285 1153 ad
1314 1083 1433 1177 ignem
1465 1089 1624 1155 versaret
1649 1104 1776 1156 carnes

154 1207 342 1291 humanas;
363 1214 399 1281 et
422 1230 554 1301 coquus
572 1213 607 1279 et
630 1206 818 1278 obsonator
840 1203 935 1277 idem
958 1211 995 1278 et
1018 1204 1164 1277 ultimus
1190 1227 1347 1290 suorum,
1380 1227 1468 1300 quos
1493 1204 1562 1278 sibi
1587 1212 1775 1279 mactasset

155 1354 252 1412 mors,
273 1331 418 1402 conviva
450 1330 577 1425 oppido
595 1329 716 1402 miser.
742 1330 798 1402 lta
815 1329 906 1424 ejus,
928 1352 996 1424 quo
1013 1353 1079 1402 nos
1096 1329 1322 1414 mulctarent,
1340 1328 1523 1402 infortunii
1541 1331 1662 1402 hostes
1688 1353 1772 1424 quo·
1800 1342 1891 1410 uanis
1903 1371 1945 1408 ox-

154 1479 213 1549 que
235 1457 391 1552 oportuit
414 1455 523 1536 fuisse
538 1454 743 1551 participes.
765 1454 807 1526 ln
837 1453 980 1550 praediis
1011 1453 1159 1549 Collegii
1184 1455 1318 1550 pariter
1333 1455 1429 1528 foeda
1454 1455 1615 1541 vastitas,
1637 1445 1773 1550 oquin·
1798 1432 1929 1569 ζῗῐξίιζϋηζ

153 1579 261 1672 gentis
288 1580 423 1653 colonis
449 1579 576 1674 viginti
601 1603 672 1651 nou
692 1577 843 1674 amplius
860 1579 1084 1663 restiterunt;
1116 1579 1211 1673 iique
1241 1579 1448 1660 semineces,
1476 1569 1594 1652 rerum
1621 1579 1776 1651 omnium

154 1703 423 1798 egentissimiln
440 1704 517 1777 istis
534 1703 630 1776 Socii
643 1702 1011 1797 angustiis‚domicili0
1020 1709 1208 1798 utcumque
1221 1711 1622 1798 purgatasuenuoseso
1640 1704 1687 1776 ad
1700 1727 1773 1774 mu·

153 1849 231 1900 uera
240 1851 305 1900 sua
318 1826 482 1902 obeunda
496 1827 916 1911 contulere,suslentante
931 1849 991 1900 eos
1005 1826 1178 1923 tantisper
1194 1827 1251 1922 pio
1267 1827 1466 1923 nescioquo
1480 1829 1770 1924 equiteLituano.
1799 1842 1926 1984 quatit-qq

1817 1943 1896 1985 0111101
1929 1969 1935 1982 .

155 2075 323 2171 pullorum
337 2076 457 2150 multis
470 2075 572 2170 locis,
588 2083 783 2171 putoreque
802 2075 1026 2159 cadaverum,
1037 2076 1171 2176 aestivis
1184 2085 1376 2172 provocata
1389 2079 1653 2164 diebus,rursus
1666 2079 1777 2152 coori-

153 2209 203 2273 tur
214 2199 435 2296 pestilentia;
455 2223 579 2272 rursus
602 2200 722 2294 itaque
737 2199 939 2272 bominibus
956 2201 1087 2272 nostris
1105 2201 1345 2296 approbandae
1357 2203 1393 2273 in
1411 2202 1576 2297 periculis
1594 2225 1669 2274 suae
1691 2204 1774 2275 cba-
1798 2243 1930 2299 Pestilen-

153 2325 259 2398 ritatis
276 2325 489 2419 pietatisque
508 2311 663 2409 occasio;
685 2347 790 2418 quam
803 2323 868 2407 illi,
889 2325 965 2396 Deo
995 2324 1088 2411 freti,
1110 2325 1299 2420 diligenter
1311 2335 1511 2414 tenuerunt,
1533 2337 1569 2401 et
1594 2326 1777 2423 oppidanis
1798 2322 1846 2378 ⁸1⁸·

154 2457 341 2544 praesentes
361 2457 396 2522 et
416 2450 587 2547 paganis;
605 2448 674 2544 ipsi
690 2449 783 2522 inter
796 2448 908 2521 millia
925 2448 1149 2522 morientium
1166 2450 1332 2546 periculis
1354 2452 1505 2527 maxime
1531 2453 1692 2526 obnoxii:
1709 2452 1777 2548 ipsi

153 2571 213 2644 soli
233 2571 408 2646 beneficio
426 2572 546 2646 divino
560 2571 873 2645 incolumes.Unus
892 2570 1078 2659 duntaxat,
1094 2574 1195 2669 isque
1208 2575 1261 2647 rei
1275 2575 1477 2650 domesticae
1491 2584 1634 2648 curator
1647 2575 1772 2661 laicus,

152 2695 344 2792 Stephanus
358 2697 539 2782 Braunus,
566 2695 694 2792 viginti
721 2719 831 2769 annos
857 2695 894 2769 in
913 2694 1072 2792 collegio
1095 2697 1298 2772 ministeriis
1316 2701 1390 2772 suis
1409 2721 1541 2794 magna
1573 2723 1652 2774 cum
1668 2698 1775 2774 laude
1804 2754 1811 2764 ·
1872 2771 1874 2776 .

151 2820 297 2907 functus,
318 2820 498 2894 communi
510 2819 573 2893 illo
593 2827 776 2916 correptus
797 2819 903 2906 malo,
922 2844 1001 2894 cum
1014 2821 1149 2918 aliquot
1166 2823 1315 2920 Collegit
1330 2824 1472 2899 famulis
1487 2825 1634 2899 interiit.

195 2946 350 3026 Vilnam.
370 2947 431 3020 ubi
455 2946 614 3020 discussa
627 2947 704 3043 jam
722 2925 936 3042 pestilentia,
957 2946 1155 3021 salubriore
1173 2949 1262 3022 coelo
1292 2949 1388 3023 cives
1417 2949 1636 3036 fruebantur,
1668 2950 1773 3024 Polo·
1802 2916 1892 3053 ¹⁶⁰⁴„

152 3068 281 3142 aienses
298 3071 433 3145 tirones
458 3071 582 3154 nostri,
599 3070 644 3144 de
661 3069 802 3145 civitate
815 3094 893 3156 sua,
914 3071 1093 3166 pestilenti
1105 3073 1270 3168 perculsa
1286 3072 1392 3158 malo,
1409 3073 1563 3170 profugi,
1580 3075 1664 3147 anui
1680 3075 1775 3148 1604
1803 3076 1948 3134 vinomo

150 3193 288 3270 ineunte
306 3221 428 3270 mense
445 3196 641 3283 novembri,
663 3196 798 3291 accepti
828 3219 907 3268 cum
936 3203 1073 3271 rectore
1090 3220 1155 3270 suc
1168 3199 1209 3270 P.
1237 3199 1415 3272 Michaele
1432 3199 1589 3285 Becauo,
1610 3200 1646 3272 in
1672 3199 1775 3273 domo
1802 3158 1949 3292 ffiffi
1998 3245 2000 3248 -

152 3320 374 3406 coementitio,
395 3320 491 3394 mille
518 3319 679 3393 ducentis
715 3326 751 3394 et
776 3321 1031 3415 quinquaginta
1049 3321 1200 3394 nummis
1230 3324 1445 3397 nostratibus
1463 3331 1593 3421 empta,
1610 3331 1716 3419 atque
1734 3347 1777 3397 ex
1805 3313 1912 3448 ml:

151 3443 256 3518 ruinis
274 3467 381 3541 opere
400 3443 629 3516 tumultuario
645 3450 774 3528 erecta,
795 3444 998 3518 consedere.
1029 3444 1129 3531 lude,
1150 3445 1244 3541 quod
1260 3453 1479 3542 perangusta
1496 3455 1572 3521 erat
1588 3447 1774 3533 habitatio,
1805 3473 1917 3528 transre-

150 3576 306 3664 coempta
327 3567 445 3640 vicina
475 3567 612 3650 domus,
633 3566 783 3661 amplior
812 3566 876 3640 illa
909 3576 1016 3664 atque
1038 3556 1279 3664 opportunior.
1310 3569 1446 3643 Eodem
1475 3576 1633 3667 tempore
1659 3569 1776 3644 Vilnae
1806 3557 1909 3688 runqqr.

151 3691 358 3766 domicilium
375 3691 544 3789 professis
569 3692 700 3765 nostris
726 3691 948 3765 collocatum.
969 3693 1111 3766 Primus
1137 3692 1227 3789 lapis
1244 3693 1366 3788 templi
1392 3694 1472 3767 divo
1491 3695 1663 3768 Casimiro
1681 3694 1777 3768 dedi·
1805 3674 1909 3768 Ibidem

148 3821 247 3892 caudi
261 3823 380 3917 jactus
403 3828 457 3894 est
478 3845 487 3892 ε
507 3826 735 3894 consecratus
748 3819 799 3892 ab
817 3816 973 3913 episcopi
990 3816 1153 3890 Vilnensi
1170 3817 1362 3892 Benedicto
1379 3819 1536 3916 Woyna,
1550 3820 1587 3891 in
1605 3841 1776 3892 concursu
1803 3790 1898 3925 ἓξὲξ

147 3969 330 4038 procerum
361 3946 552 4042 populique
581 3943 755 4017 maximo:
781 3944 818 4017 in
835 3942 957 4038 primis
974 3940 1137 4015 Vilnensi
1159 3941 1317 4037 palatino
1335 3943 1484 4015 Nicolao
1512 3943 1775 4040 Chrystophom
1803 3948 1897 4005 domus

147 4068 337 4155 Radivillo,
357 4069 450 4143 sacri
473 4069 612 4164 imperii
629 4068 767 4140 romani
801 4067 971 4163 principe,
993 4074 1029 4140 et
1058 4067 1179 4140 Leone
1209 4069 1377 4164 Sapieha,
1399 4069 1574 4142 Lituaniae
1600 4077 1674 4142 tum
1691 4092 1774 4142 oau-
1804 4028 1938 4086 Poiessa.

147 4193 303 4279 cellario,
323 4200 405 4291 post
421 4193 579 4289 palatino
606 4190 767 4264 Vilnensi
795 4199 831 4264 et
848 4213 1012 4286 supremo
1045 4192 1260 4265 exercituum
1286 4193 1461 4265 Lituauiae
1496 4193 1597 4278 duce,
1618 4215 1775 4288 praesen·

146 4317 248 4391 tibus.
277 4317 476 4391 Distributa
489 4316 612 4390 eodem
637 4317 715 4389 loco
740 4319 894 4387 Litotilac
911 4316 1037 4409 quibus
1055 4315 1146 4410 lapis
1164 4315 1344 4411 angularis
1366 4317 1412 4387 ab
1430 4315 1628 4388 academica
1647 4317 1773 4411 juven·

145 4445 219 4512 tute
234 4439 390 4513 modulis
409 4461 646 4512 camoenarum
660 4437 857 4512 celebratus
872 4445 938 4512 est.
956 4437 1133 4534 Operatns
1146 4439 1277 4513 ibidem
1290 4441 1400 4512 sacris
1414 4438 1595 4512 Vilnensis
1608 4439 1770 4526 antistes,
1798 4507 1903 4576 Templi
1913 4506 1949 4560 ¹8·

145 4563 395 4658 gravissimam
425 4562 619 4636 orationem
649 4562 694 4634 de
722 4563 960 4657 professorum
995 4569 1204 4657 paupertate
1232 4572 1434 4637 nostrorum
1459 4563 1602 4649 habuit;
1636 4565 1672 4635 in
1703 4587 1773 4660 qua
1800 4588 1843 4658 pn
1865 4599 1950 4652 ongu-

144 4688 336 4762 discrimen
353 4689 447 4760 inter
469 4685 628 4781 Collegia
646 4685 833 4760 societatis
851 4694 887 4758 et
907 4687 1046 4758 domum
1066 4687 1262 4780 professam
1285 4685 1415 4759 diserte
1440 4684 1615 4782 exposuit.
1637 4685 1776 4781 Insigni
1801 4681 1874 4738 1⁸¹1*

142 4833 311 4906 proceres
326 4811 409 4884 inde
436 4811 652 4884 liberalitate
669 4808 934 4883 concertabant.
955 4811 1150 4906 Episcopus
1176 4810 1356 4883 Vilnensis
1374 4817 1459 4906 quot
1485 4810 1586 4883 annis
1609 4808 1775 4905 deinceps

143 4937 239 5010 mille
258 4959 454 5020 nummum,
472 4935 641 5008 nostratis
664 4941 828 5019 monetae,
846 4958 891 5006 ex
907 4933 1034 5007 accisis
1052 4957 1095 5007 ea
1111 4940 1321 5030 tempestate
1349 4935 1474 5030 opibus
1493 4933 1579 5017 suis,
1601 4935 1637 5004 in
1654 4933 1778 5028 templi

140 5061 447 5136 constructionem
461 5061 692 5155 expensatum,
711 5059 836 5134 eodem
851 5084 915 5133 sex
926 5082 1107 5133 nummum
1117 5057 1228 5130 m'ullia
1243 5057 1316 5132 Leo
1329 5057 1484 5152 Sapieha
1503 5055 1679 5132 Lituaniae
1692 5078 1776 5128 can-

141 5185 326 5268 cellarius,
351 5185 456 5280 plura
473 5183 596 5278 plures
619 5182 812 5256 contulere.
