4948 6654
690 809 799 870 uranu
821 808 991 879 oriturus
1020 782 1237 888 (iseo-rouo).
1747 801 1816 869 lar

181 1019 294 1092 eoque
317 1019 530 1092 progressus
552 1005 618 1084 est,
639 1003 678 1070 ut
694 995 754 1068 vix
780 1004 886 1068 noctu
910 1003 1065 1068 cessaret
1085 994 1142 1067 vel
1163 992 1336 1065 habendis
1356 992 1583 1066 concionibus
1600 993 1657 1066 vel
1674 993 1807 1066 confes·
1856 1003 1934 1094 ⁸1598
1967 995 1970 1002 '

181 1120 339 1194 sionibus
367 1121 605 1216 excipiendis;
630 1121 717 1217 vigil
741 1119 973 1216 cupidusque,
994 1109 1033 1190 si
1052 1141 1122 1213 qua
1140 1140 1220 1213 spes
1243 1117 1334 1189 lucri
1360 1116 1528 1188 salutaris
1546 1115 1746 1190 offerretur.
1768 1120 1808 1190 ln
1830 1079 1968 1231 {ffiaefffl

182 1245 358 1318 haereticis
377 1247 592 1320 insectandis
605 1247 657 1317 ita
675 1244 927 1318 moderabatur
945 1243 1075 1326 animo,
1092 1251 1131 1315 ut
1155 1243 1242 1337 ipsae
1268 1243 1563 1337 reprehensiones
1589 1266 1677 1330 suae,
1703 1245 1808 1316 vehe-

179 1371 370 1444 mentiores
398 1372 505 1444 etiam
533 1371 618 1455 illae,
639 1369 772 1441 blanda
792 1368 955 1464 quaedam
985 1365 1033 1438 ad
1058 1390 1213 1439 amorem
1241 1368 1404 1440 veritatis
1426 1368 1552 1464 cuique
1577 1368 1808 1440 invitamenta

180 1517 258 1566 esse
276 1493 492 1567 viderentur.
515 1495 684 1568 Libenter
702 1495 822 1588 itaque
836 1515 1016 1592 sermones
1030 1490 1074 1564 de
1092 1491 1264 1586 religione
1278 1515 1360 1564 suos
1375 1493 1628 1587 exceptabant;
1649 1493 1807 1588 plerique

180 1618 231 1690 eis
250 1617 413 1704 convicti,
434 1618 549 1713 posite
574 1618 807 1703 contumacia,
829 1617 999 1712 magistro
1016 1615 1179 1688 veritatis
1206 1638 1244 1688 se
1262 1615 1441 1688 dedidere.
1468 1616 1740 1689 Commendatus
1763 1618 1808 1690 ab

181 1741 376 1814 illustribus
406 1741 492 1813 viris
523 1743 600 1836 regi
633 1742 828 1836 Stephano,
854 1747 1035 1834 castraque
1065 1739 1166 1834 regia
1187 1749 1343 1825 secutus,
1364 1745 1439 1810 tum
1464 1739 1615 1834 principi
1640 1761 1662 1812 a
1687 1739 1808 1813 latinis

180 1875 252 1938 turn
269 1865 364 1938 aulae
382 1865 488 1937 simul
505 1889 527 1937 a
544 1865 716 1961 polonicis
734 1865 962 1938 concionibus
977 1863 1056 1937 fuit.
1072 1864 1216 1937 Amavit
1233 1865 1346 1936 virum
1361 1864 1543 1960 optimum,
1555 1888 1679 1961 neque,
1693 1866 1810 1960 quoad

179 1991 293 2085 potuit
309 1997 445 2073 tenere,
466 2014 489 2062 a
507 2013 546 2063 se
563 1990 697 2062 dimisit
710 2013 786 2063 rer.
804 1989 945 2085 Oppida
957 1991 1063 2084 hujus
1086 1989 1278 2084 provinciae
1295 1997 1331 2061 et
1347 2011 1474 2084 pagos,
1500 1988 1625 2060 salutis
1644 1990 1808 2062 humanae

179 2115 309 2200 studio,
337 2113 467 2187 docens
489 2137 532 2186 ac
549 2114 751 2210 praedicans
769 2135 920 2207 reguum
942 2114 1022 2199 Dei,
1045 2114 1261 2208 peragravit.
1292 2114 1395 2209 Rege
1421 2112 1613 2198 demortuo,
1628 2113 1808 2190 cracoviae

180 2239 226 2313 ad
249 2239 286 2312 S.
307 2238 481 2311 Barbarae
497 2261 624 2310 munus
637 2238 877 2332 procuratoris
900 2238 997 2309 obire
1008 2238 1146 2332 jussus,
1164 2238 1288 2310 eadem
1307 2261 1376 2332 qua
1394 2239 1499 2334 paulo
1517 2246 1603 2311 ante
1614 2238 1808 2333 gloriosum

181 2363 272 2459 regii
303 2361 459 2435 oratoris
486 2385 628 2447 munus,
650 2360 835 2434 alacritate
867 2361 1043 2433 sustinuit.
1076 2362 1306 2457 Leopolitano
1329 2361 1513 2436 Sociorum
1539 2362 1689 2458 collegio
1715 2371 1808 2436 totos

180 2495 313 2581 septem
330 2507 443 2560 annos
458 2485 617 2580 praefuit,
639 2485 855 2580 pulchreque
877 2471 1054 2558 civitatem
1078 2485 1174 2557 illam
1196 2486 1424 2558 concionibus
1454 2486 1527 2558 suis
1556 2487 1809 2582 industriisque

180 2610 361 2706 percoluit.
388 2609 492 2683 Illinc
509 2610 556 2682 ad
574 2617 694 2683 castra
715 2610 935 2705 sigismundi
954 2611 1050 2704 regis
1065 2609 1254 2682 abeuntem
1280 2608 1455 2682 desiderio
1482 2618 1518 2682 et
1533 2610 1699 2708 lacrymis
1716 2612 1809 2686 cives

182 2759 261 2806 cum
294 2759 359 2809 suo
394 2735 660 2830 archiepiscopo
684 2735 727 2806 ad
756 2735 896 2807 leucam
924 2734 1117 2830 prosecuti.
1149 2735 1189 2805 ln
1218 2733 1379 2806 Sueciam
1410 2733 1560 2820 delatus,
1584 2759 1732 2830 corpore
1766 2761 1809 2810 ex

179 2861 373 2955 jactatione
393 2882 457 2954 per
475 2866 583 2932 aestus
601 2858 796 2931 maritimos
815 2858 969 2940 infirmo,
986 2859 1068 2952 quia
1085 2859 1201 2953 magis
1216 2859 1252 2929 in
1271 2858 1347 2931 dies
1366 2860 1575 2944 tabesceret,
1593 2859 1809 2933 medicorum

182 2985 341 3070 consilio,
367 2983 594 3068 valetudinis,
614 2959 694 3078 quae
720 2983 847 3056 coelum
870 2983 1056 3054 Suecicum
1079 3006 1148 3054 non
1174 2982 1295 3069 ferret,
1321 2984 1523 3056 recreandae
1549 2965 1670 3070 causa,
1687 2987 1806 3059 remit·

185 3111 270 3182 titur
286 3111 324 3183 iu
341 3109 540 3182 Poloniam.
559 3107 753 3203 Stegbnrgi
767 3109 819 3180 lll
841 3107 984 3180 kalend.
1005 3107 1118 3181 octob.
1145 3107 1239 3182 1598
1258 3110 1461 3181 conscendit
1478 3111 1609 3182 navim.
1630 3111 1809 3188 Postridie

183 3257 203 3305 a
224 3234 347 3329 piratis
366 3232 544 3306 haereticis
569 3233 798 3327 interceptus
827 3232 1003 3326 rebusque
1021 3230 1192 3326 spoliatus
1211 3233 1386 3317 omnibus
1416 3223 1596 3307 crudelem
1613 3235 1651 3306 in
1667 3236 1810 3310 modum

184 3364 339 3430 vexatur.
358 3355 459 3428 Nihil
478 3363 552 3427 tum
572 3355 731 3427 Martino
749 3355 912 3428 acerbius
926 3362 1015 3438 erat,
1032 3378 1137 3449 quam
1154 3356 1402 3428 haereticorum
1420 3356 1545 3430 audire
1568 3358 1757 3433 maledicta
1774 3360 1810 3433 in

183 3482 328 3568 coehtes,
355 3483 393 3553 in
411 3480 609 3554 Ecclesiam
631 3480 853 3564 catholicam,
874 3481 911 3551 in
941 3481 1073 3575 Papam
1096 3480 1297 3553 Romanum
1310 3482 1448 3576 jactata
1478 3482 1689 3577 petulanter.
1713 3487 1811 3560 Inter

183 3609 259 3680 haec
280 3609 389 3680 Pater
405 3627 550 3679 monere
568 3604 760 3677 maledicos
782 3629 790 3676 :
812 3605 995 3699 deprecari
1027 3603 1181 3678 offensos
1211 3605 1413 3678 mortalium
1431 3604 1608 3680 dementia
1626 3631 1774 3705 superos
1799 3636 1807 3683 :

183 3732 390 3827 religionem
411 3728 620 3802 catholicam
643 3727 831 3801 defendere
859 3751 900 3800 ac
922 3727 1093 3823 profiteri.
1113 3730 1259 3822 Ignotus
1276 3729 1393 3802 adhuc
1417 3731 1483 3802 fuit
1501 3732 1654 3806 Laterna
1671 3734 1694 3806 J
1697 3735 1812 3808 esuita

184 3856 371 3930 haereticis.
389 3855 458 3942 Hic
478 3855 554 3950 jam
577 3853 771 3948 cognitum,
793 3876 900 3924 unum
922 3874 1044 3925 omnes
1063 3853 1225 3926 omnibus
1241 3852 1397 3926 lacerant
1418 3854 1583 3949 ihjuriis:
1605 3857 1663 3930 hic
1682 3859 1811 3930 mucidi
1929 3913 1930 3916 ,

183 3981 284 4075 panis
299 3981 414 4054 frusta
432 3979 497 4064 ori,
518 3980 646 4052 fustem
669 3979 729 4052 ille
750 3986 867 4072 tergo,
884 3977 1052 4072 colaphos
1070 3977 1234 4072 impingit
1249 3977 1358 4061 alius;
1381 3976 1472 4050 alius
1488 3978 1656 4052 cavillans
1675 3990 1806 4066 monet,

184 4107 368 4180 devoraret
385 4106 463 4177 haec
485 4105 616 4187 omnia,
638 4126 717 4198 quae
736 4105 772 4175 in
791 4126 829 4176 se
847 4104 1064 4197 ingererent,
1081 4102 1219 4176 abunde
1238 4127 1318 4176 mox
1336 4104 1530 4186 habiturus,
1549 4105 1642 4200 quod
1655 4106 1805 4181 biberet.

183 4227 378 4322 Spoliatum
393 4227 543 4321 denique
559 4227 822 4322 laceratumque
837 4226 875 4296 in
888 4226 1055 4321 scapham
1069 4225 1272 4320 conjiciunt,
1289 4227 1515 4321 provectique
1533 4227 1570 4298 in
1587 4227 1697 4300 altum
1711 4251 1809 4323 spar-

181 4351 479 4444 guntDemersus
493 4356 548 4423 est
560 4373 652 4423 anno
661 4351 778 4424 aetatis
788 4350 902 4436 XLV,
913 4352 958 4422 ab
973 4351 1061 4422 inita
1071 4350 1248 4424 Societate
1259 4350 1418 4423 XXVII.
1428 4352 1582 4446 Accepto
1599 4356 1706 4429 caedis
1720 4381 1807 4431 nuu-

184 4477 249 4558 tio‚
267 4475 517 4570 Leopolitanus
531 4475 817 4571 archiepiscopus
835 4477 1037 4549 Demetrius
1052 4474 1298 4548 Solikovskius
1312 4473 1616 4570 interemptumab
1634 4480 1810 4554 haereticis

181 4601 265 4672 odio
278 4601 460 4696 religionis
478 4600 662 4673 catholicae
681 4602 826 4673 Patrem
848 4601 989 4696 publica
1008 4601 1045 4674 in
1061 4599 1218 4694 exequiis
1240 4599 1400 4672 oratione
1426 4600 1634 4676 dilaudavit.
1652 4605 1810 4678 Laudem

182 4726 255 4798 viri
271 4728 437 4800 miraculo
455 4727 619 4822 probavit
637 4727 745 4799 Deus.
772 4728 925 4806 Quartus
944 4725 989 4798 ab
1014 4749 1056 4798 ea
1074 4725 1171 4798 caede
1189 4724 1451 4819 circumagebat
1468 4739 1507 4797 se
1534 4749 1647 4799 annus
1675 4728 1807 4824 (1602),

181 4875 267 4924 cum
282 4853 408 4926 nobilis
429 4851 587 4924 Polonus
604 4850 819 4926 Laurentius
846 4849 1132 4932 Bienczovskius,
1162 4848 1324 4921 Suedicae
1353 4849 1437 4921 olim
1455 4851 1692 4946 navigationis
1711 4855 1809 4929 Patri

179 4999 314 5060 comes,
333 4983 366 5048 et
383 4998 526 5071 compos
540 4963 680 5048 interim
697 4997 947 5059 aerumnarum,
964 4998 987 5045 a
1001 4973 1161 5045 Tartaris
1184 4971 1370 5045 Podoliam
1386 4976 1609 5049 vastantibus
1625 4979 1804 5074 abreptus.

178 5103 272 5174 Post
288 5103 435 5176 verbera
460 5108 496 5175 et
524 5101 700 5174 cruciatus
718 5102 849 5183 varios,
869 5101 938 5172 Vll
953 5100 1032 5171 idus
1043 5097 1149 5193 junii,
1170 5098 1335 5171 revinctis
1350 5107 1430 5194 post
1444 5107 1585 5196 tergum
1602 5101 1649 5174 ad
1666 5103 1807 5197 plantas

179 5225 359 5313 manibus,
379 5232 454 5300 toto
481 5247 628 5320 corpore
658 5225 694 5298 in
728 5224 872 5320 globum
902 5229 1075 5308 contorte,
1097 5244 1116 5294 e
1142 5221 1308 5317 longurio
1338 5245 1401 5317 per
1432 5222 1571 5295 foveam
1600 5225 1808 5299 transmisso
