4896 6650
27 1085 28 1106 t

27 1121 29 1162 l

27 1179 29 1264 l

639 815 746 875 LIBER
767 815 926 877 TERTIUS
949 818 1163 900 (taso-1590).
1695 815 1755 882 105

138 1009 317 1108 gymnasio
336 1007 454 1081 miseri
470 1015 683 1100 exegerant;
704 1005 835 1080 ibidem
859 1014 893 1078 et
914 1006 1111 1079 cubiculum
1141 1012 1177 1078 et
1205 1004 1396 1078 triclinium
1425 1009 1462 1076 et
1488 1002 1650 1098 precibus
1680 1005 1755 1076 suis
1782 997 1848 1055 158²

136 1135 295 1229 templum
326 1133 432 1204 nacti.
451 1132 673 1204 Revixerunt
702 1132 747 1203 ad
779 1134 966 1224 Possevini
995 1132 1158 1217 reditum,
1187 1129 1347 1202 custodia
1362 1130 1598 1225 aerumnisque
1614 1129 1755 1204 liberati

27 1345 28 1348 Ἴ
136 1281 204 1330 cum
223 1254 344 1332 multis
370 1262 501 1348 praeter
528 1277 566 1326 se
597 1255 758 1349 captivis,
781 1255 950 1350 Hispanis
977 1256 1083 1328 etiam
1101 1262 1136 1326 et
1153 1253 1265 1340 Italis,
1294 1253 1353 1348 qui
1379 1275 1398 1325 e
1424 1253 1618 1326 Turcarum
1644 1254 1756 1348 elapsi

134 1378 273 1452 vinculis
292 1401 355 1474 per
372 1377 487 1448 invias
505 1377 683 1450 Maeotidis
703 1379 851 1473 paludes
868 1379 1081 1474 aufugerant
1097 1381 1136 1451 in
1152 1378 1382 1452 Moscoviam.

180 1505 223 1576 At
241 1504 287 1575 de
315 1501 503 1596 religione,
532 1509 718 1597 tantopere
748 1503 816 1575 sibi
846 1527 869 1576 a
903 1504 1076 1578 Pontifice
1105 1503 1254 1597 aliisque
1283 1501 1499 1599 principibus
1528 1523 1592 1596 per
1620 1501 1759 1596 legatos
1785 1490 1932 1638 ffffi}}2;

135 1625 383 1706 commendata,
405 1646 449 1695 ue
464 1624 678 1696 mentionem
704 1623 845 1722 quidem
875 1625 997 1697 inferri
1023 1627 1221 1698 sustinebat
1246 1625 1438 1709 Basilides,
1460 1647 1523 1720 per
1548 1623 1704 1695 vladicas
1722 1621 1756 1718 (1)
1785 1663 1819 1701 ne
1830 1647 1934 1716 respuit

27 1793 28 1812 .
135 1775 221 1834 suos,
250 1750 469 1841 batavosque
498 1748 684 1820 haereticos
714 1757 750 1819 et
768 1747 985 1820 britannicos
1015 1771 1037 1819 a
1066 1758 1182 1822 mente
1213 1747 1384 1844 ejusmodi
1415 1748 1577 1842 omnique
1607 1745 1755 1818 salutari
1783 1729 1929 1784 consilium.

27 1903 28 1972 ;
135 1871 273 1946 consilio
292 1871 475 1942 deductus,
498 1870 632 1942 Infecta
657 1869 767 1963 igitur
792 1893 843 1956 re,
865 1869 1012 1944 meliora
1031 1874 1129 1965 genti
1151 1880 1328 1970 precatus,
1358 1873 1471 1967 prima
1500 1871 1593 1943 veris
1623 1880 1754 1964 tempe-

27 1973 28 2034 l
134 2005 229 2078 state,
248 1993 362 2089 pridie
376 1993 455 2064 idus
469 1995 628 2078 martias,
649 1992 842 2065 Moscoviae
859 2015 1062 2087 supremum
1079 1995 1167 2068 dixit
1183 2020 1256 2069 non
1272 1995 1450 2068 rediturus
1468 1993 1633 2092 deinceps
1664 1992 1751 2064 Pos-

27 2391 28 2404 ¹
134 2389 247 2461 regem
268 2385 436 2461 pergem,
458 2363 598 2449 Orsam,
621 2364 703 2438 inde
722 2365 939 2450 Vitebscum‚
960 2366 1155 2461 emporium
1171 2366 1274 2439 Albae
1291 2365 1434 2438 Russiae
1459 2364 1593 2436 civibus
1611 2371 1646 2437 et
1675 2385 1757 2435 con·
1782 2419 1849 2458 cum.

133 2119 277 2191 sevinus.
299 2117 498 2190 Abeuntem
510 2117 642 2188 treceni
657 2116 791 2210 equites
808 2117 1016 2188 Moseovitae
1030 2119 1076 2189 ad
1091 2126 1240 2211 quatuor
1253 2116 1363 2188 millia
1380 2139 1549 2211 passuum
1562 2113 1750 2211 prosecuti.
1779 2090 1912 2220 {32⁸2}ssst

133 2239 341 2324 Smolensm,
363 2239 421 2311 ubi
439 2261 503 2310 sex
520 2239 596 2311 dies
615 2260 660 2310 ex
678 2235 805 2310 itinere
836 2237 1031 2331 quieverat,
1049 2238 1182 2336 Rigam
1213 2264 1292 2312 cum
1322 2240 1435 2313 Sociis
1465 2240 1511 2312 ad
1537 2239 1754 2333 Stephanum
1781 2245 1920 2377 girfflpet

132 2491 222 2562 venis
238 2489 419 2583 frequens
435 2488 527 2561 visit.
546 2489 614 2561 Hic
631 2490 667 2560 in
682 2489 796 2584 primo
810 2490 931 2564 limine
944 2494 1075 2587 hospes
1088 2493 1311 2576 admonetur,
1329 2489 1560 2575 sacerdotem,
1577 2489 1757 2562 curionem

132 2613 285 2696 civicum,
307 2633 429 2683 senem
448 2633 562 2683 annos
584 2609 707 2683 natum'
724 2615 916 2709 octoginta,
932 2617 1009 2711 jam
1027 2639 1135 2711 prope
1152 2617 1306 2686 animam
1328 2637 1462 2709 agere:
1484 2615 1667 2710 discupere
1693 2614 1755 2684 mi-

134 2758 244 2808 serum
261 2736 296 2806 in
316 2736 386 2807 ista
403 2757 425 2806 a
443 2735 625 2807 catholicis
648 2734 850 2820 solitudine,
869 2745 976 2832 atque
999 2761 1114 2825 orare,
1137 2740 1303 2812 sacerdos
1322 2760 1488 2810 romanus
1505 2737 1632 2830 aliquis
1655 2735 1758 2807 mori·

133 2859 244 2932 bundo
270 2861 338 2932 sibi
364 2869 403 2932 ut
426 2859 530 2931 adsit.
553 2860 584 2931 E
603 2861 751 2954 vestigio
769 2860 817 2931 ad
839 2885 975 2956 mgnum
1002 2863 1128 2936 Socius
1148 2863 1333 2936 Possevini
1358 2861 1586 2934 Drenoccius.
1608 2859 1758 2953 Compos

134 2984 201 3056 voti
218 2985 330 3056 bonus
355 2985 421 3069 vir,
443 2983 605 3055 omnibus
630 2985 677 3054 ad
703 3007 902 3079 supremam
920 2986 1053 3060 luctam
1082 2989 1258 3084 praesidiis
1284 2956 1529 3072 communitus,
1550 2985 1669 3059 multis
1695 3007 1758 3080 pro

135 3108 253 3180 eodem
270 3107 440 3181 beneficio
460 3107 595 3202 gratias
614 3109 688 3181 Deo
715 3132 840 3205 agens,
861 3111 974 3186 altero
992 3123 1072 3209 post
1090 3115 1146 3188 die
1164 3114 1290 3210 plenus
1317 3115 1420 3186 bonae
1446 3113 1522 3208 spei
1540 3111 1755 3185 dissolvitur.

135 3231 208 3326 Hoc
234 3231 429 3316 demortuo,
450 3233 525 3326 jam
544 3231 581 3302 in
598 3232 696 3316 urbe,
714 3242 844 3327 praeter
869 3236 1024 3308 viatores
1043 3237 1177 3322 Socios,
1199 3238 1332 3333 reliquo
1350 3235 1632 3307 Vitebscensium
1657 3233 1761 3327 gregi
1786 3259 1930 3330 sociuspro

134 3357 301 3430 catholico
320 3356 485 3428 sacerdos
505 3355 643 3440 uullus;
665 3380 744 3428 cum
768 3358 910 3431 interim
937 3359 1013 3432 dies
1037 3363 1128 3434 sacri
1147 3361 1333 3434 Paschatis
1351 3367 1570 3455 appeterent.
1590 3357 1706 3452 Atque
1724 3357 1761 3428 id
1785 3359 1905 3478 lvlffigi

135 3488 208 3553 erat
225 3501 355 3562 causae,
376 3502 438 3550 cur
455 3479 670 3552 Posseviuus
689 3481 922 3556 Drenoccium
948 3508 1026 3557 cum
1053 3484 1231 3556 Michaele
1257 3484 1373 3567 Secia,
1394 3483 1454 3578 qui
1471 3505 1598 3554 munus
1617 3481 1762 3576 parochi
1786 3499 1913 3570 relinqui·

136 3603 272 3677 obirent
296 3605 482 3698 tantisper,
504 3602 586 3674 dum
603 3625 625 3673 a
644 3625 707 3675 suo
725 3608 882 3682 antistite
909 3610 1076 3682 suffectus
1103 3611 1247 3680 adesset
1264 3615 1396 3702 pastor,
1416 3605 1618 3699 postulante
1636 3602 1673 3674 id
1688 3613 1762 3676 tum
1787 3584 1841 3634 mr.

137 3732 280 3828 reipsa,
302 3737 376 3803 tum
402 3729 554 3825 praeside
584 3730 711 3801 civium
741 3733 898 3826 palatino
929 3729 1214 3817 Stanislao'Pae,
1236 3730 1282 3802 ad
1299 3729 1467 3824 templum
1492 3728 1624 3802 curiale
1650 3727 1761 3800 relin-

136 3866 267 3950 queret.
290 3855 430 3948 Hospes
452 3853 534 3925 inde
557 3853 712 3926 Polociae
730 3878 866 3928 summa
884 3867 959 3931 tum
978 3859 1140 3952 collegii,
1160 3865 1233 3929 tum
1256 3855 1409 3928 civitatis
1431 3854 1556 3926 laetitia
1582 3861 1618 3925 et
1639 3860 1759 3946 gratu-

135 3983 264 4056 latione
277 3991 457 4077 exceptus
480 3981 583 4060 Quod
600 3983 714 4054 Sociis
732 3982 974 4077 gratularetur
997 3983 1151 4054 vicissim
1173 3982 1260 4076 ipse,
1282 3987 1359 4051 erat
1372 3985 1503 4073 praeter
1515 3977 1586 4050 alia
1599 3977 1762 4073 pertinax

135 4129 235 4181 suum
253 4106 393 4179 virtutis
418 4104 585 4191 studium,
608 4105 759 4177 maxime
789 4106 989 4200 patientiae;
1012 4129 1114 4200 quam
1145 4128 1250 4201 porro
1274 4101 1475 4197 insigniter,
1496 4109 1534 4173 ut
1562 4107 1758 4194 occeperat,

135 4228 311 4324 palatinus
329 4250 414 4300 suus
440 4227 767 4323 Dorobostayslrius
794 4253 959 4303 exercere
985 4255 1055 4302 non
1082 4230 1255 4304 cessabat.
1287 4226 1593 4299 Praestolabantur
1610 4225 1667 4296 hic
1693 4246 1762 4296 non
1853 4241 1877 4298 a

137 4355 228 4430 Socii
247 4365 393 4438 tantum,
412 4355 475 4426 sed
492 4355 586 4426 cives
604 4356 721 4441 etiam,
740 4372 778 4428 ut
797 4356 896 4428 urbis
914 4357 1023 4441 illius,
1036 4357 1087 4429 sic
1104 4353 1296 4452 provinciae
1306 4351 1577 4447 praediatoribus
1587 4349 1764 4446 regundo·
1790 4320 1829 4376 De
1857 4321 1938 4376 Μ

1789 4399 1853 4455 colle
1874 4401 1892 4453 ii

136 4504 280 4576 mmque
305 4480 429 4550 finium
454 4480 611 4565 arbitris,
639 4504 726 4576 quos
757 4480 864 4575 vulgo
892 4482 1151 4553 commissarios
1180 4499 1368 4560 vocamus;
1400 4477 1458 4570 qui
1484 4497 1542 4547 res
1567 4475 1707 4560 civium,
1727 4475 1764 4545 in
1789 4417 1910 4576 soledos

136 4607 258 4702 primis
275 4605 425 4698 Collegii
444 4605 567 4688 nostri,
588 4628 608 4678 e
626 4605 766 4679 decreto
793 4605 893 4700 regio
916 4604 1118 4679 definirent.
1139 4605 1228 4676 Tres
1248 4602 1293 4673 ad
1316 4600 1352 4671 id
1370 4623 1496 4672 munus
1515 4597 1665 4671 delecti:
1687 4597 1764 4670 Sta·
1790 4560 1938 4710 {affigi

136 4728 270 4801 nislaus
286 4727 535 4800 Neruszewicz
555 4727 875 4800 Mscislaviensium
899 4728 1129 4813 castellanus,
1151 4727 1204 4797 vir
1223 4722 1439 4797 calvinianis
1461 4745 1530 4793 non
1557 4721 1709 4816 iniquus
1731 4728 1766 4794 et

136 4853 325 4927 Monvidus
345 4849 685 4946 Dorohostayskius,
708 4874 856 4946 quocum
871 4853 1002 4923 nostris
1019 4851 1064 4924 lis
1082 4858 1171 4934 erat,
1192 4847 1441 4923 Polocensium
1453 4844 1663 4919 Palatinus:
1686 4845 1766 4917 sub-

137 4986 282 5051 ornatus
296 4981 445 5070 uterque
462 4976 508 5046 ab
523 4975 716 5048 Eustachio
731 4974 938 5048 Wollowicz
957 4975 1169 5049 cancellario
1188 4975 1375 5059 Lituaniae,
1392 4972 1513 5045 ultimo
1534 4969 1577 5042 de
1604 4969 1768 5040 illustris-

135 5101 224 5174 sima
249 5109 357 5194 gente
375 5121 440 5172 sua
466 5099 716 5172 haereticarum
734 5098 886 5193 partium
905 5105 1078 5171 sectatore
1095 5123 1104 5182 ;
1132 5099 1257 5170 tertius
1284 5097 1392 5170 biset
1412 5093 1597 5188 religionis
1623 5093 1770 5165 sincerae

177 5251 218 5326 (l)
243 5247 300 5332 [lta
313 5267 413 5322 nempe
428 5252 578 5324 episcopos
590 5265 658 5308 suos
674 5258 775 5307 vocant
792 5243 906 5326 bussi]

1611 5345 1641 5398 14
