4948 6672
938 792 1173 862 APPENDICE&
1799 779 1861 850 44⁴7

243 995 330 1062 tunc
360 989 394 1083 (Ι)
427 995 522 1062 esset
538 987 688 1062 illicita:
726 988 808 1084 quia
826 997 1074 1085 cooperaretur
1097 992 1249 1088 positive
1267 992 1314 1066 ad
1340 990 1583 1065 dilatationem
1616 989 1798 1062 haeresum
1827 992 1863 1058 et

241 1098 440 1172 schismatis
461 1099 615 1184 illorum,
645 1107 680 1173 et
695 1101 889 1174 contineret
906 1102 1063 1176 favorem
1077 1103 1324 1178 haereticorum
1343 1102 1486 1201 (quales
1510 1108 1591 1174 sunt
1621 1121 1743 1173 omnes
1767 1120 1861 1169 non-

240 1211 339 1305 uniti)
358 1233 400 1284 ao
417 1211 564 1305 proinde
585 1211 668 1284 talis
702 1211 793 1307 legis
819 1219 981 1285 auctores
1011 1213 1230 1288 incurrerent
1259 1215 1296 1287 in
1327 1205 1722 1288 excommunicationem
1756 1209 1863 1284 bullae

243 1327 356 1394 Goena
383 1326 528 1394 Domini
556 1323 666 1396 latam
691 1331 814 1396 contra
839 1324 995 1398 lautores
1008 1325 1269 1401 haereticorum.

289 1435 327 1507 3⁰
343 1434 397 1509 De
410 1436 564 1509 essentia
581 1435 672 1531 legis
697 1443 750 1508 est
763 1436 936 1531 obligare,
951 1445 992 1509 ut
1008 1461 1071 1533 per
1088 1461 1126 1512 se
1139 1421 1261 1512 notum
1274 1445 1328 1512 est
1346 1445 1382 1511 et
1397 1459 1518 1510 omnes
1534 1436 1700 1508 fatentur.
1718 1434 1756 1508 Si
1775 1458 1862 1531 ergo

239 1550 385 1622 daretur
396 1547 478 1620 talis
491 1547 560 1635 lex,
574 1571 644 1621 non
660 1547 771 1620 solum
788 1571 831 1620 ex
849 1570 889 1621 ea
908 1551 1058 1622 oriretur
1075 1551 1259 1645 suspensio
1284 1548 1478 1645 punitionis
1504 1553 1628 1620 contra
1658 1547 1858 1633 haereticos,

239 1654 413 1750 alegibus
432 1653 560 1726 divinis
579 1653 616 1750 (a)
634 1661 669 1727 et
683 1654 928 1731 ecclesiasticis
947 1661 983 1757 (a)
1002 1668 1038 1734 et
1051 1661 1217 1734 caesareis
1236 1667 1270 1734 et
1287 1659 1388 1754 regni
1405 1657 1518 1731 nostri
1540 1657 1758 1753 praescriptae
1774 1683 1782 1744 ;
1799 1660 1861 1731 sed

238 1768 383 1863 insuper
412 1766 628 1840 adimeretur
653 1767 876 1861 magistratui
908 1795 1009 1845 sacro
1032 1781 1068 1847 et
1102 1773 1192 1845 civili
1219 1779 1374 1868 potestas
1403 1771 1571 1865 puniendi
1596 1769 1793 1856 haereticos,
1826 1777 1862 1843 et

238 1884 322 1957 inde
339 1892 544 1978 sequeretur
557 1882 727 1978 obligatio
745 1905 804 1956 eos
821 1905 999 1978 nunquam
1011 1885 1191 1979 puniendi.
1222 1883 1319 1956 Talis
1333 1889 1452 1955 autem
1470 1882 1636 1976 obligatio
1651 1889 1705 1955 est
1721 1882 1855 1969 illicita,

239 1995 322 2089 quia
334 2001 389 2068 est
400 2001 523 2067 contra
541 1993 672 2078 divina,
693 1993 873 2089 pontificia
888 2002 923 2068 et
935 2018 1092 2068 caesarea
1108 2018 1150 2068 ac
1157 2004 1280 2075 nostra
1293 1993 1518 2091 municipalia
1522 1995 1606 2089 jura
1620 2020 1628 2080 ;
1649 2018 1728 2089 quae
1742 1996 1860 2069 omnia

238 2108 325 2179 dant
349 2107 612 2201 magistratibus
641 2115 851 2202 potestatem
880 2109 1048 2204 puniendi
1079 2111 1281 2184 haereticos.
1309 2111 1398 2190 Quae
1420 2117 1575 2205 potestas
1607 2133 1669 2205 per
1693 2111 1799 2194 hanc,
1828 2113 1859 2186 si

241 2224 416 2302 servetur,
437 2217 553 2312 legem
581 2217 778 2304 tolleretur,
812 2220 976 2294 eomodo
1003 2244 1071 2316 quo
1103 2221 1161 2295 lex
1179 2219 1246 2293 illa
1276 2220 1445 2294 Polonica
1475 2221 1519 2294 de
1551 2244 1622 2294 non
1653 2222 1858 2316 captivando

236 2327 323 2414 ullo,
343 2327 412 2400 nisi
427 2328 527 2424 prius
536 2328 621 2424 jure
638 2329 684 2402 sit
700 2329 845 2403 admissi
857 2329 1000 2406 sceleris
1014 2333 1208 2421 convictus,
1229 2333 1353 2407 adimit
1370 2333 1633 2428 magistratibus
1650 2341 1685 2406 et
1697 2334 1765 2430 ipsi
1782 2336 1858 2430 regi

235 2440 397 2515 Poloniae
423 2449 632 2540 potestatem
663 2443 830 2518 scelestos
858 2447 1071 2542 captivandi.
1095 2448 1183 2521 Cum
1204 2469 1290 2542 ergo
1320 2444 1402 2518 talis
1433 2444 1602 2540 obligatio
1629 2446 1675 2518 sit
1692 2446 1787 2519 mala
1815 2469 1857 2522 ac

232 2551 378 2641 illicita,
405 2553 554 2651 proinde
568 2577 638 2627 non
653 2563 706 2629 est
718 2554 877 2630 ferenda.

285 2669 323 2740 4⁰
341 2666 431 2752 Lex,
449 2665 487 2738 in
501 2665 657 2738 omnium
683 2666 870 2750 sententia,
893 2689 965 2740 uon
987 2676 1104 2763 potest
1117 2668 1202 2744 ferri
1220 2667 1336 2764 quoad
1351 2689 1409 2740 res
1427 2666 1485 2741 rel
1502 2689 1684 2762 personas,
1705 2667 1742 2742 in
1766 2693 1854 2765 quas

229 2802 306 2854 non
333 2778 441 2874 habet
459 2778 741 2874 jurisdictionem
763 2785 798 2852 et
822 2784 1029 2874 potestatem
1065 2779 1179 2875 isqui
1211 2778 1320 2854 talem
1346 2777 1462 2873 legem
1483 2778 1575 2852 ferre
1603 2776 1719 2852 vellet.
1749 2778 1857 2876 Atqui

231 2891 387 2987 episcopi
404 2889 564 2964 Rutheni
589 2889 690 2976 uniti,
720 2888 858 2968 lobtena
892 2913 1014 2964 eorum
1043 2890 1281 2967 ecclesiastica
1298 2913 1369 2963 non
1383 2890 1565 2986 subjacent
1572 2891 1809 2987 jurisdictioni
1822 2901 1857 2969 et

229 3003 399 3101 potestati
412 3000 587 3085 saeculari,
599 3024 697 3097 aqua
706 3002 788 3100 jure
805 2999 922 3073 divino
941 3009 975 3074 et
992 3001 1228 3077 ecclesiastico
1249 3010 1284 3076 et
1301 3023 1456 3075 caesareo
1481 3007 1563 3074 sunt
1578 3001 1743 3096 exempti.
1758 3003 1857 3099 Ergo

227 3138 304 3189 non
319 3121 436 3211 potest
453 3113 538 3189 ferri
556 3111 628 3186 ulla
644 3113 703 3187 lex
736 3136 843 3210 supra
872 3136 995 3188 eorum
1023 3117 1116 3188 hona
1135 3117 1387 3203 ecclesiastica;
1404 3117 1435 3190 si
1454 3123 1572 3190 tamen
1587 3115 1734 3191 serenda
1748 3125 1814 3204 est,
1835 3142 1857 3192 a

229 3226 375 3300 Summo
393 3225 566 3298 Pontifice
583 3233 618 3308 et
634 3224 762 3298 throno
776 3228 988 3301 sacerdotali
1000 3228 1084 3302 ferri
1102 3229 1318 3305 debetHinc
1335 3229 1534 3303 Malachiae
1548 3230 1607 3326 (ΙΙ,
1620 3229 1655 3328 5)
1686 3221 1732 3303 ad
1746 3229 1856 3306 eccle·

229 3337 411 3411 siasticum
429 3338 675 3433 magistratum
701 3359 829 3411 causas
846 3339 1102 3416 ecclesiasticas
1116 3342 1263 3416 remittit
1283 3367 1291 3414 :
1321 3344 1433 3414 hobia
1449 3346 1640 3414 sacerdotis
1663 3347 1855 3416 custodient

229 3454 428 3536 scientiam,
449 3455 601 3540 etiepem
613 3454 798 3539 requirant
811 3475 858 3522 ecc
873 3476 934 3524 ora
947 3454 1086 3544 ejusllt
1095 3454 1246 3550 optimus
1259 3447 1358 3527 rex'J
1361 3454 1512 3549 osaphat
1528 3453 1563 3550 (2
1573 3453 1728 3549 Paralip.
1744 3455 1851 3540 XIX,

234 3563 294 3647 10,
327 3561 382 3658 11)
407 3568 585 3656 tamquam
611 3569 727 3634 custos
754 3567 790 3636 et
816 3572 980 3638 executor
1010 3564 1208 3638 divinmum
1237 3562 1358 3660 legum
1390 3562 1588 3650 declarans,
1626 3587 1697 3636 non
1726 3565 1855 3639 consti·

227 3681 348 3760 tuens,
365 3680 400 3747 et
428 3672 648 3768 distinguens
679 3696 724 3745 ex
756 3673 822 3746 Dei
851 3676 1058 3772 praescripto
1085 3677 1199 3750 officia
1233 3675 1470 3751 sacerdotalia
1505 3683 1541 3751 et
1573 3677 1722 3772 regalia,
1738 3677 1851 3753 dicit:

226 3792 403 3861 Ameriae
419 3791 582 3860 sacerdos
598 3797 630 3857 et
645 3791 805 3882 pontisas
826 3797 940 3860 cester
955 3788 1134 3886 (summus)
1150 3792 1191 3861 in
1209 3792 1370 3862 omnibus
1386 3813 1464 3880 quac
1480 3793 1528 3861 od
1542 3794 1656 3862 Deum
1669 3793 1851 3890 pertinent

274 4053 312 4130 (t)
334 4054 366 4113 ln
382 4053 447 4114 cod.
463 4050 667 4112 masadditur:
685 4051 749 4109 totis
767 4052 820 4112 teo.

274 4150 315 4228 (2)
340 4147 534 4218 Lerit.11,v.t
546 4152 607 4208 etc.
616 4144 716 4218 XXIV,
727 4163 755 4206 v.
769 4145 890 4218 6;Num.
900 4145 984 4225 XXV,
1001 4165 1027 4209 v.
1047 4149 1064 4208 5
1080 4154 1109 4210 et
1124 4149 1239 4208 beuter.
1267 4146 1343 4225 Xlll,
1356 4164 1383 4208 v.
1400 4148 1430 4223 5,
1448 4149 1478 4222 6,
1497 4149 1534 4220 9;
1562 4163 1589 4208 c.
1610 4147 1698 4220 xvtt,
1716 4149 1766 4224 ta,
1783 4153 1812 4208 et
1826 4165 1853 4211 e.

231 4246 401 4321 ivliano

273 4340 314 4419 (3)
333 4340 403 4415 Cap.
415 4337 464 4398 Ad
487 4338 641 4397 abolendum
654 4347 732 4397 extro
749 4337 1092 4416 tolerantissimus
1111 4337 1203 4414 Sopor
1223 4354 1251 4396 ao
1272 4339 1307 4397 de
1329 4338 1469 4398 haereticis
1489 4337 1539 4400 tib.
1561 4339 1590 4398 6.
1618 4339 1757 4414 Tempora
1779 4337 1855 4400 Cou-

227 4436 343 4496 stantini
359 4450 438 4509 poena
465 4430 541 4493 exitii
567 4434 649 4492 etiarn
675 4434 703 4490 in
733 4433 797 4492 ittos
808 4433 921 4492 decreta
938 4433 979 4511 (ut
995 4440 1071 4509 patet
1081 4449 1116 4494 ex
1131 4433 1269 4508 prooemio
1284 4429 1404 4492 Concitii
1428 4432 1531 4495 Nicaeni
1560 4439 1588 4494 et
1604 4433 1717 4494 Soron.
1740 4435 1802 4494 hib.
1822 4435 1851 4505 3,

229 4545 261 4597 et
274 4537 377 4598 ibidem
404 4551 467 4610 cap.
493 4536 542 4602 no,
559 4541 587 4593 et
603 4535 636 4593 L.
655 4533 758 4592 Ariona·
782 4548 809 4594 c.
833 4531 877 4591 'de
897 4529 1061 4602 hernicis),
1079 4529 1169 4588 attuit
1196 4529 1298 4588 usitata
1328 4529 1363 4587 ad
1388 4533 1514 4604 ternpore
1538 4528 1568 4588 S.
1596 4527 1736 4588 Anastasii
1759 4529 1851 4604 Papa,

226 4640 260 4691 ut
274 4636 350 4706 patet
378 4645 414 4688 ex
428 4630 489 4702 ejus
501 4629 629 4703 epistolis
643 4629 677 4686 ad
703 4629 854 4700 episcopos
883 4623 1048 4686 Germania.
1082 4625 1183 4682 Postea
1205 4623 1301 4683 addita
1332 4639 1411 4698 poena
1427 4623 1589 4698 pecuniaria
1617 4630 1742 4697 tempora
1757 4623 1852 4683 Theo-

224 4728 300 4788 dosii
322 4727 511 4801 imporatoris,
531 4731 560 4783 ut
578 4731 654 4800 patet
666 4723 716 4792 ti,
742 4739 769 4796 q.
784 4722 812 4782 3.
829 4736 893 4780 can.
910 4721 975 4795 Ipso
986 4716 1074 4796 pietas
1090 4727 1118 4779 et
1139 4721 1172 4780 L.
1188 4716 1288 4776 Cuncti
1303 4718 1419 4778 heretici
1435 4733 1461 4777 o.
1475 4721 1511 4778 de
1523 4719 1674 4778 hereticis.
1687 4717 1742 4777 Sed
1755 4715 1853 4779 biarci-

223 4839 299 4884 anus
315 4830 343 4882 et
356 4821 568 4880 Valentinianus
583 4822 769 4880 decreverunt
782 4817 811 4876 in
826 4833 877 4876 eos
891 4833 1000 4892 poenam
1016 4811 1184 4891 captivitatis
1198 4815 1327 4894 (utputet
1341 4815 1379 4874 iu.
1390 4813 1424 4872 L.
1441 4812 1730 4886 occucupationes
1745 4816 1781 4873 de
1796 4815 1851 4872 hae·

223 4918 336 4996 rctiois)
352 4923 380 4976 et
396 4924 425 4976 ut
435 4918 613 4976 traderentur
627 4915 743 4976 brachio
770 4913 895 4974 saeculari
926 4914 960 4970 act
981 4918 1137 4972 extrenum
1163 4909 1330 4984 supplicium
1359 4904 1451 4988 (petet
1479 4925 1515 4968 ex
1536 4910 1621 4984 capit.
1645 4909 1680 4966 od
1694 4910 1849 4968 abolendum

222 5023 305 5076 estro
327 5015 362 5073 de
373 5013 536 5086 haereticis),
546 5027 579 5070 ac
591 5013 653 5086 ipso
672 5015 745 5069 tacto
758 5011 934 5085 privarentur
955 5008 1079 5066 dominio
1091 5008 1228 5066 bonorum
1245 5007 1439 5079 temporalium
1463 5003 1507 5087 (ut
1527 5015 1603 5082 patet
1616 5025 1651 5068 ex
1665 5011 1750 5082 capit.
1778 5009 1850 5067 Cum

220 5110 422 5172 senatumne
447 5108 586 5168 hereticis
600 5109 651 5168 tib.
667 5107 683 5164 6
707 5111 734 5165 et
746 5121 781 5164 ex
795 5108 838 5165 his
853 5121 916 5179 qum
928 5105 1013 5162 habet
1029 5103 1164 5164 silvester
1178 5121 1205 5166 v.
1224 5104 1331 5164 ltoerest's
1351 5107 1377 5164 t.
1393 5123 1420 5164 u.
1441 5108 1490 5177 tu,
1509 5109 1546 5167 13
1562 5114 1591 5169 et
1607 5110 1656 5181 tt,
1678 5117 1707 5168 et
1720 5108 1848 5183 Atphon-

222 5225 277 5268 sus
296 5204 424 5264 nCastro
438 5205 466 5277 1,
485 5205 513 5267 t.
532 5203 575 5262 Dc
585 5204 664 5277 justo
686 5202 1031 5276 lioraticorumpcnitionc,
1043 5217 1070 5261 o.
1087 5203 1103 5260 5
1120 5209 1149 5260 et
1161 5201 1203 5278 6).
