4930 6634
712 709 819 772 00000
842 675 1021 772 0000000
1043 710 1253 786 (reso-roso).
1759 699 1819 765 291

199 887 376 976 volutans,
395 889 433 961 in
460 911 538 962 eam
564 890 723 965 veritatis
748 889 871 965 incidit
892 893 1019 981 lucem,
1032 895 1083 966 ,ad
1108 915 1214 988 quam
1229 890 1407 964 horrenda
1432 913 1508 962 suae
1537 892 1909 961 monstrasectae1oso

200 1012 353 1098 clarius,
396 1036 502 1109 quam
544 991 676 1101 vellet,
726 1017 954 1112 conspiceret.
993 1017 1046 1090 Eo
1090 1016 1223 1088 lumine
1261 1014 1361 1111 quasi
1399 1012 1539 1108 fulgure
1571 1012 1814 1108 praestrictus,
1843 981 1990 1134 ξὲξζῇῗῃ

198 1135 301 1208 simul
331 1137 462 1209 librum
503 1139 615 1211 iratus
648 1139 684 1211 in
719 1163 848 1235 rogum
875 1141 1030 1237 conjicit,
1067 1140 1184 1223 simul,
1232 1161 1421 1234 percussus
1455 1137 1557 1232 quasi
1590 1134 1746 1219 firlmine,
1779 1135 1816 1206 in
1842 1127 1919 1199 tur.'

194 1267 325 1333 terram
375 1261 518 1348 labitur,
555 1261 694 1336 amissis
737 1271 883 1359 repente
924 1265 1086 1339 sensibus
1128 1264 1202 1337 fere
1238 1263 1409 1335 omnibus.
1443 1260 1624 1335 Remediis
1670 1259 1814 1332 tentatis

194 1384 339 1468 1000000,
373 1385 472 1459 brevi
504 1385 649 1461 interiit.
694 1387 749 1460 Ea
778 1388 888 1484 plaga
916 1389 1078 1462 haeredes
1109 1389 1162 1461 sui
1201 1387 1382 1460 domestici
1411 1385 1520 1458 nihilo
1555 1381 1812 1481 prudentiores,

193 1503 334 1594 librum,
354 1533 429 1584 suae
457 1511 559 1606 quasi
589 1511 708 1585 domui
736 1512 892 1600 fatalem,
913 1535 1016 1616 quem
1044 1535 1146 1586 urere
1171 1511 1247 1607 jam
1277 1519 1494 1593 vererentur,
1514 1510 1551 1580 in
1573 1509 1755 1605 angellum
1781 1517 1816 1582 et

193 1632 399 1727 quisquilias
416 1634 596 1731 abjiciunt.
620 1638 660 1709 Iu
678 1638 852 1732 abjectum
865 1638 915 1710 ita
929 1636 1051 1710 incidit
1063 1638 1154 1711 sorte
1170 1638 1299 1732 hospes
1312 1634 1526 1709 catholicus:
1546 1635 1663 1707 aufert
1675 1635 1815 1709 domum

191 1779 304 1841 suem,
325 1757 466 1832 domino
485 1783 555 1833 000
572 1759 675 1833 modo
691 1785 765 1864 non
789 1761 913 1848 invito,
942 1763 1005 1834 sed
1030 1762 1122 1839 ultro
1148 1762 1254 1834 etiam
1281 1759 1460 1834 offerente.
1482 1760 1550 1833 Hic
1580 1761 1699 1847 etiam,
1721 1761 1814 1855 quod

193 1890 352 1969 narrant,
372 1883 510 1958 mirum.
532 1885 626 1958 Dum
642 1887 736 1981 apud
753 1885 846 1959 hunc
875 1886 1085 1963 catholicum
1110 1885 1298 1959 haereticus
1324 1885 1484 1970 conviva,
1505 1895 1714 1980 argumento
1733 1885 1812 1958 reli-

193 2007 310 2100 gionis
339 2008 523 2082 catholicae
553 2009 667 2082 obiter
691 2009 797 2093 lecto,
828 2011 866 2082 iu
895 2012 1055 2084 chartam
1084 2009 1379 2084 conscindeudam
1408 2009 1436 2082 it
1467 2011 1656 2105 unguibus,
1688 2033 1812 2085 manus

191 2139 336 2228 repente
367 2155 507 2230 spasmo
533 2133 774 2220 contrahitur3
796 2157 909 2230 neque
932 2135 1031 2231 prius
1059 2136 1241 2209 restitutus
1257 2142 1321 2208 000
1349 2159 1447 2221 0000,
1469 2159 1572 2231 quam
1594 2136 1690 2221 facti,
1719 2157 1813 2208 erro·

192 2255 309 2350 risque
337 2257 393 2329 sui
419 2257 455 2328 in
483 2263 580 2330 secta
604 2257 744 2352 perdite
770 2259 941 2344 diuturni,
969 2260 1160 2354 poenitere,
1193 2259 1402 2354 religionem
1432 2260 1638 2334 catholicam
1662 2261 1709 2334 sit
1733 2283 1811 2356 pro

190 2378 324 2466 fessum
362 2380 410 2452 ad
444 2401 548 2474 quam
582 2380 792 2456 domesticos
827 2380 921 2456 idem
949 2406 1033 2456 suos
1067 2392 1102 2457 et
1136 2382 1333 2479 complures
1364 2383 1531 2480 gregales
1560 2382 1618 2457 001
1651 2383 1810 2483 exemplo

190 2502 342 2600 perpulit
366 2526 430 2578 suo
456 2505 513 2579 vel
542 2503 648 2580 ctiam
671 2505 826 2580 hortatu.
