<?xml version="1.0" encoding="UTF-8"?>
<!DOCTYPE html PUBLIC "-//W3C//DTD XHTML 1.0 Transitional//EN"
    "http://www.w3.org/TR/xhtml1/DTD/xhtml1-transitional.dtd">
<html xmlns="http://www.w3.org/1999/xhtml" xml:lang="en" lang="en">
 <head>
  <title>
</title>
<meta http-equiv="Content-Type" content="text/html;charset=utf-8" />
  <meta name='ocr-system' content='tesseract 3.04.00' />
  <meta name='ocr-capabilities' content='ocr_page ocr_carea ocr_par ocr_line ocrx_word'/>
</head>
<body>
  <div class='ocr_page' id='page_1' title='image "./lituanicarumsoc00rostgoog_0270.png"; bbox 0 0 4948 6654; ppageno 0'>
   <div class='ocr_carea' id='block_1_1' title="bbox 702 757 1786 840">
    <p class='ocr_par' dir='ltr' id='par_1_1' title="bbox 702 757 1786 840">
     <span class='ocr_line' id='line_1_1' title="bbox 702 757 1786 840; baseline 0 -18"><span class='ocrx_word' id='word_1_1' title='bbox 702 762 810 822; x_wconf 85' lang='lat' dir='ltr'>LIBER</span> <span class='ocrx_word' id='word_1_2' title='bbox 838 762 1219 840; x_wconf 76' lang='grc' dir='ltr'><strong>8Ε11Τ11811610-1610).</strong></span> <span class='ocrx_word' id='word_1_3' title='bbox 1724 757 1786 822; x_wconf 81' lang='grc'>243</span> 
     </span>
    </p>
   </div>
   <div class='ocr_carea' id='block_1_2' title="bbox 157 947 1957 2664">
    <p class='ocr_par' dir='ltr' id='par_1_2' title="bbox 160 947 1877 1049">
     <span class='ocr_line' id='line_1_2' title="bbox 160 947 1877 1049; baseline -0.003 -24"><span class='ocrx_word' id='word_1_4' title='bbox 160 952 267 1026; x_wconf 89' lang='lat' dir='ltr'>choris</span> <span class='ocrx_word' id='word_1_5' title='bbox 284 952 471 1048; x_wconf 79' lang='lat' dir='ltr'>angelicis,</span> <span class='ocrx_word' id='word_1_6' title='bbox 493 975 620 1026; x_wconf 86' lang='lat' dir='ltr'>norem</span> <span class='ocrx_word' id='word_1_7' title='bbox 640 953 786 1049; x_wconf 87' lang='lat' dir='ltr'>scirpeis</span> <span class='ocrx_word' id='word_1_8' title='bbox 799 957 987 1047; x_wconf 85' lang='lat' dir='ltr'>exportare</span> <span class='ocrx_word' id='word_1_9' title='bbox 1001 949 1176 1032; x_wconf 88' lang='lat' dir='ltr'>sabulum,</span> <span class='ocrx_word' id='word_1_10' title='bbox 1193 948 1338 1034; x_wconf 87' lang='lat' dir='ltr'>lateres,</span> <span class='ocrx_word' id='word_1_11' title='bbox 1358 947 1517 1034; x_wconf 80' lang='lat' dir='ltr'>arenam,</span> <span class='ocrx_word' id='word_1_12' title='bbox 1534 947 1784 1021; x_wconf 77' lang='lat' dir='ltr'>camentitium</span> <span class='ocrx_word' id='word_1_13' title='bbox 1809 955 1877 1008; x_wconf 68' lang='lat'>1616</span> 
     </span>
    </p>

    <p class='ocr_par' dir='ltr' id='par_1_3' title="bbox 161 1064 1938 1172">
     <span class='ocr_line' id='line_1_3' title="bbox 161 1064 1938 1172; baseline -0.001 -22"><span class='ocrx_word' id='word_1_14' title='bbox 161 1078 330 1150; x_wconf 83' lang='lat' dir='ltr'>ferrumen</span> <span class='ocrx_word' id='word_1_15' title='bbox 347 1077 510 1150; x_wconf 90' lang='lat' dir='ltr'>manibus</span> <span class='ocrx_word' id='word_1_16' title='bbox 529 1077 733 1151; x_wconf 88' lang='lat' dir='ltr'>ministrare</span> <span class='ocrx_word' id='word_1_17' title='bbox 764 1080 851 1163; x_wconf 86' lang='lat' dir='ltr'>suis,</span> <span class='ocrx_word' id='word_1_18' title='bbox 886 1101 955 1150; x_wconf 95' lang='lat' dir='ltr'>nou</span> <span class='ocrx_word' id='word_1_19' title='bbox 973 1078 1101 1172; x_wconf 79' lang='lat' dir='ltr'>piguit.</span> <span class='ocrx_word' id='word_1_20' title='bbox 1135 1077 1330 1160; x_wconf 87' lang='lat' dir='ltr'>Placuisse,</span> <span class='ocrx_word' id='word_1_21' title='bbox 1362 1082 1514 1172; x_wconf 79' lang='lat' dir='ltr'>oportet,</span> <span class='ocrx_word' id='word_1_22' title='bbox 1540 1076 1677 1170; x_wconf 88' lang='lat' dir='ltr'>superis</span> <span class='ocrx_word' id='word_1_23' title='bbox 1704 1097 1783 1148; x_wconf 86' lang='lat' dir='ltr'>eam</span> <span class='ocrx_word' id='word_1_24' title='bbox 1807 1064 1938 1158; x_wconf 60' lang='lat' dir='ltr'>rteprin-</span> 
     </span>
    </p>

    <p class='ocr_par' dir='ltr' id='par_1_4' title="bbox 158 1143 1957 1297">
     <span class='ocr_line' id='line_1_4' title="bbox 158 1143 1957 1297; baseline -0.002 -22"><span class='ocrx_word' id='word_1_25' title='bbox 158 1202 289 1276; x_wconf 88' lang='lat' dir='ltr'>Nicolai</span> <span class='ocrx_word' id='word_1_26' title='bbox 306 1202 495 1297; x_wconf 88' lang='lat' dir='ltr'>pietatem:</span> <span class='ocrx_word' id='word_1_27' title='bbox 513 1224 595 1274; x_wconf 89' lang='lat' dir='ltr'>uam</span> <span class='ocrx_word' id='word_1_28' title='bbox 610 1202 708 1274; x_wconf 87' lang='lat' dir='ltr'>brevi</span> <span class='ocrx_word' id='word_1_29' title='bbox 731 1201 830 1275; x_wconf 90' lang='lat' dir='ltr'>locus</span> <span class='ocrx_word' id='word_1_30' title='bbox 847 1203 878 1274; x_wconf 87' lang='lat' dir='ltr'>is</span> <span class='ocrx_word' id='word_1_31' title='bbox 888 1201 1085 1275; x_wconf 82' lang='lat' dir='ltr'>clarescere</span> <span class='ocrx_word' id='word_1_32' title='bbox 1102 1201 1207 1294; x_wconf 89' lang='lat' dir='ltr'>coepit</span> <span class='ocrx_word' id='word_1_33' title='bbox 1224 1201 1323 1272; x_wconf 86' lang='lat' dir='ltr'>miris</span> <span class='ocrx_word' id='word_1_34' title='bbox 1335 1199 1400 1272; x_wconf 91' lang='lat' dir='ltr'>Dei</span> <span class='ocrx_word' id='word_1_35' title='bbox 1414 1197 1607 1283; x_wconf 89' lang='lat' dir='ltr'>beneficiis,</span> <span class='ocrx_word' id='word_1_36' title='bbox 1622 1208 1781 1294; x_wconf 87' lang='lat' dir='ltr'>propter·</span> <span class='ocrx_word' id='word_1_37' title='bbox 1807 1143 1957 1273; x_wconf 55' lang='lat' dir='ltr'>llllllallll</span> 
     </span>
    </p>

    <p class='ocr_par' dir='ltr' id='par_1_5' title="bbox 160 1289 1917 1424">
     <span class='ocr_line' id='line_1_5' title="bbox 160 1289 1917 1424; baseline 0.005 -27"><span class='ocrx_word' id='word_1_38' title='bbox 160 1347 261 1419; x_wconf 89' lang='lat' dir='ltr'>caque</span> <span class='ocrx_word' id='word_1_39' title='bbox 277 1348 300 1398; x_wconf 88' lang='lat' dir='ltr'>a</span> <span class='ocrx_word' id='word_1_40' title='bbox 318 1325 448 1421; x_wconf 93' lang='lat' dir='ltr'>populo</span> <span class='ocrx_word' id='word_1_41' title='bbox 462 1324 647 1398; x_wconf 90' lang='lat' dir='ltr'>celebrari.</span> <span class='ocrx_word' id='word_1_42' title='bbox 670 1325 763 1398; x_wconf 92' lang='lat' dir='ltr'>Hinc</span> <span class='ocrx_word' id='word_1_43' title='bbox 778 1349 880 1399; x_wconf 88' lang='lat' dir='ltr'>mous</span> <span class='ocrx_word' id='word_1_44' title='bbox 895 1324 969 1410; x_wconf 89' lang='lat' dir='ltr'>ille,</span> <span class='ocrx_word' id='word_1_45' title='bbox 986 1323 1094 1418; x_wconf 83' lang='lat' dir='ltr'>vulgo</span> <span class='ocrx_word' id='word_1_46' title='bbox 1107 1323 1313 1419; x_wconf 84' lang='lat' dir='ltr'>Angelicus,</span> <span class='ocrx_word' id='word_1_47' title='bbox 1346 1322 1467 1396; x_wconf 87' lang='lat' dir='ltr'>Beatis</span> <span class='ocrx_word' id='word_1_48' title='bbox 1485 1321 1618 1394; x_wconf 90' lang='lat' dir='ltr'>scilicet</span> <span class='ocrx_word' id='word_1_49' title='bbox 1633 1320 1781 1417; x_wconf 79' lang='lat' dir='ltr'>Angelis</span> <span class='ocrx_word' id='word_1_50' title='bbox 1806 1289 1917 1424; x_wconf 51' lang='lat' dir='ltr'>{Q</span> 
     </span>
    </p>

    <p class='ocr_par' dir='ltr' id='par_1_6' title="bbox 160 1459 1876 1668">
     <span class='ocr_line' id='line_1_6' title="bbox 160 1459 1876 1545; baseline -0.001 -23"><span class='ocrx_word' id='word_1_51' title='bbox 160 1459 519 1545; x_wconf 82' lang='lat' dir='ltr'>sacer,nuncupatur.</span> <span class='ocrx_word' id='word_1_52' title='bbox 1079 1536 1084 1545; x_wconf 90' lang='lat'>.</span> <span class='ocrx_word' id='word_1_53' title='bbox 1808 1463 1876 1501; x_wconf 77' lang='lat' dir='ltr'>rum.</span> 
     </span>
     <span class='ocr_line' id='line_1_7' title="bbox 202 1551 1780 1668; baseline -0.001 -24"><span class='ocrx_word' id='word_1_54' title='bbox 202 1572 308 1645; x_wconf 82' lang='lat' dir='ltr'>Haud</span> <span class='ocrx_word' id='word_1_55' title='bbox 325 1572 435 1644; x_wconf 93' lang='lat' dir='ltr'>multo</span> <span class='ocrx_word' id='word_1_56' title='bbox 448 1581 529 1668; x_wconf 90' lang='lat' dir='ltr'>post</span> <span class='ocrx_word' id='word_1_57' title='bbox 542 1573 702 1646; x_wconf 80' lang='lat' dir='ltr'>loannes</span> <span class='ocrx_word' id='word_1_58' title='bbox 722 1571 870 1645; x_wconf 83' lang='lat' dir='ltr'>Carolus</span> <span class='ocrx_word' id='word_1_59' title='bbox 894 1571 1152 1656; x_wconf 85' lang='lat' dir='ltr'>Chodkiewicz,</span> <span class='ocrx_word' id='word_1_60' title='bbox 1169 1551 1300 1642; x_wconf 90' lang='lat' dir='ltr'>sacello</span> <span class='ocrx_word' id='word_1_61' title='bbox 1317 1570 1385 1641; x_wconf 92' lang='lat' dir='ltr'>hoc</span> <span class='ocrx_word' id='word_1_62' title='bbox 1404 1590 1467 1640; x_wconf 90' lang='lat' dir='ltr'>seu</span> <span class='ocrx_word' id='word_1_63' title='bbox 1485 1567 1600 1640; x_wconf 90' lang='lat' dir='ltr'>diruto</span> <span class='ocrx_word' id='word_1_64' title='bbox 1619 1592 1682 1642; x_wconf 90' lang='lat' dir='ltr'>seu</span> <span class='ocrx_word' id='word_1_65' title='bbox 1717 1593 1780 1665; x_wconf 90' lang='lat' dir='ltr'>pro</span> 
     </span>
    </p>

    <p class='ocr_par' dir='ltr' id='par_1_7' title="bbox 159 1693 1781 1792">
     <span class='ocr_line' id='line_1_8' title="bbox 159 1693 1781 1792; baseline -0.002 -22"><span class='ocrx_word' id='word_1_66' title='bbox 159 1697 354 1770; x_wconf 82' lang='lat' dir='ltr'>accessione</span> <span class='ocrx_word' id='word_1_67' title='bbox 373 1696 509 1770; x_wconf 89' lang='lat' dir='ltr'>aedibus</span> <span class='ocrx_word' id='word_1_68' title='bbox 526 1696 706 1792; x_wconf 86' lang='lat' dir='ltr'>adjuncto,</span> <span class='ocrx_word' id='word_1_69' title='bbox 732 1697 864 1769; x_wconf 86' lang='lat' dir='ltr'>ibidem</span> <span class='ocrx_word' id='word_1_70' title='bbox 882 1695 1050 1791; x_wconf 90' lang='lat' dir='ltr'>templum</span> <span class='ocrx_word' id='word_1_71' title='bbox 1070 1694 1248 1780; x_wconf 92' lang='lat' dir='ltr'>condidit;</span> <span class='ocrx_word' id='word_1_72' title='bbox 1273 1695 1391 1789; x_wconf 92' lang='lat' dir='ltr'>idque,</span> <span class='ocrx_word' id='word_1_73' title='bbox 1412 1715 1476 1769; x_wconf 89' lang='lat' dir='ltr'>sua</span> <span class='ocrx_word' id='word_1_74' title='bbox 1493 1693 1644 1766; x_wconf 87' lang='lat' dir='ltr'>loannis</span> <span class='ocrx_word' id='word_1_75' title='bbox 1659 1695 1781 1766; x_wconf 92' lang='lat' dir='ltr'>volun·</span> 
     </span>
    </p>

    <p class='ocr_par' dir='ltr' id='par_1_8' title="bbox 159 1815 1781 1918">
     <span class='ocr_line' id='line_1_9' title="bbox 159 1815 1781 1918; baseline -0.002 -23"><span class='ocrx_word' id='word_1_76' title='bbox 159 1830 237 1907; x_wconf 83' lang='lat' dir='ltr'>tute,</span> <span class='ocrx_word' id='word_1_77' title='bbox 254 1823 381 1896; x_wconf 86' lang='lat' dir='ltr'>Beatis</span> <span class='ocrx_word' id='word_1_78' title='bbox 393 1821 556 1918; x_wconf 85' lang='lat' dir='ltr'>Angelis,</span> <span class='ocrx_word' id='word_1_79' title='bbox 575 1823 611 1892; x_wconf 94' lang='lat' dir='ltr'>in</span> <span class='ocrx_word' id='word_1_80' title='bbox 631 1821 754 1916; x_wconf 86' lang='lat' dir='ltr'>primis</span> <span class='ocrx_word' id='word_1_81' title='bbox 768 1844 891 1893; x_wconf 91' lang='lat' dir='ltr'>eorum</span> <span class='ocrx_word' id='word_1_82' title='bbox 902 1819 1066 1915; x_wconf 89' lang='lat' dir='ltr'>principi,</span> <span class='ocrx_word' id='word_1_83' title='bbox 1088 1820 1176 1891; x_wconf 91' lang='lat' dir='ltr'>Divo</span> <span class='ocrx_word' id='word_1_84' title='bbox 1191 1817 1359 1891; x_wconf 87' lang='lat' dir='ltr'>Michaeli</span> <span class='ocrx_word' id='word_1_85' title='bbox 1372 1815 1571 1890; x_wconf 90' lang='lat' dir='ltr'>dedicatum</span> <span class='ocrx_word' id='word_1_86' title='bbox 1585 1827 1650 1892; x_wconf 90' lang='lat' dir='ltr'>est.</span> <span class='ocrx_word' id='word_1_87' title='bbox 1674 1819 1781 1892; x_wconf 85' lang='lat' dir='ltr'>Cura·</span> 
     </span>
    </p>

    <p class='ocr_par' dir='ltr' id='par_1_9' title="bbox 159 1941 1779 2042">
     <span class='ocr_line' id='line_1_10' title="bbox 159 1941 1779 2042; baseline -0.001 -25"><span class='ocrx_word' id='word_1_88' title='bbox 159 1947 202 2019; x_wconf 87' lang='lat' dir='ltr'>vit</span> <span class='ocrx_word' id='word_1_89' title='bbox 218 1947 355 2020; x_wconf 86' lang='lat' dir='ltr'>scilicet</span> <span class='ocrx_word' id='word_1_90' title='bbox 369 1949 496 2042; x_wconf 86' lang='lat' dir='ltr'>exequi</span> <span class='ocrx_word' id='word_1_91' title='bbox 518 1949 629 2020; x_wconf 84' lang='lat' dir='ltr'>victor</span> <span class='ocrx_word' id='word_1_92' title='bbox 642 1947 715 2032; x_wconf 92' lang='lat' dir='ltr'>ille,</span> <span class='ocrx_word' id='word_1_93' title='bbox 732 1945 827 2040; x_wconf 92' lang='lat' dir='ltr'>quod</span> <span class='ocrx_word' id='word_1_94' title='bbox 841 1967 952 2040; x_wconf 88' lang='lat' dir='ltr'>nuper</span> <span class='ocrx_word' id='word_1_95' title='bbox 961 1945 1037 2039; x_wconf 89' lang='lat' dir='ltr'>ipse</span> <span class='ocrx_word' id='word_1_96' title='bbox 1051 1943 1296 2016; x_wconf 86' lang='lat' dir='ltr'>voveratbello</span> <span class='ocrx_word' id='word_1_97' title='bbox 1307 1942 1456 2014; x_wconf 89' lang='lat' dir='ltr'>Turcico</span> <span class='ocrx_word' id='word_1_98' title='bbox 1467 1941 1538 2013; x_wconf 86' lang='lat' dir='ltr'>dux</span> <span class='ocrx_word' id='word_1_99' title='bbox 1551 1943 1779 2016; x_wconf 82' lang='lat' dir='ltr'>exercituum.</span> 
     </span>
    </p>

    <p class='ocr_par' dir='ltr' id='par_1_10' title="bbox 158 2066 1784 2165">
     <span class='ocr_line' id='line_1_11' title="bbox 158 2066 1784 2165; baseline -0.002 -23"><span class='ocrx_word' id='word_1_100' title='bbox 158 2071 239 2144; x_wconf 77' lang='lat' dir='ltr'>liam</span> <span class='ocrx_word' id='word_1_101' title='bbox 258 2071 518 2145; x_wconf 80' lang='lat' dir='ltr'>dedicationem</span> <span class='ocrx_word' id='word_1_102' title='bbox 545 2071 753 2165; x_wconf 89' lang='lat' dir='ltr'>templique</span> <span class='ocrx_word' id='word_1_103' title='bbox 780 2069 910 2141; x_wconf 86' lang='lat' dir='ltr'>clarius</span> <span class='ocrx_word' id='word_1_104' title='bbox 937 2067 1167 2162; x_wconf 83' lang='lat' dir='ltr'>significaret,</span> <span class='ocrx_word' id='word_1_105' title='bbox 1197 2066 1395 2162; x_wconf 91' lang='lat' dir='ltr'>populoque</span> <span class='ocrx_word' id='word_1_106' title='bbox 1417 2075 1646 2162; x_wconf 86' lang='lat' dir='ltr'>proponeret,</span> <span class='ocrx_word' id='word_1_107' title='bbox 1667 2075 1784 2140; x_wconf 89' lang='lat' dir='ltr'>rector</span> 
     </span>
    </p>

    <p class='ocr_par' dir='ltr' id='par_1_11' title="bbox 158 2191 1784 2290">
     <span class='ocr_line' id='line_1_12' title="bbox 158 2191 1784 2290; baseline -0.002 -24"><span class='ocrx_word' id='word_1_108' title='bbox 158 2193 298 2290; x_wconf 84' lang='lat' dir='ltr'>Collegii</span> <span class='ocrx_word' id='word_1_109' title='bbox 319 2195 480 2267; x_wconf 91' lang='lat' dir='ltr'>Michael</span> <span class='ocrx_word' id='word_1_110' title='bbox 499 2194 735 2279; x_wconf 86' lang='lat' dir='ltr'>Ginkiewicn,</span> <span class='ocrx_word' id='word_1_111' title='bbox 770 2216 896 2266; x_wconf 87' lang='lat' dir='ltr'>novem</span> <span class='ocrx_word' id='word_1_112' title='bbox 922 2191 1064 2264; x_wconf 90' lang='lat' dir='ltr'>sacellis</span> <span class='ocrx_word' id='word_1_113' title='bbox 1088 2192 1297 2276; x_wconf 90' lang='lat' dir='ltr'>minoribus,</span> <span class='ocrx_word' id='word_1_114' title='bbox 1318 2191 1356 2262; x_wconf 93' lang='lat' dir='ltr'>iu</span> <span class='ocrx_word' id='word_1_115' title='bbox 1370 2191 1571 2264; x_wconf 90' lang='lat' dir='ltr'>coemeterio</span> <span class='ocrx_word' id='word_1_116' title='bbox 1590 2191 1713 2284; x_wconf 89' lang='lat' dir='ltr'>positis</span> <span class='ocrx_word' id='word_1_117' title='bbox 1739 2193 1784 2263; x_wconf 85' lang='lat' dir='ltr'>ad</span> 
     </span>
    </p>

    <p class='ocr_par' dir='ltr' id='par_1_12' title="bbox 157 2313 1783 2410">
     <span class='ocr_line' id='line_1_13' title="bbox 157 2313 1783 2410; baseline 0 -22"><span class='ocrx_word' id='word_1_118' title='bbox 157 2339 333 2392; x_wconf 89' lang='lat' dir='ltr'>numerum</span> <span class='ocrx_word' id='word_1_119' title='bbox 351 2318 539 2390; x_wconf 87' lang='lat' dir='ltr'>chororum</span> <span class='ocrx_word' id='word_1_120' title='bbox 553 2317 762 2402; x_wconf 88' lang='lat' dir='ltr'>coelestium,</span> <span class='ocrx_word' id='word_1_121' title='bbox 783 2316 953 2410; x_wconf 89' lang='lat' dir='ltr'>templum</span> <span class='ocrx_word' id='word_1_122' title='bbox 968 2313 1213 2387; x_wconf 86' lang='lat' dir='ltr'>circumdedit.</span> <span class='ocrx_word' id='word_1_123' title='bbox 1227 2314 1269 2387; x_wconf 94' lang='lat' dir='ltr'>In</span> <span class='ocrx_word' id='word_1_124' title='bbox 1287 2314 1354 2386; x_wconf 93' lang='lat' dir='ltr'>hoc</span> <span class='ocrx_word' id='word_1_125' title='bbox 1367 2313 1457 2387; x_wconf 93' lang='lat' dir='ltr'>colle</span> <span class='ocrx_word' id='word_1_126' title='bbox 1480 2314 1643 2410; x_wconf 85' lang='lat' dir='ltr'>angelico</span> <span class='ocrx_word' id='word_1_127' title='bbox 1660 2314 1783 2396; x_wconf 88' lang='lat' dir='ltr'>Sociis,</span> 
     </span>
    </p>

    <p class='ocr_par' dir='ltr' id='par_1_13' title="bbox 158 2442 1778 2541">
     <span class='ocr_line' id='line_1_14' title="bbox 158 2442 1778 2541; baseline 0.001 -26"><span class='ocrx_word' id='word_1_128' title='bbox 158 2446 283 2538; x_wconf 85' lang='lat' dir='ltr'>quiex</span> <span class='ocrx_word' id='word_1_129' title='bbox 317 2445 478 2519; x_wconf 90' lang='lat' dir='ltr'>instituto</span> <span class='ocrx_word' id='word_1_130' title='bbox 510 2454 630 2519; x_wconf 86' lang='lat' dir='ltr'>nostro</span> <span class='ocrx_word' id='word_1_131' title='bbox 660 2454 740 2541; x_wconf 91' lang='lat' dir='ltr'>post</span> <span class='ocrx_word' id='word_1_132' title='bbox 767 2445 884 2517; x_wconf 89' lang='lat' dir='ltr'>studia</span> <span class='ocrx_word' id='word_1_133' title='bbox 913 2443 1112 2518; x_wconf 88' lang='lat' dir='ltr'>litterarum</span> <span class='ocrx_word' id='word_1_134' title='bbox 1138 2442 1346 2539; x_wconf 89' lang='lat' dir='ltr'>probantur,</span> <span class='ocrx_word' id='word_1_135' title='bbox 1378 2444 1531 2538; x_wconf 89' lang='lat' dir='ltr'>positum</span> <span class='ocrx_word' id='word_1_136' title='bbox 1563 2445 1778 2520; x_wconf 90' lang='lat' dir='ltr'>domicilium</span> 
     </span>
    </p>

    <p class='ocr_par' dir='ltr' id='par_1_14' title="bbox 157 2567 1908 2664">
     <span class='ocr_line' id='line_1_15' title="bbox 157 2567 1908 2664; baseline 0.002 -26"><span class='ocrx_word' id='word_1_137' title='bbox 157 2590 243 2642; x_wconf 86' lang='lat' dir='ltr'>anno</span> <span class='ocrx_word' id='word_1_138' title='bbox 266 2569 373 2656; x_wconf 83' lang='lat'>1689,</span> <span class='ocrx_word' id='word_1_139' title='bbox 392 2569 536 2664; x_wconf 87' lang='lat' dir='ltr'>praediis</span> <span class='ocrx_word' id='word_1_140' title='bbox 549 2580 585 2642; x_wconf 91' lang='lat' dir='ltr'>et</span> <span class='ocrx_word' id='word_1_141' title='bbox 601 2569 797 2643; x_wconf 92' lang='lat' dir='ltr'>redditibus</span> <span class='ocrx_word' id='word_1_142' title='bbox 809 2581 983 2641; x_wconf 88' lang='lat' dir='ltr'>auctuma</span> <span class='ocrx_word' id='word_1_143' title='bbox 996 2568 1110 2640; x_wconf 86' lang='lat' dir='ltr'>Tobia</span> <span class='ocrx_word' id='word_1_144' title='bbox 1122 2567 1607 2656; x_wconf 81' lang='lat' dir='ltr'>Grochcvskio,Lulroviensi</span> <span class='ocrx_word' id='word_1_145' title='bbox 1619 2570 1774 2654; x_wconf 89' lang='lat' dir='ltr'>tribune,</span> <span class='ocrx_word' id='word_1_146' title='bbox 1807 2571 1908 2628; x_wconf 81' lang='lat' dir='ltr'>Ibidem</span> 
     </span>
    </p>
   </div>
   <div class='ocr_carea' id='block_1_3' title="bbox 158 2654 1952 2792">
    <p class='ocr_par' dir='ltr' id='par_1_15' title="bbox 158 2654 1952 2792">
     <span class='ocr_line' id='line_1_16' title="bbox 158 2654 1952 2792; baseline 0.003 -30"><span class='ocrx_word' id='word_1_147' title='bbox 158 2699 269 2764; x_wconf 84' lang='lat' dir='ltr'>elsua</span> <span class='ocrx_word' id='word_1_148' title='bbox 289 2691 488 2780; x_wconf 85' lang='lat' dir='ltr'>Elisabeth,</span> <span class='ocrx_word' id='word_1_149' title='bbox 518 2715 538 2767; x_wconf 90' lang='lat' dir='ltr'>e</span> <span class='ocrx_word' id='word_1_150' title='bbox 560 2701 668 2788; x_wconf 86' lang='lat' dir='ltr'>gente</span> <span class='ocrx_word' id='word_1_151' title='bbox 686 2691 948 2767; x_wconf 86' lang='lat' dir='ltr'>Szczavinskia.</span> <span class='ocrx_word' id='word_1_152' title='bbox 970 2692 1111 2764; x_wconf 86' lang='lat' dir='ltr'>Primus</span> <span class='ocrx_word' id='word_1_153' title='bbox 1137 2699 1254 2765; x_wconf 90' lang='lat' dir='ltr'>rector</span> <span class='ocrx_word' id='word_1_154' title='bbox 1270 2689 1457 2786; x_wconf 84' lang='lat' dir='ltr'>praefectus</span> <span class='ocrx_word' id='word_1_155' title='bbox 1484 2691 1597 2764; x_wconf 84' lang='lat' dir='ltr'>Sociis</span> <span class='ocrx_word' id='word_1_156' title='bbox 1615 2693 1777 2766; x_wconf 86' lang='lat' dir='ltr'>Andreas</span> <span class='ocrx_word' id='word_1_157' title='bbox 1805 2654 1952 2792; x_wconf 44' lang='lat' dir='ltr'>mile?</span> 
     </span>
    </p>
   </div>
   <div class='ocr_carea' id='block_1_4' title="bbox 155 2813 1952 3036">
    <p class='ocr_par' dir='ltr' id='par_1_16' title="bbox 155 2813 1952 3036">
     <span class='ocr_line' id='line_1_17' title="bbox 157 2813 1952 2912; baseline -0.003 -20"><span class='ocrx_word' id='word_1_158' title='bbox 157 2815 347 2912; x_wconf 80' lang='lat' dir='ltr'>Rybskius.</span> <span class='ocrx_word' id='word_1_159' title='bbox 360 2817 432 2890; x_wconf 88' lang='lat' dir='ltr'>Sed</span> <span class='ocrx_word' id='word_1_160' title='bbox 439 2816 518 2911; x_wconf 81' lang='lat' dir='ltr'>jam</span> <span class='ocrx_word' id='word_1_161' title='bbox 534 2816 582 2887; x_wconf 93' lang='lat' dir='ltr'>ad</span> <span class='ocrx_word' id='word_1_162' title='bbox 594 2817 781 2890; x_wconf 87' lang='lat' dir='ltr'>Nicolaum</span> <span class='ocrx_word' id='word_1_163' title='bbox 789 2816 982 2912; x_wconf 88' lang='lat' dir='ltr'>principem</span> <span class='ocrx_word' id='word_1_164' title='bbox 997 2823 1228 2889; x_wconf 89' lang='lat' dir='ltr'>revertamur.</span> <span class='ocrx_word' id='word_1_165' title='bbox 1242 2816 1324 2889; x_wconf 93' lang='lat' dir='ltr'>Nou</span> <span class='ocrx_word' id='word_1_166' title='bbox 1339 2817 1425 2888; x_wconf 87' lang='lat' dir='ltr'>satis</span> <span class='ocrx_word' id='word_1_167' title='bbox 1442 2815 1503 2889; x_wconf 90' lang='lat' dir='ltr'>ille</span> <span class='ocrx_word' id='word_1_168' title='bbox 1516 2817 1639 2911; x_wconf 90' lang='lat' dir='ltr'>pietati</span> <span class='ocrx_word' id='word_1_169' title='bbox 1651 2818 1777 2893; x_wconf 85' lang='lat' dir='ltr'>fecisse</span> <span class='ocrx_word' id='word_1_170' title='bbox 1804 2815 1848 2906; x_wconf 73' lang='lat' dir='ltr'>uu</span> <span class='ocrx_word' id='word_1_171' title='bbox 1860 2813 1952 2906; x_wconf 58' lang='grc'><strong>11011·</strong></span> 
     </span>
     <span class='ocr_line' id='line_1_18' title="bbox 155 2896 1893 3036; baseline 0.002 -26"><span class='ocrx_word' id='word_1_172' title='bbox 155 2962 223 3012; x_wconf 85' lang='lat' dir='ltr'>suae</span> <span class='ocrx_word' id='word_1_173' title='bbox 238 2940 446 3026; x_wconf 88' lang='lat' dir='ltr'>videbatur;</span> <span class='ocrx_word' id='word_1_174' title='bbox 468 2940 549 3014; x_wconf 86' lang='lat' dir='ltr'>aliis</span> <span class='ocrx_word' id='word_1_175' title='bbox 570 2943 714 3036; x_wconf 89' lang='lat' dir='ltr'>insuper</span> <span class='ocrx_word' id='word_1_176' title='bbox 738 2943 942 3016; x_wconf 91' lang='lat' dir='ltr'>muneribus</span> <span class='ocrx_word' id='word_1_177' title='bbox 961 2942 1050 3014; x_wconf 92' lang='lat' dir='ltr'>bene</span> <span class='ocrx_word' id='word_1_178' title='bbox 1078 2942 1204 3013; x_wconf 89' lang='lat' dir='ltr'>mereri</span> <span class='ocrx_word' id='word_1_179' title='bbox 1230 2942 1361 3036; x_wconf 84' lang='lat' dir='ltr'>pergit.</span> <span class='ocrx_word' id='word_1_180' title='bbox 1388 2942 1512 3016; x_wconf 90' lang='lat' dir='ltr'>Ordiui</span> <span class='ocrx_word' id='word_1_181' title='bbox 1530 2943 1601 3015; x_wconf 88' lang='lat' dir='ltr'>divi</span> <span class='ocrx_word' id='word_1_182' title='bbox 1627 2944 1777 3018; x_wconf 84' lang='lat' dir='ltr'>loannis</span> <span class='ocrx_word' id='word_1_183' title='bbox 1804 2896 1893 2948; x_wconf 81' lang='lat' dir='ltr'>nonu.</span> 
     </span>
    </p>
   </div>
   <div class='ocr_carea' id='block_1_5' title="bbox 155 3056 1953 3206">
    <p class='ocr_par' dir='ltr' id='par_1_17' title="bbox 155 3056 1953 3206">
     <span class='ocr_line' id='line_1_19' title="bbox 155 3056 1953 3206; baseline 0.004 -73"><span class='ocrx_word' id='word_1_184' title='bbox 155 3061 460 3159; x_wconf 80' lang='lat' dir='ltr'>ierosolymitani,</span> <span class='ocrx_word' id='word_1_185' title='bbox 486 3065 560 3138; x_wconf 89' lang='lat' dir='ltr'>sive</span> <span class='ocrx_word' id='word_1_186' title='bbox 578 3065 820 3138; x_wconf 88' lang='lat' dir='ltr'>Melitensium</span> <span class='ocrx_word' id='word_1_187' title='bbox 835 3067 1006 3160; x_wconf 91' lang='lat' dir='ltr'>equitum,</span> <span class='ocrx_word' id='word_1_188' title='bbox 1034 3087 1172 3137; x_wconf 86' lang='lat' dir='ltr'>annuos</span> <span class='ocrx_word' id='word_1_189' title='bbox 1197 3064 1368 3151; x_wconf 76' lang='lat' dir='ltr'>redditur,</span> <span class='ocrx_word' id='word_1_190' title='bbox 1385 3067 1476 3140; x_wconf 92' lang='lat' dir='ltr'>unde</span> <span class='ocrx_word' id='word_1_191' title='bbox 1494 3068 1612 3140; x_wconf 88' lang='lat' dir='ltr'>alatur</span> <span class='ocrx_word' id='word_1_192' title='bbox 1625 3070 1776 3144; x_wconf 87' lang='lat' dir='ltr'>vicarius</span> <span class='ocrx_word' id='word_1_193' title='bbox 1804 3056 1854 3190; x_wconf 49' lang='lat' dir='ltr'>ff?</span> <span class='ocrx_word' id='word_1_194' title='bbox 1872 3056 1953 3206; x_wconf 43' lang='grc' dir='ltr'>ξεῖ</span> 
     </span>
    </p>
   </div>
   <div class='ocr_carea' id='block_1_6' title="bbox 156 3184 1866 3293">
    <p class='ocr_par' dir='ltr' id='par_1_18' title="bbox 156 3184 1866 3293">
     <span class='ocr_line' id='line_1_20' title="bbox 156 3184 1866 3293; baseline 0.009 -39"><span class='ocrx_word' id='word_1_195' title='bbox 156 3184 318 3271; x_wconf 90' lang='lat' dir='ltr'>curionis,</span> <span class='ocrx_word' id='word_1_196' title='bbox 340 3188 515 3282; x_wconf 83' lang='lat' dir='ltr'>assignat.</span> <span class='ocrx_word' id='word_1_197' title='bbox 538 3190 801 3274; x_wconf 88' lang='lat' dir='ltr'>Franciscauis,</span> <span class='ocrx_word' id='word_1_198' title='bbox 821 3192 1036 3265; x_wconf 86' lang='lat' dir='ltr'>astrictione</span> <span class='ocrx_word' id='word_1_199' title='bbox 1061 3191 1289 3263; x_wconf 89' lang='lat' dir='ltr'>observantia</span> <span class='ocrx_word' id='word_1_200' title='bbox 1319 3189 1435 3277; x_wconf 91' lang='lat' dir='ltr'>dictis,</span> <span class='ocrx_word' id='word_1_201' title='bbox 1456 3194 1654 3267; x_wconf 88' lang='lat' dir='ltr'>coenobium</span> <span class='ocrx_word' id='word_1_202' title='bbox 1668 3218 1777 3293; x_wconf 85' lang='lat' dir='ltr'>gyne·</span> <span class='ocrx_word' id='word_1_203' title='bbox 1803 3216 1866 3270; x_wconf 75' lang='lat' dir='ltr'>aua.</span> 
     </span>
    </p>
   </div>
   <div class='ocr_carea' id='block_1_7' title="bbox 137 3311 1938 5150">
    <p class='ocr_par' dir='ltr' id='par_1_19' title="bbox 157 3311 1777 3410">
     <span class='ocr_line' id='line_1_21' title="bbox 157 3311 1777 3410; baseline 0.007 -29"><span class='ocrx_word' id='word_1_204' title='bbox 157 3311 488 3408; x_wconf 86' lang='lat' dir='ltr'>caeumvirginibus,</span> <span class='ocrx_word' id='word_1_205' title='bbox 504 3313 701 3386; x_wconf 91' lang='lat' dir='ltr'>institutum</span> <span class='ocrx_word' id='word_1_206' title='bbox 712 3315 784 3386; x_wconf 85' lang='lat' dir='ltr'>divi</span> <span class='ocrx_word' id='word_1_207' title='bbox 793 3315 976 3387; x_wconf 89' lang='lat' dir='ltr'>Benedicti</span> <span class='ocrx_word' id='word_1_208' title='bbox 986 3315 1247 3410; x_wconf 89' lang='lat' dir='ltr'>profitentibus,</span> <span class='ocrx_word' id='word_1_209' title='bbox 1262 3316 1382 3388; x_wconf 89' lang='lat' dir='ltr'>condit</span> <span class='ocrx_word' id='word_1_210' title='bbox 1393 3317 1550 3390; x_wconf 87' lang='lat' dir='ltr'>Nesvisii</span> <span class='ocrx_word' id='word_1_211' title='bbox 1564 3345 1571 3404; x_wconf 90' lang='lat'><strong>;</strong></span> <span class='ocrx_word' id='word_1_212' title='bbox 1583 3320 1700 3404; x_wconf 87' lang='lat' dir='ltr'>Mirae,</span> <span class='ocrx_word' id='word_1_213' title='bbox 1713 3344 1777 3394; x_wconf 92' lang='lat' dir='ltr'>suo</span> 
     </span>
    </p>

    <p class='ocr_par' dir='ltr' id='par_1_20' title="bbox 155 3433 1780 3782">
     <span class='ocr_line' id='line_1_22' title="bbox 155 3433 1780 3536; baseline 0.009 -33"><span class='ocrx_word' id='word_1_214' title='bbox 155 3433 188 3504; x_wconf 94' lang='lat' dir='ltr'>in</span> <span class='ocrx_word' id='word_1_215' title='bbox 200 3434 330 3530; x_wconf 92' lang='lat' dir='ltr'>oppido</span> <span class='ocrx_word' id='word_1_216' title='bbox 349 3437 463 3509; x_wconf 88' lang='lat' dir='ltr'>eedem</span> <span class='ocrx_word' id='word_1_217' title='bbox 472 3437 737 3535; x_wconf 76' lang='lat' dir='ltr'>Myreusiilliin</span> <span class='ocrx_word' id='word_1_218' title='bbox 753 3440 864 3536; x_wconf 86' lang='lat' dir='ltr'>Lycia</span> <span class='ocrx_word' id='word_1_219' title='bbox 873 3449 995 3512; x_wconf 88' lang='lat' dir='ltr'>sancto</span> <span class='ocrx_word' id='word_1_220' title='bbox 1011 3439 1161 3512; x_wconf 88' lang='lat' dir='ltr'>antistiti</span> <span class='ocrx_word' id='word_1_221' title='bbox 1169 3439 1319 3512; x_wconf 89' lang='lat' dir='ltr'>Nicolao</span> <span class='ocrx_word' id='word_1_222' title='bbox 1328 3461 1466 3513; x_wconf 89' lang='lat' dir='ltr'>sacram</span> <span class='ocrx_word' id='word_1_223' title='bbox 1477 3465 1606 3515; x_wconf 92' lang='lat' dir='ltr'>emuro</span> <span class='ocrx_word' id='word_1_224' title='bbox 1615 3444 1780 3532; x_wconf 90' lang='lat' dir='ltr'>solido,et</span> 
     </span>
     <span class='ocr_line' id='line_1_23' title="bbox 155 3556 1778 3659; baseline 0.008 -30"><span class='ocrx_word' id='word_1_225' title='bbox 155 3556 301 3630; x_wconf 85' lang='lat' dir='ltr'>alteram</span> <span class='ocrx_word' id='word_1_226' title='bbox 309 3558 347 3630; x_wconf 93' lang='lat' dir='ltr'>in</span> <span class='ocrx_word' id='word_1_227' title='bbox 361 3559 490 3654; x_wconf 91' lang='lat' dir='ltr'>oppido</span> <span class='ocrx_word' id='word_1_228' title='bbox 502 3560 670 3633; x_wconf 84' lang='lat' dir='ltr'>Svieruna</span> <span class='ocrx_word' id='word_1_229' title='bbox 682 3560 818 3647; x_wconf 90' lang='lat' dir='ltr'>fundat,</span> <span class='ocrx_word' id='word_1_230' title='bbox 829 3572 931 3659; x_wconf 88' lang='lat' dir='ltr'>atque</span> <span class='ocrx_word' id='word_1_231' title='bbox 950 3563 1158 3638; x_wconf 87' lang='lat' dir='ltr'>sacerdotiis</span> <span class='ocrx_word' id='word_1_232' title='bbox 1178 3564 1383 3658; x_wconf 89' lang='lat' dir='ltr'>locupletat.</span> <span class='ocrx_word' id='word_1_233' title='bbox 1402 3565 1534 3640; x_wconf 92' lang='lat' dir='ltr'>Omitto</span> <span class='ocrx_word' id='word_1_234' title='bbox 1547 3590 1660 3656; x_wconf 90' lang='lat' dir='ltr'>arces,</span> <span class='ocrx_word' id='word_1_235' title='bbox 1671 3593 1778 3644; x_wconf 89' lang='lat' dir='ltr'>xeno·</span> 
     </span>
     <span class='ocr_line' id='line_1_24' title="bbox 155 3679 1779 3782; baseline 0.01 -31"><span class='ocrx_word' id='word_1_236' title='bbox 155 3679 291 3766; x_wconf 90' lang='lat' dir='ltr'>dochia,</span> <span class='ocrx_word' id='word_1_237' title='bbox 308 3683 589 3778; x_wconf 85' lang='lat' dir='ltr'>ptochotrophia,</span> <span class='ocrx_word' id='word_1_238' title='bbox 601 3687 863 3779; x_wconf 86' lang='lat' dir='ltr'>gerontocomia</span> <span class='ocrx_word' id='word_1_239' title='bbox 882 3695 917 3760; x_wconf 88' lang='lat' dir='ltr'>et</span> <span class='ocrx_word' id='word_1_240' title='bbox 935 3687 1024 3774; x_wconf 87' lang='lat' dir='ltr'>alia;</span> <span class='ocrx_word' id='word_1_241' title='bbox 1045 3711 1124 3781; x_wconf 85' lang='lat' dir='ltr'>quae</span> <span class='ocrx_word' id='word_1_242' title='bbox 1143 3689 1222 3758; x_wconf 90' lang='lat' dir='ltr'>usui</span> <span class='ocrx_word' id='word_1_243' title='bbox 1234 3687 1374 3782; x_wconf 89' lang='lat' dir='ltr'>publico</span> <span class='ocrx_word' id='word_1_244' title='bbox 1388 3687 1604 3763; x_wconf 91' lang='lat' dir='ltr'>multislocis</span> <span class='ocrx_word' id='word_1_245' title='bbox 1617 3695 1779 3769; x_wconf 88' lang='lat' dir='ltr'>condidit</span> 
     </span>
    </p>

    <p class='ocr_par' dir='ltr' id='par_1_21' title="bbox 153 3805 1838 4158">
     <span class='ocr_line' id='line_1_25' title="bbox 155 3805 1778 3910; baseline 0.012 -38"><span class='ocrx_word' id='word_1_246' title='bbox 155 3805 207 3876; x_wconf 89' lang='lat' dir='ltr'>vel</span> <span class='ocrx_word' id='word_1_247' title='bbox 223 3805 326 3878; x_wconf 91' lang='lat' dir='ltr'>donis</span> <span class='ocrx_word' id='word_1_248' title='bbox 345 3806 495 3877; x_wconf 88' lang='lat' dir='ltr'>ornavit.</span> <span class='ocrx_word' id='word_1_249' title='bbox 526 3808 686 3879; x_wconf 85' lang='lat' dir='ltr'>Familiae</span> <span class='ocrx_word' id='word_1_250' title='bbox 714 3833 788 3881; x_wconf 87' lang='lat' dir='ltr'>suae</span> <span class='ocrx_word' id='word_1_251' title='bbox 806 3810 1011 3883; x_wconf 87' lang='lat' dir='ltr'>Radivilliae</span> <span class='ocrx_word' id='word_1_252' title='bbox 1024 3810 1201 3884; x_wconf 87' lang='lat' dir='ltr'>consuluit</span> <span class='ocrx_word' id='word_1_253' title='bbox 1218 3814 1405 3907; x_wconf 85' lang='lat' dir='ltr'>sapienter.</span> <span class='ocrx_word' id='word_1_254' title='bbox 1428 3814 1484 3886; x_wconf 89' lang='lat' dir='ltr'>Ne</span> <span class='ocrx_word' id='word_1_255' title='bbox 1502 3837 1564 3910; x_wconf 88' lang='lat' dir='ltr'>per</span> <span class='ocrx_word' id='word_1_256' title='bbox 1579 3817 1778 3904; x_wconf 85' lang='lat' dir='ltr'>foemineam</span> 
     </span>
     <span class='ocr_line' id='line_1_26' title="bbox 153 3929 1838 4037; baseline 0.009 -37"><span class='ocrx_word' id='word_1_257' title='bbox 153 3930 285 4022; x_wconf 91' lang='lat' dir='ltr'>prolem</span> <span class='ocrx_word' id='word_1_258' title='bbox 301 3931 400 4002; x_wconf 88' lang='lat' dir='ltr'>avita</span> <span class='ocrx_word' id='word_1_259' title='bbox 416 3929 692 4004; x_wconf 87' lang='lat' dir='ltr'>Radivilliorum</span> <span class='ocrx_word' id='word_1_260' title='bbox 718 3933 812 4005; x_wconf 90' lang='lat' dir='ltr'>bona</span> <span class='ocrx_word' id='word_1_261' title='bbox 829 3943 1073 4009; x_wconf 85' lang='lat' dir='ltr'>averterentur</span> <span class='ocrx_word' id='word_1_262' title='bbox 1103 3936 1173 4008; x_wconf 92' lang='lat' dir='ltr'>alio</span> <span class='ocrx_word' id='word_1_263' title='bbox 1207 3937 1298 4010; x_wconf 92' lang='lat' dir='ltr'>dotis</span> <span class='ocrx_word' id='word_1_264' title='bbox 1327 3940 1480 4022; x_wconf 91' lang='lat' dir='ltr'>nomine,</span> <span class='ocrx_word' id='word_1_265' title='bbox 1511 3942 1573 4013; x_wconf 88' lang='lat' dir='ltr'>sed</span> <span class='ocrx_word' id='word_1_266' title='bbox 1598 3942 1676 4037; x_wconf 87' lang='lat' dir='ltr'>ipsa</span> <span class='ocrx_word' id='word_1_267' title='bbox 1704 3943 1777 4016; x_wconf 91' lang='lat' dir='ltr'>doti</span> <span class='ocrx_word' id='word_1_268' title='bbox 1835 3995 1838 4002; x_wconf 87' lang='lat'><em>-</em></span> 
     </span>
     <span class='ocr_line' id='line_1_27' title="bbox 154 4053 1773 4158; baseline 0.009 -33"><span class='ocrx_word' id='word_1_269' title='bbox 154 4053 299 4145; x_wconf 88' lang='lat' dir='ltr'>pecunia</span> <span class='ocrx_word' id='word_1_270' title='bbox 333 4053 531 4139; x_wconf 89' lang='lat' dir='ltr'>diceretur;</span> <span class='ocrx_word' id='word_1_271' title='bbox 551 4056 588 4126; x_wconf 93' lang='lat' dir='ltr'>iu</span> <span class='ocrx_word' id='word_1_272' title='bbox 606 4057 778 4146; x_wconf 90' lang='lat' dir='ltr'>bonorum</span> <span class='ocrx_word' id='word_1_273' title='bbox 795 4081 879 4131; x_wconf 86' lang='lat' dir='ltr'>vero</span> <span class='ocrx_word' id='word_1_274' title='bbox 906 4059 1151 4132; x_wconf 75' lang='lat' dir='ltr'>haereditatem</span> <span class='ocrx_word' id='word_1_275' title='bbox 1170 4067 1354 4155; x_wconf 88' lang='lat' dir='ltr'>paternam</span> <span class='ocrx_word' id='word_1_276' title='bbox 1371 4063 1439 4158; x_wconf 86' lang='lat' dir='ltr'>ipsi</span> <span class='ocrx_word' id='word_1_277' title='bbox 1453 4063 1680 4138; x_wconf 88' lang='lat' dir='ltr'>succederent</span> <span class='ocrx_word' id='word_1_278' title='bbox 1697 4067 1773 4152; x_wconf 85' lang='lat' dir='ltr'>filii,</span> 
     </span>
    </p>

    <p class='ocr_par' dir='ltr' id='par_1_22' title="bbox 152 4176 1770 4277">
     <span class='ocr_line' id='line_1_28' title="bbox 152 4176 1770 4277; baseline 0.009 -29"><span class='ocrx_word' id='word_1_279' title='bbox 152 4185 218 4262; x_wconf 87' lang='lat' dir='ltr'>aut,</span> <span class='ocrx_word' id='word_1_280' title='bbox 239 4176 312 4258; x_wconf 79' lang='lat' dir='ltr'>uisi</span> <span class='ocrx_word' id='word_1_281' title='bbox 329 4183 450 4250; x_wconf 89' lang='lat' dir='ltr'>essent</span> <span class='ocrx_word' id='word_1_282' title='bbox 465 4177 543 4262; x_wconf 90' lang='lat' dir='ltr'>filii,</span> <span class='ocrx_word' id='word_1_283' title='bbox 563 4180 832 4254; x_wconf 90' lang='lat' dir='ltr'>herciscundam</span> <span class='ocrx_word' id='word_1_284' title='bbox 856 4183 1036 4275; x_wconf 83' lang='lat' dir='ltr'>proximus</span> <span class='ocrx_word' id='word_1_285' title='bbox 1052 4206 1073 4255; x_wconf 90' lang='lat' dir='ltr'>e</span> <span class='ocrx_word' id='word_1_286' title='bbox 1089 4183 1307 4277; x_wconf 89' lang='lat' dir='ltr'>patruelibus</span> <span class='ocrx_word' id='word_1_287' title='bbox 1333 4184 1577 4260; x_wconf 84' lang='lat' dir='ltr'>baereditatem</span> <span class='ocrx_word' id='word_1_288' title='bbox 1591 4198 1770 4276; x_wconf 89' lang='lat' dir='ltr'>cemoret;</span> 
     </span>
    </p>

    <p class='ocr_par' dir='ltr' id='par_1_23' title="bbox 137 4285 1938 4897">
     <span class='ocr_line' id='line_1_29' title="bbox 137 4285 1938 4398; baseline 0.009 -27"><span class='ocrx_word' id='word_1_289' title='bbox 137 4285 238 4373; x_wconf 88' lang='lat' dir='ltr'>¹idem</span> <span class='ocrx_word' id='word_1_290' title='bbox 252 4301 439 4386; x_wconf 67' lang='lat' dir='ltr'>Nicolaus</span> <span class='ocrx_word' id='word_1_291' title='bbox 459 4301 627 4374; x_wconf 89' lang='lat' dir='ltr'>fratribus</span> <span class='ocrx_word' id='word_1_292' title='bbox 646 4304 733 4388; x_wconf 88' lang='lat' dir='ltr'>suis,</span> <span class='ocrx_word' id='word_1_293' title='bbox 753 4304 899 4380; x_wconf 89' lang='lat' dir='ltr'>Alberto</span> <span class='ocrx_word' id='word_1_294' title='bbox 929 4313 964 4377; x_wconf 91' lang='lat' dir='ltr'>et</span> <span class='ocrx_word' id='word_1_295' title='bbox 981 4306 1173 4392; x_wconf 87' lang='lat' dir='ltr'>Stanislao,</span> <span class='ocrx_word' id='word_1_296' title='bbox 1195 4308 1507 4393; x_wconf 88' lang='lat' dir='ltr'>consentientibus,</span> <span class='ocrx_word' id='word_1_297' title='bbox 1529 4313 1650 4385; x_wconf 90' lang='lat' dir='ltr'>statuit</span> <span class='ocrx_word' id='word_1_298' title='bbox 1668 4337 1769 4387; x_wconf 90' lang='lat' dir='ltr'>cura·</span> <span class='ocrx_word' id='word_1_299' title='bbox 1796 4307 1938 4398; x_wconf 65' lang='lat' dir='ltr'>euinque</span> 
     </span>
     <span class='ocr_line' id='line_1_30' title="bbox 152 4385 1918 4524; baseline 0.01 -29"><span class='ocrx_word' id='word_1_300' title='bbox 152 4423 278 4519; x_wconf 80' lang='lat' dir='ltr'>vitque,</span> <span class='ocrx_word' id='word_1_301' title='bbox 300 4447 367 4498; x_wconf 86' lang='lat' dir='ltr'>sua</span> <span class='ocrx_word' id='word_1_302' title='bbox 385 4433 423 4496; x_wconf 93' lang='lat' dir='ltr'>ut</span> <span class='ocrx_word' id='word_1_303' title='bbox 439 4425 508 4497; x_wconf 88' lang='lat' dir='ltr'>ista</span> <span class='ocrx_word' id='word_1_304' title='bbox 524 4427 707 4500; x_wconf 91' lang='lat' dir='ltr'>conventio</span> <span class='ocrx_word' id='word_1_305' title='bbox 727 4437 762 4502; x_wconf 91' lang='lat' dir='ltr'>et</span> <span class='ocrx_word' id='word_1_306' title='bbox 779 4429 880 4524; x_wconf 83' lang='lat' dir='ltr'>regia</span> <span class='ocrx_word' id='word_1_307' title='bbox 897 4429 1114 4524; x_wconf 80' lang='lat' dir='ltr'>Sigismundi</span> <span class='ocrx_word' id='word_1_308' title='bbox 1129 4431 1181 4501; x_wconf 91' lang='grc' dir='ltr'>ΙΙΙ</span> <span class='ocrx_word' id='word_1_309' title='bbox 1191 4439 1227 4504; x_wconf 94' lang='lat' dir='ltr'>et</span> <span class='ocrx_word' id='word_1_310' title='bbox 1240 4431 1368 4503; x_wconf 90' lang='lat' dir='ltr'>civium</span> <span class='ocrx_word' id='word_1_311' title='bbox 1384 4434 1594 4508; x_wconf 78' lang='lat' dir='ltr'>auctoritate</span> <span class='ocrx_word' id='word_1_312' title='bbox 1612 4435 1649 4508; x_wconf 92' lang='lat' dir='ltr'>in</span> <span class='ocrx_word' id='word_1_313' title='bbox 1667 4440 1773 4512; x_wconf 91' lang='lat' dir='ltr'>comi·</span> <span class='ocrx_word' id='word_1_314' title='bbox 1798 4385 1918 4518; x_wconf 61' lang='lat' dir='ltr'>lqppul-</span> 
     </span>
     <span class='ocr_line' id='line_1_31' title="bbox 151 4549 1774 4651; baseline 0.009 -29"><span class='ocrx_word' id='word_1_315' title='bbox 151 4549 206 4622; x_wconf 87' lang='lat' dir='ltr'>tiis</span> <span class='ocrx_word' id='word_1_316' title='bbox 219 4549 326 4645; x_wconf 85' lang='lat' dir='ltr'>regni</span> <span class='ocrx_word' id='word_1_317' title='bbox 338 4571 430 4622; x_wconf 86' lang='lat' dir='ltr'>anno</span> <span class='ocrx_word' id='word_1_318' title='bbox 448 4549 540 4622; x_wconf 86' lang='lat'>1589</span> <span class='ocrx_word' id='word_1_319' title='bbox 550 4549 763 4623; x_wconf 85' lang='lat' dir='ltr'>firmaretur.</span> <span class='ocrx_word' id='word_1_320' title='bbox 781 4553 868 4632; x_wconf 87' lang='lat' dir='ltr'>Quae</span> <span class='ocrx_word' id='word_1_321' title='bbox 881 4576 945 4626; x_wconf 85' lang='lat' dir='ltr'>sua</span> <span class='ocrx_word' id='word_1_322' title='bbox 959 4554 1234 4627; x_wconf 87' lang='lat' dir='ltr'>Radivilliorum</span> <span class='ocrx_word' id='word_1_323' title='bbox 1246 4557 1363 4651; x_wconf 91' lang='lat' dir='ltr'>pactio</span> <span class='ocrx_word' id='word_1_324' title='bbox 1380 4561 1620 4632; x_wconf 69' lang='lat' dir='ltr'>Ordinationes</span> <span class='ocrx_word' id='word_1_325' title='bbox 1631 4563 1774 4637; x_wconf 93' lang='lat' dir='ltr'>nomine</span> 
     </span>
     <span class='ocr_line' id='line_1_32' title="bbox 149 4673 1818 4777; baseline 0.01 -33"><span class='ocrx_word' id='word_1_326' title='bbox 149 4673 322 4770; x_wconf 90' lang='lat' dir='ltr'>hodieque</span> <span class='ocrx_word' id='word_1_327' title='bbox 341 4681 576 4770; x_wconf 88' lang='lat' dir='ltr'>nuncupatur.</span> <span class='ocrx_word' id='word_1_328' title='bbox 589 4675 912 4772; x_wconf 79' lang='lat' dir='ltr'>Amorteconjugis</span> <span class='ocrx_word' id='word_1_329' title='bbox 930 4702 1017 4762; x_wconf 89' lang='lat' dir='ltr'>suae,</span> <span class='ocrx_word' id='word_1_330' title='bbox 1038 4679 1169 4773; x_wconf 86' lang='lat' dir='ltr'>quaein</span> <span class='ocrx_word' id='word_1_331' title='bbox 1185 4702 1244 4752; x_wconf 91' lang='lat' dir='ltr'>an.</span> <span class='ocrx_word' id='word_1_332' title='bbox 1262 4680 1354 4754; x_wconf 86' lang='grc'><strong>1597</strong></span> <span class='ocrx_word' id='word_1_333' title='bbox 1363 4681 1499 4766; x_wconf 90' lang='lat' dir='ltr'>incidit,</span> <span class='ocrx_word' id='word_1_334' title='bbox 1510 4684 1577 4756; x_wconf 89' lang='lat' dir='ltr'>etsi</span> <span class='ocrx_word' id='word_1_335' title='bbox 1591 4708 1670 4758; x_wconf 93' lang='lat' dir='ltr'>cum</span> <span class='ocrx_word' id='word_1_336' title='bbox 1685 4695 1772 4761; x_wconf 84' lang='lat' dir='ltr'>aetas</span> <span class='ocrx_word' id='word_1_337' title='bbox 1816 4771 1818 4777; x_wconf 15' lang='grc' dir='ltr'><em>Α</em></span> 
     </span>
     <span class='ocr_line' id='line_1_33' title="bbox 150 4797 1770 4897; baseline 0.01 -27"><span class='ocrx_word' id='word_1_338' title='bbox 150 4797 384 4895; x_wconf 86' lang='lat' dir='ltr'>integratum</span> <span class='ocrx_word' id='word_1_339' title='bbox 405 4799 596 4872; x_wconf 88' lang='lat' dir='ltr'>amicorum</span> <span class='ocrx_word' id='word_1_340' title='bbox 610 4801 761 4872; x_wconf 86' lang='lat' dir='ltr'>consilia</span> <span class='ocrx_word' id='word_1_341' title='bbox 776 4803 822 4874; x_wconf 88' lang='lat' dir='ltr'>ad</span> <span class='ocrx_word' id='word_1_342' title='bbox 840 4803 981 4897; x_wconf 86' lang='lat' dir='ltr'>nuptias</span> <span class='ocrx_word' id='word_1_343' title='bbox 994 4802 1169 4876; x_wconf 89' lang='lat' dir='ltr'>secundas</span> <span class='ocrx_word' id='word_1_344' title='bbox 1187 4805 1403 4878; x_wconf 87' lang='lat' dir='ltr'>invitarent:</span> <span class='ocrx_word' id='word_1_345' title='bbox 1425 4815 1464 4878; x_wconf 91' lang='lat' dir='ltr'>ut</span> <span class='ocrx_word' id='word_1_346' title='bbox 1476 4815 1596 4881; x_wconf 89' lang='lat' dir='ltr'>tamen</span> <span class='ocrx_word' id='word_1_347' title='bbox 1613 4811 1649 4882; x_wconf 92' lang='lat' dir='ltr'>id</span> <span class='ocrx_word' id='word_1_348' title='bbox 1678 4813 1770 4887; x_wconf 83' lang='lat' dir='ltr'>lace·</span> 
     </span>
    </p>

    <p class='ocr_par' dir='ltr' id='par_1_24' title="bbox 149 4922 1765 5024">
     <span class='ocr_line' id='line_1_34' title="bbox 149 4922 1765 5024; baseline 0.011 -32"><span class='ocrx_word' id='word_1_349' title='bbox 149 4931 212 5007; x_wconf 90' lang='lat' dir='ltr'>ret,</span> <span class='ocrx_word' id='word_1_350' title='bbox 229 4922 339 4996; x_wconf 91' lang='lat' dir='ltr'>nullis</span> <span class='ocrx_word' id='word_1_351' title='bbox 353 4923 466 5018; x_wconf 92' lang='lat' dir='ltr'>potuit</span> <span class='ocrx_word' id='word_1_352' title='bbox 481 4924 600 4996; x_wconf 92' lang='lat' dir='ltr'>induci</span> <span class='ocrx_word' id='word_1_353' title='bbox 618 4925 786 4998; x_wconf 90' lang='lat' dir='ltr'>consiliis.</span> <span class='ocrx_word' id='word_1_354' title='bbox 805 4926 999 4999; x_wconf 85' lang='lat' dir='ltr'>consilium</span> <span class='ocrx_word' id='word_1_355' title='bbox 1017 4926 1122 4999; x_wconf 87' lang='lat' dir='ltr'>Pauli</span> <span class='ocrx_word' id='word_1_356' title='bbox 1140 4927 1290 5022; x_wconf 83' lang='lat' dir='ltr'>apostoli</span> <span class='ocrx_word' id='word_1_357' title='bbox 1304 4929 1421 5024; x_wconf 91' lang='lat' dir='ltr'>potius</span> <span class='ocrx_word' id='word_1_358' title='bbox 1434 4929 1488 5002; x_wconf 92' lang='lat' dir='ltr'>illi</span> <span class='ocrx_word' id='word_1_359' title='bbox 1507 4934 1669 5006; x_wconf 88' lang='lat' dir='ltr'>omuibus</span> <span class='ocrx_word' id='word_1_360' title='bbox 1686 4935 1765 5010; x_wconf 91' lang='lat' dir='ltr'>fuit.</span> 
     </span>
    </p>

    <p class='ocr_par' dir='ltr' id='par_1_25' title="bbox 150 5045 1902 5150">
     <span class='ocr_line' id='line_1_35' title="bbox 150 5045 1902 5150; baseline 0.006 -33"><span class='ocrx_word' id='word_1_361' title='bbox 150 5045 201 5119; x_wconf 83' lang='lat' dir='ltr'>Ex</span> <span class='ocrx_word' id='word_1_362' title='bbox 235 5071 281 5121; x_wconf 88' lang='lat' dir='ltr'>eo</span> <span class='ocrx_word' id='word_1_363' title='bbox 310 5047 466 5142; x_wconf 92' lang='lat' dir='ltr'>reliquos</span> <span class='ocrx_word' id='word_1_364' title='bbox 500 5050 543 5122; x_wconf 90' lang='lat'>19</span> <span class='ocrx_word' id='word_1_365' title='bbox 568 5070 680 5122; x_wconf 88' lang='lat' dir='ltr'>annos</span> <span class='ocrx_word' id='word_1_366' title='bbox 705 5051 789 5122; x_wconf 87' lang='lat' dir='ltr'>vitae</span> <span class='ocrx_word' id='word_1_367' title='bbox 825 5050 967 5133; x_wconf 88' lang='lat' dir='ltr'>caelebs,</span> <span class='ocrx_word' id='word_1_368' title='bbox 993 5049 1165 5122; x_wconf 87' lang='lat' dir='ltr'>sollicitus</span> <span class='ocrx_word' id='word_1_369' title='bbox 1199 5050 1243 5122; x_wconf 94' lang='lat' dir='ltr'>de</span> <span class='ocrx_word' id='word_1_370' title='bbox 1272 5051 1316 5122; x_wconf 89' lang='lat' dir='ltr'>iis</span> <span class='ocrx_word' id='word_1_371' title='bbox 1345 5059 1491 5140; x_wconf 86' lang='lat' dir='ltr'>tantum,</span> <span class='ocrx_word' id='word_1_372' title='bbox 1523 5079 1602 5150; x_wconf 85' lang='lat' dir='ltr'>quee</span> <span class='ocrx_word' id='word_1_373' title='bbox 1629 5059 1771 5133; x_wconf 89' lang='lat' dir='ltr'>Domini</span> <span class='ocrx_word' id='word_1_374' title='bbox 1797 5071 1902 5128; x_wconf 74' lang='lat' dir='ltr'>cautis</span> 
     </span>
    </p>
   </div>
   <div class='ocr_carea' id='block_1_8' title="bbox 150 5152 1944 5271">
    <p class='ocr_par' dir='ltr' id='par_1_26' title="bbox 150 5152 1944 5271">
     <span class='ocr_line' id='line_1_36' title="bbox 150 5152 1944 5271; baseline -0.001 -20"><span class='ocrx_word' id='word_1_375' title='bbox 150 5179 283 5258; x_wconf 73' lang='lat' dir='ltr'>essent,</span> <span class='ocrx_word' id='word_1_376' title='bbox 304 5173 477 5267; x_wconf 91' lang='lat' dir='ltr'>quomodo</span> <span class='ocrx_word' id='word_1_377' title='bbox 491 5173 606 5267; x_wconf 82' lang='lat' dir='ltr'>magis</span> <span class='ocrx_word' id='word_1_378' title='bbox 624 5173 781 5266; x_wconf 82' lang='lat' dir='ltr'>placeret</span> <span class='ocrx_word' id='word_1_379' title='bbox 798 5175 887 5258; x_wconf 93' lang='lat' dir='ltr'>Deo,</span> <span class='ocrx_word' id='word_1_380' title='bbox 908 5175 1099 5268; x_wconf 83' lang='lat' dir='ltr'>transegit;</span> <span class='ocrx_word' id='word_1_381' title='bbox 1120 5174 1203 5246; x_wconf 91' lang='lat' dir='ltr'>inde</span> <span class='ocrx_word' id='word_1_382' title='bbox 1233 5176 1384 5249; x_wconf 86' lang='lat' dir='ltr'>maxime</span> <span class='ocrx_word' id='word_1_383' title='bbox 1400 5177 1451 5247; x_wconf 87' lang='lat' dir='ltr'>ita</span> <span class='ocrx_word' id='word_1_384' title='bbox 1473 5179 1596 5271; x_wconf 83' lang='lat' dir='ltr'>pietati</span> <span class='ocrx_word' id='word_1_385' title='bbox 1614 5181 1768 5266; x_wconf 89' lang='lat' dir='ltr'>deditus,</span> <span class='ocrx_word' id='word_1_386' title='bbox 1799 5152 1858 5206; x_wconf 71' lang='lat'>¹²⁰⁸</span> <span class='ocrx_word' id='word_1_387' title='bbox 1873 5154 1944 5208; x_wconf 62' lang='lat'>&#39;¹⁸⁸³&#39;</span> 
     </span>
    </p>
   </div>
   <div class='ocr_carea' id='block_1_9' title="bbox 0 0 2478 6650">
    <p class='ocr_par' dir='ltr' id='par_1_27' title="bbox 0 0 2478 6650">
     <span class='ocr_line' id='line_1_37' title="bbox 0 0 2478 6650; baseline 0 0"><span class='ocrx_word' id='word_1_388' title='bbox 0 0 2478 6650; x_wconf 95' lang='lat' dir='ltr'> </span> 
     </span>
    </p>
   </div>
  </div>
 </body>
</html>
