4896 6650
621 801 624 808 .
644 766 752 826 LIBER
775 766 934 827 TERTIUS
957 765 1170 846 (taso-1590).
1698 764 1757 829 lli)

136 977 151 1010 a
171 947 217 1020 sit
241 947 345 1020 vobis
363 969 453 1042 arga
483 935 694 1020 Societatem
721 955 874 1022 vestram
892 949 1055 1022 voluntas
1075 951 1223 1023 nostrat
1242 950 1294 1034 Si,
1311 950 1405 1044 quod
1430 949 1512 1045 jura
1536 947 1755 1045 postulamus
1783 948 1848 1004 1⁵8⁴

137 1101 152 1132 κ
172 1079 307 1156 nostro,
338 1070 526 1144 abnuitis:
552 1070 701 1156 efficitis,
735 1078 774 1144 ut
800 1095 937 1146 mecum
962 1073 1069 1146 aulici
1098 1074 1223 1156 nostri,
1260 1081 1296 1148 et
1320 1072 1488 1169 oppidani
1514 1072 1753 1152 crodnenses,

137 1225 152 1254 ι
171 1201 205 1268 et
216 1217 381 1291 paganus
395 1194 525 1266 circum
544 1195 707 1291 populus,
728 1195 910 1292 neglectos
925 1220 999 1270 sea
1017 1197 1116 1269 vobis
1135 1197 1171 1268 in
1189 1197 1314 1270 salutis
1333 1219 1407 1270 suae
1424 1197 1583 1291 negotio,
1604 1218 1756 1292 conque·

139 1350 153 1380 a
172 1327 306 1393 rantur.
327 1319 436 1414 Atqui
455 1343 522 1414 ego
540 1342 603 1390 vos
621 1343 758 1393 mecum
783 1322 921 1394 Brestae
946 1321 1053 1394 etiam
1070 1344 1247 1416 cuperem,
1269 1323 1304 1392 in
1331 1321 1460 1418 oppido
1488 1343 1605 1416 operae
1630 1327 1759 1393 vestrae

140 1475 154 1506 ι
173 1443 410 1538 egentissimo.
425 1443 495 1518 Sed
509 1443 1058 1540 Brestensium,quandoquidem
1071 1445 1262 1520 illiberales
1280 1447 1370 1521 adeo
1387 1454 1610 1541 attentosque
1627 1444 1671 1516 ad
1684 1467 1759 1516 rem

142 1577 327 1643 westrem
349 1591 428 1642 esse
452 1561 582 1664 placet,
597 1569 831 1664 indigentiam
858 1570 992 1663 omitto.
1015 1569 1171 1644 Grodnae
1188 1571 1274 1643 mihi
1294 1572 1409 1667 pietas
1435 1578 1554 1644 vestra
1571 1569 1759 1663 collegium

143 1727 156 1756 ι
178 1694 305 1789 viginti
322 1696 443 1789 utique
457 1693 654 1780 Sociorum,
670 1717 820 1788 quorum
834 1693 976 1790 quidam
989 1696 1131 1767 scholas
1149 1697 1268 1781 etiam,
1281 1697 1399 1782 velim,
1411 1699 1610 1782 instituant,
1627 1716 1761 1788 negare

145 1820 268 1892 =haud
288 1818 429 1915 poterit.
452 1817 522 1890 Hic
539 1841 653 1912 neque
671 1817 838 1913 oppidum
857 1818 1029 1913 ignobile,
1050 1826 1086 1892 et
1103 1842 1261 1916 campus,
1281 1821 1375 1916 quod
1399 1822 1551 1894 maxine
1577 1817 1757 1914 spectatis,

149 1973 162 2002 ι
179 1941 358 2016 laboribus
374 1945 504 2020 vestris
519 1952 554 2018 et
570 1943 743 2017 fructibus
755 1941 918 2036 legendis
933 1942 1184 2038 amplissimus.
1504 2025 1507 2036 ¹

190 2097 206 2128 κ
231 2068 402 2164 Equidem
420 2072 535 2168 majus
557 2093 676 2165 operae
697 2069 849 2163 pretium
872 2067 948 2140 fore
966 2067 1142 2152 existimo,
1164 2069 1194 2141 si
1213 2067 1292 2163 plus
1310 2067 1347 2138 in
1367 2067 1555 2161 juventute
1573 2066 1759 2152 nobilium,

149 2221 162 2252 ι
185 2191 307 2265 litteris
324 2200 361 2266 et
382 2193 504 2288 probis
523 2193 679 2266 moribus
698 2191 888 2264 imbuenda
905 2216 970 2288 per
992 2192 1144 2278 scholas,
1166 2216 1272 2288 quam
1296 2193 1331 2263 in
1354 2190 1548 2264 formandis
1572 2192 1648 2287 ipso
1666 2199 1761 2264 cate-

151 2315 312 2390 «chismo
330 2340 394 2414 per
417 2341 533 2415 pagos
560 2290 776 2413 agrestibus,
796 2315 899 2390 labor
928 2339 967 2390 se
995 2324 1116 2390 vester
1143 2317 1368 2391 exercuerit:
1390 2340 1471 2388 nam
1500 2317 1579 2411 quis
1603 2317 1760 2412 ignorat,

150 2470 165 2502 ι
183 2451 348 2538 quantum
365 2442 540 2517 commodi
557 2441 754 2537 salutisque
770 2442 807 2512 in
833 2463 954 2514 servos
974 2444 1080 2516 etiam
1097 2451 1230 2529 manat,
1251 2443 1282 2516 si
1300 2443 1432 2515 domini
1450 2443 1507 2516 sui
1528 2443 1596 2516 rite
1617 2441 1664 2515 ad
1689 2441 1762 2537 pie·

151 2593 165 2624 ⁸
187 2575 291 2640 tatem
312 2566 446 2641 fuerint
462 2566 640 2640 institutit
658 2566 709 2637 Ut
730 2565 887 2638 omittam
910 2566 1042 2653 dicere,
1064 2575 1233 2664 quantum
1256 2566 1361 2640 faciat
1383 2565 1429 2640 ad
1453 2564 1656 2640 felicitatem
1683 2587 1770 2670 pro3

153 2719 167 2749 ι
189 2691 309 2766 vinciae
330 2702 438 2788 atque
454 2692 544 2766 adeo
575 2692 751 2768 universae
768 2690 894 2785 patriae
918 2690 1079 2764 liberalis
1095 2693 1225 2788 piaque
1252 2690 1383 2764 sobolis
1402 2688 1576 2764 educatio.
1601 2689 1650 2763 At
1671 2691 1764 2764 enim

154 2844 169 2875 α
186 2815 310 2900 Vilnae,
330 2818 587 2912 Brunsbergae,
608 2815 784 2888 Pultoviae
801 2823 927 2910 aperta
951 2823 1073 2890 vestra
1091 2815 1376 2889 adolescentibus
1395 2815 1582 2911 gymnasia
1611 2839 1618 2886 :
1645 2837 1763 2911 operae

155 2968 169 2998 ι
188 2939 304 3013 inillis
321 2940 482 3026 multum,
509 2938 661 3035 operarii
695 2937 809 3034 pauci.
831 2938 929 3012 Alibi
946 2962 1010 3036 per
1032 2940 1190 3036 inopiam
1206 2938 1369 3033 magistri
1386 2945 1573 3024 vestrates,
1599 2937 1763 3032 quemad·

156 3061 322 3136 “modum
349 3063 455 3138 etiam
482 3062 639 3147 Lublini,
661 3063 834 3146 nesciunt,
865 3071 982 3136 utrum
1007 3072 1141 3160 agant;
1171 3087 1300 3159 pueros
1327 3063 1373 3137 ad
1396 3062 1553 3136 scholam
1575 3084 1620 3135 an
1639 3061 1765 3156 stipem

157 3187 222 3256 uin
239 3188 425 3260 manticam
450 3188 531 3282 cogi
561 3188 674 3283 prius,
696 3193 871 3282 oporteat.
894 3187 935 3259 Id
953 3211 1037 3261 vero
1055 3211 1119 3285 per
1149 3211 1205 3260 me
1234 3188 1333 3262 vobis
1362 3210 1477 3282 nequo
1503 3187 1624 3281 Rigas,
1653 3209 1766 3280 neque
1806 3272 1808 3278 y

157 3310 349 3396 “Polooiaa
376 3335 490 3406 neque
515 3310 683 3396 Grodnae,
706 3311 888 3407 polliceor,
918 3311 977 3385 vel
1006 3313 1036 3384 si
1060 3312 1129 3408 ipsi
1152 3311 1347 3398 volueritis,
1372 3312 1523 3385 licuerit.
1548 3311 1764 3385 Contendam

157 3441 290 3522 “certa
311 3443 351 3510 ut
377 3437 601 3531 intelligatis,
622 3459 692 3507 non
723 3434 774 3506 ita
796 3459 866 3507 nos
884 3458 963 3508 esse
985 3436 1108 3509 tardos
1135 3438 1181 3510 ad
1207 3459 1264 3510 res
1281 3443 1419 3509 vestras
1436 3434 1624 3521 curandas,
1644 3455 1764 3530 quem·

158 3589 172 3618 ι
190 3557 368 3632 admodum
386 3582 449 3632 vos
469 3560 585 3632 lentos
603 3560 640 3631 in
666 3558 880 3654 accipiendis
897 3558 1091 3644 beneficiis,
1107 3583 1150 3633 ac
1166 3561 1366 3656 pertinaces
1380 3559 1497 3632 etiam.
1508 3559 1722 3654 experimur.
1745 3594 1762 3625 a

158 3681 236 3756 Haec
250 3683 386 3781 aliaque
411 3684 448 3756 in
475 3707 554 3758 eam
580 3684 792 3757 sententiam
815 3685 995 3779 campano
1013 3687 1190 3781 princeps,
1216 3685 1523 3782 compendiariam
1544 3685 1695 3779 denique
1720 3682 1767 3756 ad

161 3808 278 3880 exitum
294 3808 433 3882 consilii
456 3809 512 3882 sui
529 3815 629 3882 ratus
645 3809 753 3892 viam,
774 3808 819 3891 si,
839 3808 933 3902 quod
950 3810 995 3882 de
1014 3810 1126 3884 Sociis
1148 3809 1312 3884 constitui
1338 3810 1494 3883 Grodnae
1523 3807 1699 3903 cupiebat,
1721 3807 1766 3878 ad

160 3929 192 4000 id
207 3933 409 4006 auctoritate
431 3933 598 4028 Gregorii
625 3931 809 4005 Pontifiois
827 3939 1000 4019 uteretur,
1029 3935 1182 4007 Romam
1209 3933 1429 4029 perscripsit.

203 4055 323 4143 Vilnae,
351 4058 498 4154 negotia
531 4056 694 4152 Collegio
724 4054 981 4131 facessentibus
1015 4058 1208 4132 identidem
1237 4038 1428 4145 haereticis,
1459 4064 1561 4132 erant
1589 4057 1649 4151 qui
1677 4054 1770 4128 illud

161 4187 288 4256 strenue
303 4181 542 4256 defensarent.
558 4181 831 4255 Descendebant
848 4181 963 4268 amici,
985 4207 1055 4256 non
1072 4184 1242 4281 appellati
1264 4183 1383 4270 etiam,
1405 4184 1451 4255 ad
1465 4181 1671 4277 collegium,
1690 4203 1770 4277 per-

162 4305 311 4378 contandi
337 4304 469 4390 studio,
490 4327 537 4376 an
564 4305 682 4377 omnia
707 4306 889 4378 Sociorum
906 4305 952 4377 ab
976 4305 1191 4381 adversariis
1208 4331 1333 4381 secura
1350 4314 1471 4381 essent
1487 4303 1768 4401 tranquillaque:

163 4448 246 4522 saepe
261 4430 369 4525 ipsius
386 4429 581 4504 voluntatis
598 4451 674 4504 suae
699 4429 908 4525 profitendae
926 4431 1063 4526 gratia;
1084 4431 1134 4504 sic
1152 4455 1266 4528 nuper
1278 4433 1477 4506 cardinales
1492 4432 1575 4515 duc,
1593 4431 1771 4526 Georgius
1788 4445 1797 4454 ·

162 4549 343 4626 Radirillus
365 4554 401 4650 (ι)
428 4554 466 4627 S.
495 4554 543 4627 R.
576 4555 612 4626 J.
641 4556 819 4651 princeps,
846 4561 882 4628 et
911 4555 1093 4628 Robertus
1120 4555 1357 4652 Bolognettus
1383 4557 1526 4629 nuntius
1553 4554 1589 4626 in
1620 4553 1771 4627 Polonia
1850 4571 1893 4627 23.

163 4677 373 4768 apostolicus,
407 4677 544 4772 accepti
575 4679 736 4751 omnibus
759 4678 902 4758 officiis:
936 4679 1056 4764 iidem,
1085 4701 1164 4752 cum
1196 4703 1260 4754 rex
1290 4679 1407 4753 Vilnae
1432 4681 1469 4752 in
1499 4678 1631 4774 templo
1653 4678 1771 4753 cathe-
1800 4657 1935 4805 {dalilam

165 4797 280 4875 dualia
300 4803 463 4877 Romano
482 4802 655 4875 Pontifioo
672 4802 831 4896 insignia
856 4803 1097 4876 cardinalium
1116 4804 1272 4892 offerret,
1292 4803 1434 4900 publica
1456 4827 1476 4877 e
1494 4811 1664 4899 suggesto
1693 4827 1771 4878 ora·
1801 4811 1886 4868 vilre
1898 4809 1946 4866 du-

164 4920 251 4996 tione
265 4927 305 5000 de
326 4927 502 5024 dignitate
521 4929 640 5002 Sacrae
659 4929 834 5000 Romanae
856 4951 1022 5024 purpurae
1039 4952 1104 5024 per
1129 4931 1412 5003 concionatorem
1434 4937 1595 5002 nostrum
1612 4928 1767 5002 salutati.
1800 4893 1948 5032 ffiffi'

167 5041 349 5126 Secundum
374 5051 636 5148 gratulationes
661 5051 884 5147 honoresque
914 5051 982 5126 sibi
1010 5075 1034 5126 a
1064 5053 1268 5148 proceribus
1298 5053 1451 5140 habitos,
1471 5052 1654 5149 postridie,
1683 5052 1772 5127 nihil

203 5197 242 5274 ll)
262 5199 296 5263 ba
310 5203 458 5266 cardinale
473 5205 611 5284 Georgia,
625 5205 683 5264 rid.
699 5207 720 5266 1.
738 5204 789 5276 lll.
807 5220 834 5261 n.
853 5203 904 5262 13.
