4948 6654
22 1153 24 1294 l

22 1295 24 1426 l

647 805 651 818 ’
680 829 788 889 unse
812 827 971 900 ouvurus
993 825 1207 909 (icoo-iero).
1722 825 1783 890 199

206 1011 321 1092 Quam
349 1013 483 1108 experti
513 1021 631 1087 essent
647 1014 904 1109 ‘Derpatenses
926 1037 969 1087 ea
994 1013 1212 1109 Rigensibus
1238 1013 1344 1086 etiam
1362 1012 1476 1087 Sociis
1494 1013 1677 1086 subeunda
1702 1019 1780 1085 erat
1808 1019 1890 1138 16⁰12

157 1133 316 1207 fortuna:
337 1137 459 1208 eodem
477 1136 733 1221 Sudermanno,
746 1145 826 1232 post
843 1146 1045 1232 expugnata
1061 1137 1219 1210 Livoniae
1231 1139 1372 1233 oppida,
1390 1138 1588 1232 Rigensem
1603 1136 1780 1210 civitatem
1808 1151 1884 1222 sige
1908 1154 1954 1209 ob-

157 1258 353 1333 obsidente.
374 1262 464 1334 Tres
490 1263 538 1334 ibi
564 1262 691 1355 reliqui
716 1270 861 1356 patres:
894 1260 1056 1334 Andreas
1075 1261 1240 1368 Klinger,
1257 1262 1447 1346 Pruteuus,
1469 1263 1592 1335 eadem
1622 1269 1780 1333 mortuus
1807 1229 1944 1364 ἒξζζξὲζ

157 1389 387 1480 tempestate
409 1386 544 1458 Paulus
561 1385 744 1471 Bucholtz,
765 1396 800 1458 et
830 1385 876 1458 N.
899 1386 1136 1470 Ertmaunus;
1158 1410 1236 1458 cum
1266 1387 1321 1458 his
1348 1388 1518 1481 magister
1547 1386 1779 1459 scholasticus
1807 1388 1925 1485 dissipat

157 1508 290 1582 Paulus
308 1511 467 1598 Dulcius,
489 1521 524 1585 et
541 1511 721 1606 adjutores
744 1510 827 1594 duo,
843 1511 889 1582 ad
907 1509 1113 1582 sustinenda
1131 1509 1232 1594 dura,
1254 1511 1386 1584 animos
1403 1536 1486 1584 suos
1505 1512 1755 1608 comparabant
1768 1502 1784 1596 ;Ι
1804 1473 1942 1606 ml„

156 1630 311 1704 dimissis
341 1633 540 1706 clanculum
570 1657 614 1707 ex
639 1635 726 1707 urbe
747 1635 855 1706 Petro
885 1633 1039 1705 Kulesza
1068 1639 1104 1705 et
1133 1633 1282 1707 Nicolao
1312 1635 1555 1720 Markiewicz,
1582 1635 1628 1707 ad
1662 1641 1779 1706 castra

22 1801 23 1804 =
155 1757 340 1830 Lituanica
354 1759 536 1854 operariis.
552 1759 633 1830 Non
648 1759 707 1830 diu
721 1757 885 1854 oppidum
896 1759 1039 1831 Suetica
1053 1759 1165 1831 tenuit
1178 1758 1331 1843 obsidio,
1350 1758 1503 1854 Georgio
1519 1757 1779 1831 Ferensbachio

156 1879 311 1974 palatino
326 1882 484 1956 Livoniae
502 1891 643 1956 strenue
663 1883 799 1956 hostem
812 1907 835 1955 a
849 1884 1011 1957 manibus
1024 1883 1269 1979 propulsante,
1290 1890 1396 1977 alque
1409 1883 1491 1953 hinc
1503 1883 1591 1954 duce
1606 1881 1788 1952 exercitus*

22 2045 23 2112 ἶ
158 2005 319 2079 Polonici
338 2007 478 2080 Joanne
505 2007 732 2103 Zamoyslrio,
749 2006 846 2080 illinc
871 2007 1098 2102 sigismundo
1127 2031 1226 2102 rege,
1247 2007 1520 2080 imminentibus.
1545 2007 1611 2078 His
1630 2005 1777 2078 Carolus
1808 1994 1937 2092 sejieitur

22 2117 23 2146 ¹
158 2131 288 2203 virtute
306 2130 464 2215 inferior,
480 2131 639 2227 abjectis,
660 2153 740 2227 quae
757 2132 803 2203 ad
828 2129 1067 2224 oppugnanda
1083 2139 1196 2202 castra
1224 2130 1436 2214 instituerat,
1458 2128 1635 2223 operibus,
1656 2129 1780 2223 raptim

1807 2079 1904 2134 hostis.

158 2255 314 2327 exercitu
328 2256 454 2350 partim
473 2256 510 2327 in
527 2254 616 2328 alias
629 2255 795 2350 regiones
812 2254 991 2337 distracto,
1008 2256 1137 2349 partim
1152 2255 1301 2327 navibus
1319 2255 1354 2326 in
1369 2253 1533 2327 Sueciam
1546 2254 1676 2349 rejecto
1689 2253 1778 2346 ipse,

158 2375 229 2450 XII
257 2377 430 2451 kalendas
464 2379 625 2452 octobres
649 2401 713 2474 per
735 2377 849 2450 noctis
871 2380 1038 2452 tenebras
1071 2380 1153 2452 hinc
1183 2403 1222 2452 se
1244 2381 1470 2463 Pemaviam‚
1491 2379 1574 2453 inde
1598 2379 1783 2452 Revaliam

22 2559 23 2588 ,
159 2499 293 2595 trepide
306 2498 470 2584 abstulit;
487 2499 610 2574 relicto
623 2499 696 2572 filio
715 2523 778 2573 suo
797 2504 1017 2590 Carolusino,
1035 2505 1109 2578 sive
1128 2506 1305 2591 Carolino,
1318 2507 1511 2579 Volmariae
1524 2531 1603 2579 cum
1616 2507 1780 2602 praesidio

161 2624 267 2697 duum
293 2623 453 2709 millium,
474 2647 493 2697 e
524 2625 665 2698 Suetioo
683 2626 840 2720 exercitu
865 2628 1094 2702 delectorum.
1116 2630 1308 2703 Consilium
1326 2632 1558 2727 persequendi
1588 2632 1700 2704 hostis
1719 2633 1780 2702 im-

22 2743 23 2756 ’
159 2752 313 2848 peditum
341 2749 408 2824 luit
438 2751 666 2846 sigismundo
701 2761 883 2836 autumno,
916 2776 1021 2849 quam
1046 2753 1176 2848 longus
1195 2762 1260 2840 est,
1281 2754 1422 2849 pluvio,
1450 2755 1549 2839 locis,
1575 2778 1713 2850 quoque
1743 2763 1778 2827 te

161 2886 328 2965 verteres,
362 2877 579 2973 palustribus
604 2886 641 2952 et
673 2878 878 2973 uliginosis;
910 2877 1072 2971 quodque
1096 2877 1356 2960 difficillimum,
1384 2877 1476 2950 fame
1515 2887 1615 2950 tante
1640 2886 1782 2973 temque

162 2992 373 3086 miseranda,
392 3002 430 3074 in
444 3002 661 3096 provinciam
679 3025 743 3098 per
759 3003 896 3075 hostem
909 2999 1023 3085 illata,
1043 3009 1083 3074 ut
1100 3001 1195 3073 dictu
1213 3001 1319 3073 etiam
1333 3001 1379 3071 sit
1391 3001 1554 3074 immane.

209 3124 400 3197 Exhaustis
417 3123 517 3197 cellis
540 3125 732 3221 penuariis,
752 3149 791 3199 re
808 3126 976 3221 pecuaria
994 3124 1051 3198 vel
1070 3132 1276 3219 consumpta
1305 3123 1362 3196 vel
1390 3125 1436 3197 ab
1455 3124 1614 3196 hostibus
1637 3123 1776 3209 abacta,
1875 3158 1892 3212 ³

163 3249 307 3322 desertis
321 3249 396 3322 suis
409 3249 568 3321 rusticuli
586 3249 796 3344 gurgustiis,
811 3252 991 3322 turmatim
1020 3249 1069 3320 in*
1086 3249 1263 3322 civitatem
1288 3273 1352 3345 per
1376 3272 1519 3323 eversas
1543 3250 1647 3322 etiam
1665 3257 1780 3321 custo·
1809 3235 1937 3371 {5¹:¹⁰3-

162 3373 235 3448 dias
262 3373 530 3468 irrumpebant;
562 3395 693 3468 perque
718 3373 855 3468 plateas
881 3381 917 3448 et
945 3374 1098 3468 compita
1126 3376 1223 3470 vagi,
1248 3375 1345 3448 foeda
1379 3373 1500 3448 torridi
1526 3375 1650 3458 macie,
1673 3373 1782 3446 aridis
1809 3399 1881 3452 erat
1908 3397 1952 3451 ni-

160 3498 404 3593 hiantibusque
420 3497 594 3582 faucibus,
617 3496 737 3569 divum
754 3499 1005 3591 hominumque
1024 3521 1125 3592 opem
1145 3498 1287 3571 vocibus
1305 3498 1593 3572 lamentabilibus
1612 3498 1780 3594 implora·
1809 3491 1898 3530 *⁰¹¹⁰*

161 3624 255 3694 bant.
280 3623 396 3695 Ethie
413 3621 567 3717 quidem,
596 3623 656 3715 qui
674 3623 957 3717 penetravissent
987 3623 1023 3693 in
1054 3622 1191 3707 urbem,
1221 3623 1419 3696 consultum
1449 3625 1562 3719 primo
1590 3632 1776 3718 utcunque,

159 3748 341 3842 assignato
362 3768 426 3841 per
445 3752 590 3818 senatus
608 3746 807 3818 consultum
824 3739 1106 3841 ptochotrophio,
1140 3747 1197 3820 oui
1226 3771 1355 3821 nomen
1384 3770 1407 3820 a
1430 3749 1466 3822 S.
1490 3748 1658 3844 Georgio.
1680 3747 1780 3820 Mille

161 3871 198 3941 in
214 3871 279 3944 hoc
296 3879 331 3944 et
362 3870 543 3965 quingenti
574 3870 770 3965 sumptibus
793 3869 912 3941 civicis
941 3870 1142 3943 alebantur.
1176 3871 1302 3964 (libato
1332 3871 1460 3946 deinde
1489 3873 1612 3959 adeso,
1643 3873 1779 3946 esurire

160 3994 252 4067 cives
270 3995 389 4076 etiam,
410 4017 452 4066 ac
466 3993 645 4066 tenuiores
666 4015 788 4065 eorum
805 3993 973 4065 commori
991 4018 1077 4096 cum
1108 3995 1268 4068 advenis.
1297 3995 1405 4068 Brevi
1429 4003 1530 4069 tanta
1552 3995 1647 4069 edita
1672 3997 1779 4068 estin

158 4119 299 4192 civitate
316 4126 470 4212 strages,
493 4125 531 4190 ut
548 4116 760 4212 sepeliendis
777 4117 983 4212 corporibus
1001 4141 1066 4190 nec
1083 4119 1295 4214 vespillones
1324 4143 1390 4193 nec
1416 4120 1614 4215 sepulcreta
1644 4119 1780 4192 suffice·

158 4251 249 4314 rent.
283 4243 324 4314 In
356 4243 435 4337 ipso
465 4239 655 4314 adsedem
686 4240 723 4314 S.
753 4240 899 4336 Georgii
933 4242 1067 4315 tumulo
1090 4242 1158 4315 hac
1186 4251 1395 4339 tempestate
1423 4245 1647 4316 humatorum
1671 4243 1783 4316 millia

158 4363 318 4440 undecim
336 4373 531 4440 numerata.
550 4365 665 4437 Multo
684 4366 919 4438 miserabilior
936 4366 1088 4462 inpagis
1105 4367 1270 4440 conditio.
1293 4367 1397 4441 Pleni
1414 4369 1545 4442 circum
1559 4371 1651 4463 agri,
1668 4369 1782 4464 campi

158 4488 254 4584 pleni
270 4471 482 4564 cadaverum
501 4488 762 4584 spectabantur.
785 4489 965 4562 contineri
982 4490 1054 4562 suis
1081 4489 1251 4576 aedioulis,
1285 4499 1410 4564 urente
1439 4493 1544 4574 same,
1572 4493 1691 4564 miseri
1712 4515 1783 4565 non

156 4621 334 4710 poteraut,
350 4617 387 4688 in
406 4616 514 4701 arvis,
535 4613 658 4710 sylvis,
679 4614 824 4708 campis,
850 4621 885 4687 et
906 4613 1028 4686 ubiubi
1054 4623 1212 4708 possent,
1240 4617 1490 4711 perquirebant
1512 4617 1692 4690 remedia:
1713 4616 1778 4701 illi,

155 4762 224 4833 per
239 4748 379 4813 arentes
397 4739 499 4814 effusi
516 4761 636 4834 agros,
656 4739 790 4823 fodere,
811 4736 1017 4832 scalpurire,
1037 4738 1175 4812 radices
1188 4738 1378 4813 herbarum
1395 4741 1552 4814 vellere:
1578 4743 1636 4814 isti
1662 4742 1781 4814 morti·

155 4863 257 4937 cinas
273 4885 398 4937 carnes
411 4863 590 4959 pellesque
607 4869 712 4957 atque
742 4863 830 4935 adeo
861 4862 1016 4934 humana
1048 4861 1234 4948 cadavera,
1265 4863 1504 4937 famelicorum
1519 4887 1646 4938 canum
1668 4855 1781 4936 instar

153 4988 402 5087 lupommque,
422 4988 663 5063 tuburcinari:
686 4987 768 5081 quin
786 4986 879 5058 filios
897 4987 1002 5059 etiam
1020 5009 1043 5058 a
1060 4987 1278 5082 parentibus,
1298 4996 1464 5084 parentes
1481 4979 1603 5062 a'filiis
1632 4989 1782 5063 vidisses

152 5119 339 5200 mactatos,
371 5137 414 5186 ac
439 5113 581 5210 Tydeos
611 5111 691 5183 illos
717 5117 752 5183 et
779 5109 1022 5206 Menalippes,
1055 5133 1266 5206 mensasque
1293 5113 1394 5185 Atrei
1432 5113 1664 5187 meminisses.
1699 5114 1781 5186 Non

119 5243 121 5246 ’
152 5260 349 5334 exaggero,
369 5238 452 5333 quin
471 5237 541 5308 imo
558 5258 694 5320 vereor,
712 5258 757 5307 ne
773 5235 890 5306 verbis
904 5233 991 5307 meis
1008 5234 1141 5309 elevem
1158 5236 1393 5309 calamitatem
1412 5243 1486 5310 tam
1516 5245 1684 5321 atrocem,
1714 5259 1777 5308 an·
