4948 6672
895 837 1131 901 APPENDICES.
1760 829 1822 896 457

189 1041 295 1114 regno
309 983 481 1094 nonsunt
501 1021 727 1095 concedenda
757 1043 813 1108 ea,
835 1045 915 1116 quae
939 1017 1153 1094 schismatici
1180 1023 1303 1090 contra
1337 1015 1458 1088 divina
1487 1021 1524 1088 et
1553 1014 1710 1088 humana
1733 1011 1821 1109 jura

186 1138 319 1228 petunt.
353 1132 424 1207 Sed
436 1133 627 1207 imitandus
641 1134 709 1206 hae
722 1133 760 1205 in
769 1155 811 1205 re
825 1133 863 1206 S.
880 1132 1034 1205 Basilius
1048 1131 1108 1227 qui
1122 1129 1261 1225 roganti
1294 1127 1462 1222 praefecto
1488 1124 1648 1198 Valentis
1660 1125 1819 1220 impera-

185 1243 281 1325 toris,
303 1249 341 1314 ut
365 1245 515 1340 tempori
544 1252 721 1340 parceret,
741 1252 777 1318 et
803 1266 875 1316 non
895 1249 949 1315 tot
967 1241 1136 1316 ecclesias
1170 1245 1314 1335 propter
1348 1237 1552 1332 dogmatum
1588 1234 1819 1308 subtilitatem

185 1356 303 1427 vexari
316 1363 509 1449 pateretur,
529 1356 737 1452 respondit:
769 1360 815 1427 Se
827 1361 933 1444 prius
958 1377 1078 1426 omnes
1103 1360 1231 1425 mortis
1254 1358 1387 1441 species
1413 1355 1631 1432 subiturum,
1644 1373 1753 1442 quam
1778 1359 1819 1421 ut

183 1469 473 1537 adversariorum
508 1472 672 1556 petitioni
701 1470 949 1556 adquiesceret,
982 1468 1020 1534 ut
1053 1461 1175 1534 scribit
1212 1463 1457 1537 Theodoretus
1476 1462 1631 1558 (Hister.
1659 1461 1722 1536 lib.
1749 1459 1814 1546 IV,

184 1594 255 1666 cap.
275 1571 348 1668 17.)
364 1574 422 1647 Sic
439 1583 475 1648 et
489 1575 654 1649 Gelasius
672 1577 786 1671 Papa,
799 1576 836 1648 in
851 1573 1002 1670 epistola
1020 1572 1068 1645 ad
1081 1572 1328 1668 Euphemiam,
1348 1575 1483 1669 petenti
1496 1575 1678 1658 haeretico,
1700 1578 1739 1647 ut
1766 1572 1817 1646 eis

181 1685 489 1773 condescenderet,
504 1688 542 1760 id
567 1696 632 1773 est,
653 1687 786 1784 aliquid
804 1685 847 1760 de
865 1686 1040 1781 religione
1058 1683 1233 1768 catholica
1261 1687 1458 1760 remitteret
1473 1685 1571 1779 pacis
1589 1685 1719 1781 gratia,
1754 1705 1817 1756 ne·

181 1819 353 1893 quaquam
367 1821 552 1872 assensum
568 1801 732 1896 praebuit.
750 1800 826 1871 Hos
852 1807 984 1872 nostrae
1013 1797 1197 1893 religionis
1214 1806 1335 1893 patres
1364 1795 1572 1871 catholicam
1598 1799 1636 1870 in
1663 1796 1814 1870 Polonia

181 1908 386 2004 religionem
404 1912 552 2006 professi
565 1912 702 1986 nobiles
716 1934 758 1985 ac
771 1933 935 2006 proceres
949 1911 1081 1983 imitari
1094 1911 1236 1983 debent.

226 2020 306 2107 His,
338 2022 557 2118 probationis
587 2046 687 2118 ergo,
720 2045 784 2118 pro
818 2022 927 2095 unitis
947 2020 1123 2095 Rutheuis
1136 2021 1255 2092 allatis
1282 2022 1515 2116 argumentis,
1535 2021 1638 2095 renio
1656 2020 1702 2093 ad
1716 2020 1811 2094 solu·

179 2132 308 2205 tionem
325 2134 466 2208 illorum
480 2158 560 2230 quae
573 2134 610 2207 in
625 2134 781 2206 favorem
796 2133 1030 2206 disuuitorum
1046 2132 1255 2206 afferuntur.
1279 2133 1436 2213 Quorum
1454 2133 1491 2205 in
1509 2133 1632 2228 primis
1659 2133 1812 2207 occurrit

226 2245 386 2341 Objectio
404 2248 419 2318 l
440 2271 448 2318 :
477 2245 599 2342 Reges
620 2245 706 2318 daut
735 2268 799 2341 per
821 2243 1009 2340 privilegia
1030 2242 1096 2316 hos
1116 2245 1338 2341 episcopatus
1356 2247 1547 2333 unitorum,
1571 2245 1665 2342 quod
1681 2269 1754 2319 non
1771 2246 1811 2319 fit

179 2353 258 2427 dum
283 2355 414 2428 dautur
428 2356 532 2428 latini
549 2358 637 2430 ritus
668 2355 841 2452 episcopis
858 2356 1075 2428 nominatim.
1109 2356 1207 2452 Ergo
1231 2358 1371 2454 signum
1399 2361 1454 2432 est
1475 2381 1554 2432 esse
1573 2358 1665 2431 bona
1692 2359 1810 2453 reipu-

177 2465 289 2552 blicae,
306 2491 345 2540 ac
376 2469 525 2564 proinde
559 2477 709 2566 possunt
725 2467 874 2541 alienari
888 2469 963 2541 siue
981 2467 1152 2542 censuris.

222 2579 331 2673 Resp.
358 2581 389 2654 l.
412 2581 518 2654 Nunc
536 2605 609 2654 non
623 2581 701 2654 dari
718 2579 942 2677 privilegium
959 2579 1040 2667 tale,
1061 2579 1165 2675 quale
1179 2580 1284 2653 datur
1297 2606 1330 2656 v.
1348 2604 1385 2677 g.
1402 2605 1466 2677 pro
1490 2583 1716 2678 capitaneatu
1750 2589 1813 2656 aut

178 2689 245 2762 alio
276 2691 382 2763 simili
399 2692 622 2787 Reipublicae
641 2695 760 2779 bono;
783 2692 846 2764 sed
864 2690 942 2762 dari
959 2697 1097 2764 tantum
1116 2692 1427 2786 praesentationem
1458 2693 1705 2790 metropolitae,
1727 2703 1767 2769 ut
1792 2718 1815 2770 a

174 2803 270 2898 Papa
289 2805 454 2899 impetret
479 2805 704 2878 'collationem
722 2802 904 2888 beneficii;
925 2802 1006 2874 aliis
1035 2826 1120 2876 vcro
1154 2809 1194 2875 ut
1223 2827 1327 2877 asuo
1353 2806 1574 2900 metropolita
1617 2830 1696 2880 eam
1722 2808 1813 2881 obti-

172 2923 288 2988 neant.
310 2915 405 2989 Hinc
427 2925 579 3002 constat,
600 2940 664 3013 per
680 2916 753 2990 tale
769 2914 995 3012 privilegium
1012 2913 1176 2997 iudicari,
1196 2936 1267 2985 uon
1283 2924 1443 3010 spectare
1461 2916 1540 2991 haec
1560 2918 1655 2993 bona
1681 2919 1724 2991 ad
1743 2941 1811 2994 sae·

173 3026 341 3113 cularem,
358 3029 421 3101 sed
438 3029 485 3100 ad
498 3030 774 3104 ecclesiasticam
788 3035 1007 3122 potestatem
1024 3033 1059 3100 et
1072 3024 1372 3121 jurisdictionem.

215 3139 329 3237 Resp.
357 3143 393 3215 2.
420 3141 568 3215 Etiamsi
597 3133 786 3226 darentur,
805 3147 844 3213 ut
872 3139 954 3213 olim
979 3136 1212 3210 schismaticis
1234 3135 1422 3224 dabantur,
1446 3135 1483 3208 id
1506 3157 1578 3208 non
1601 3137 1811 3233 praejudicat

170 3251 296 3325 unitis:

218 3365 252 3436 1ο
280 3364 372 3445 Quia
403 3365 618 3438 schismatici
655 3366 700 3437 ob
730 3364 883 3437 schisma
918 3372 954 3438 et
976 3365 1142 3439 haeresim
1164 3365 1396 3460 perdiderunt
1426 3389 1531 3441 omne
1557 3367 1619 3463 jus
1648 3365 1697 3438 ad
1712 3365 1807 3438 bona

169 3476 432 3564 ecclesiastica;
456 3477 535 3551 ideo
566 3502 646 3550 cum
674 3485 758 3550 tunc
774 3499 845 3548 non
868 3483 987 3548 essent
1018 3477 1108 3548 uuiti
1127 3477 1254 3571 quibus
1282 3476 1346 3550 illa
1378 3478 1471 3551 tradi
1501 3483 1660 3572 possent,
1681 3499 1744 3550 rex
1771 3475 1802 3548 si

168 3611 233 3660 nou
247 3589 396 3686 dejure,
418 3597 454 3662 at
468 3590 589 3662 saltem
606 3588 649 3660 de
663 3589 769 3674 facto,
790 3587 985 3682 usurpabat
1002 3589 1123 3661 eadem
1137 3597 1173 3664 et
1189 3589 1345 3664 donabat
1358 3591 1415 3663 cui
1427 3591 1582 3676 volebat,
1599 3591 1802 3688 deprimens

167 3699 424 3773 schismaticos:
442 3707 480 3771 ut
493 3699 608 3771 innuit
624 3697 846 3770 Wladislaus
874 3698 1034 3771 Polouiae
1051 3707 1087 3772 et
1109 3701 1305 3794 Hungariae
1332 3724 1394 3775 rex
1414 3702 1659 3798 Jagellonides
1684 3703 1721 3776 in
1735 3724 1801 3776 suo

167 3810 354 3906 diplomate
375 3813 459 3884 'dato
477 3810 585 3883 unitis
603 3833 697 3882 auno
720 3811 826 3892 1442,
851 3816 885 3884 et
905 3811 1113 3884 confirmato
1134 3811 1180 3883 ab
1198 3811 1278 3884 aliis
1308 3814 1586 3900 successoribus,
1614 3827 1654 3886 ut
1679 3835 1800 3908 supra.

211 3923 247 3994 2⁰
274 3921 424 3994 Etiamsi
456 3922 507 3993 ita
531 3923 701 3996 darentur
731 3920 918 4016 privilegia
947 3946 1011 4017 pro
1035 3923 1293 4019 episcopatibus
1316 3927 1473 4009 Russiee,
1494 3925 1547 3999 uti
1569 3948 1634 4021 pro
1668 3926 1802 4019 capita·

168 4035 338 4119 reatibus,
359 4034 396 4105 id
412 4033 513 4106 fieret
530 4058 573 4108 ex
594 4055 763 4107 concessu
793 4055 1009 4106 summorum
1036 4036 1261 4120 Pontificum,
1283 4045 1321 4111 ut
1333 4038 1513 4113 haereticis
1544 4038 1608 4111 tali
1640 4036 1801 4134 exemplo

165 4155 284 4220 contra
319 4149 512 4221 catholicos
546 4148 739 4232 utentibus,
762 4146 915 4218 occurrit
951 4145 1189 4221 Bellarmiuus
1215 4149 1288 4246 (lib.
1325 4150 1354 4223 l.
1383 4150 1436 4224 De
1472 4150 1614 4224 Clericis
1643 4173 1721 4245 cap.
1759 4151 1796 4236 7,
1870 4243 1874 4252 Ι

165 4259 379 4354 respondens
397 4260 443 4330 ad
460 4266 708 4353 argumentum
739 4257 790 4351 9.)
803 4257 851 4326 At
864 4255 946 4326 hinc
969 4277 1038 4326 non
1067 4261 1225 4352 sequitur
1244 4262 1333 4333 bona
1349 4262 1588 4336 ecclesiastica
1614 4261 1798 4356 subjacere

165 4368 382 4464 dispositioni
414 4371 590 4455 saeculari,
621 4370 684 4441 sed
724 4375 860 4440 tanturn
903 4367 1178 4442 nominationem
1208 4394 1270 4445 seu
1297 4372 1504 4446 electionem
1532 4372 1794 4467 episcoporum;

165 4481 219 4574 qui
245 4491 365 4555 tamen
381 4505 496 4555 cuma
523 4481 622 4576 Papa
639 4480 818 4576 pendeant
834 4479 872 4549 in
890 4477 1048 4572 reliquis,
1070 4479 1151 4552 ideo
1186 4482 1231 4553 ab
1266 4483 1328 4555 illo
1354 4483 1508 4579 petenda
1525 4490 1580 4556 est
1614 4481 1795 4554 concessio

164 4609 281 4663 sarum
303 4616 420 4665 rerum
438 4616 526 4688 quas
554 4591 722 4664 affectant
738 4589 928 4664 non-uniti.
952 4590 1056 4662 Unde
1078 4591 1115 4664 S.
1136 4591 1359 4686 Augustinus
1373 4592 1535 4690 (epistola
1550 4593 1610 4689 48)
1627 4617 1705 4666 cum
1740 4616 1794 4667 re·

163 4704 405 4794 prehendisset
430 4703 635 4778 Donatistae
670 4703 871 4786 haereticos,
902 4701 996 4794 quod
1014 4701 1106 4796 apud
1134 4702 1383 4796 imperatorem
1413 4704 1658 4778 accusaverint
1678 4704 1794 4778 Caeci-

164 4811 306 4900 liauum,
318 4839 420 4912 quem
437 4819 554 4910 potius
571 4816 666 4912 apud
685 4815 867 4910 episcopos
880 4815 1136 4886 transmarinos
1150 4837 1319 4888 accusare
1337 4816 1555 4901 debuissent,
1576 4818 1627 4890 ait
1642 4818 1792 4913 impera·

164 4931 271 5001 torem
291 4929 487 5002 ordinatius
509 4929 639 5024 egisse,
659 4928 720 5022 qui
733 4926 939 4999 Donatistas
958 4923 1005 4996 ad
1023 4948 1062 4998 se
1079 4927 1262 4999 venientes
1279 4927 1416 5000 remisit
1442 4927 1674 5023 adjudicium
1700 4927 1791 5002 Mel·

162 5033 294 5110 chiadis
336 5038 489 5112 Romani
538 5039 735 5111 Pontificis.
766 5039 812 5110 Et
850 5039 1001 5131 Optatus
1036 5037 1108 5132 (lib.
1151 5040 1166 5110 1
1200 5038 1330 5110 Contra
1360 5037 1649 5136 Parmenianum)
1684 5039 1792 5113 refert

163 5145 427 5223 Constantinum
465 5173 562 5246 aegre
579 5151 715 5235 tulisse,
736 5149 819 5221 dum
838 5148 1035 5220 Donatistae
1058 5147 1103 5219 ad
1122 5170 1161 5222 se
1178 5149 1412 5243 appellarent.
1435 5150 1533 5230 Quos
1546 5172 1625 5222 cum
1648 5154 1790 5222 coactus

158 5279 281 5346 ⁸eorum
315 5245 581 5360 importunitate
617 5262 827 5358 judicasset,
859 5262 896 5332 id
939 5261 1022 5334 fecit
1052 5260 1117 5334 sub
1165 5259 1414 5338 ratihabitione
1450 5249 1642 5340 consensus
1657 5262 1789 5428 58futuri
