4930 6634
669 782 730 846 306
1059 777 1336 840 LlTUANlChRUM
1359 775 1679 837 SOCIETATISJESU
1705 773 1956 836 lllSTORlARUll

499 976 564 1031 1632
676 967 794 1040 omnia
811 966 848 1038 in
879 963 1048 1038 Lituania
1081 970 1117 1036 et
1147 959 1299 1034 Polonia
1316 957 1502 1031 Societatis
1531 956 1708 1029 domicilia
1725 956 1781 1052 pie
1806 979 1847 1030 ac
1877 979 1942 1052 pro
1973 959 2147 1054 dignitate
2165 962 2300 1034 soluta.

498 1074 624 1207 uinclum
718 1089 838 1162 Piusci
852 1090 888 1161 in
906 1088 1046 1162 Polesia
1068 1084 1194 1169 Sociis,
1210 1087 1286 1181 jam
1299 1083 1359 1154 diu
1378 1082 1426 1153 ibi
1441 1081 1661 1166 desideratis,
1679 1081 1857 1154 conditum
1871 1083 1940 1154 hoc
1961 1106 2054 1156 anno
2073 1085 2301 1161 domicilium.

498 1233 647 1288 introducit
669 1213 735 1285 Est
747 1236 791 1286 ea
808 1212 981 1286 Lituaniae
1003 1210 1103 1305 regio
1117 1210 1211 1280 intra
1227 1204 1427 1278 latitudiuis
1444 1203 1578 1298 gradus
1605 1203 1654 1278 52
1670 1211 1706 1276 et
1722 1205 1784 1294 53,
1800 1205 2033 1300 longitudinis
2045 1207 2094 1280 48
2117 1213 2152 1280 et
2167 1209 2226 1280 49.
2248 1209 2308 1304 Ab,

498 1311 618 1446 Ἢ,
671 1335 808 1408 oriente
837 1342 973 1430 spectat
1009 1331 1190 1414 Russiam‚
1223 1329 1428 1401 Volhiniam
1463 1351 1485 1400 a
1516 1329 1677 1412 meridie,
1715 1331 1760 1402 ab
1792 1331 1972 1404 occidente
2013 1333 2301 1431 Subsylvaniam,

497 1408 616 1525 deivll-
672 1459 875 1532 Litnaniam
904 1480 927 1529 a
956 1453 1278 1552 septemtrionibus.
1309 1452 1515 1549 SylvestriS,
1547 1453 1737 1538 lacunosa,
1771 1454 1943 1550 paludosa
1971 1457 2178 1552 insigniter;
2203 1460 2304 1534 lerax

497 1549 646 1695 ffiggpgo
670 1583 898 1656 nihilominus
915 1581 1057 1675 frugum
1076 1587 1111 1653 et
1128 1578 1256 1662 mellis,
1277 1577 1463 1672 fluviisque
1480 1577 1667 1651 abundans
1686 1580 1892 1673 pisculentis
1910 1581 2060 1676 triginta
2080 1590 2115 1654 et
2128 1583 2301 1678 amplius;

496 1704 622 1774 regionis.
667 1708 760 1781 inter
778 1729 865 1801 quos
882 1705 987 1789 Pina,
1006 1703 1185 1799 Pripetius
1203 1709 1238 1776 et
1260 1702 1386 1798 Styrus
1403 1701 1595 1775 nobiliores
1615 1711 1714 1788 sunt;
1734 1704 1773 1774 hi
1795 1726 1913 1775 secum
1928 1706 2118 1800 conjuncti,
2139 1707 2304 1805 auctique

667 1831 870 1904 fluminibus
887 1829 982 1914 aliis,
1013 1850 1082 1900 uno
1105 1827 1203 1899 alveo
1220 1827 1258 1898 in
1286 1827 1559 1923 Borysthenem,
1579 1850 1658 1906 cum
1674 1828 1741 1898 hoc
1769 1827 1805 1898 in
1837 1827 1992 1901 Pontum
2009 1829 2189 1903 Euxinum
2206 1833 2302 1905 evol-

669 1964 809 2028 vuntur.
834 1955 944 2040 Gens,
969 1952 998 2025 si
1016 1974 1162 2048 paucae,
1183 1973 1310 2045 easque
1336 1950 1528 2023 nobiliores
1558 1951 1711 2024 familias
1737 1953 1907 2048 excipias,
1929 1954 2059 2026 inculta
2084 1956 2180 2042 olim,
2202 1957 2305 2030 Grae-

495 2076 645 2172 uolucres
667 2077 799 2152 canicis
840 2077 961 2151 Photii
991 2076 1170 2149 erroribus
1201 2075 1361 2160 seducta,
1398 2075 1577 2148 veteribus
1604 2076 1750 2171 insuper
1780 2076 1964 2170 gentilium
1992 2101 2135 2150 suorum
2170 2081 2306 2153 imbuta

494 2161 593 2271 gratu.
667 2203 989 2300 superstitionibus
1006 2199 1216 2273 catholicam
1225 2199 1447 2294 religionem,
1464 2201 1610 2294 ejusque
1624 2200 1727 2285 ritus,
1739 2223 1814 2294 prae
1827 2201 2029 2275 talmudicis
2043 2204 2303 2277 etiamludaeo-

668 2353 747 2401 rum
764 2328 893 2423 opinis,
916 2334 949 2398 et
975 2324 1074 2397 tricis
1104 2325 1348 2407 Ethnicomm,
1378 2324 1639 2408 contemnebat,
1661 2324 1821 2420 adeoque
1850 2328 2080 2401 aversabatur
2106 2328 2203 2414 olim,
2224 2337 2263 2401 ut
2282 2353 2306 2402 a

668 2453 852 2528 catholicis
871 2453 916 2526 ad
931 2474 1015 2523 suos
1034 2450 1123 2522 ritus
1141 2450 1322 2544 perfugas,
1342 2449 1489 2544 perinde
1508 2449 1595 2521 acsi
1614 2448 1722 2521 nullis
1749 2448 1800 2521 illi
1818 2449 1935 2523 forent
1952 2451 2156 2526 christianis
2173 2452 2304 2526 initiati

668 2577 848 2676 mysteriis
866 2634 874 2662 ,
895 2599 1018 2649 rursus
1036 2597 1098 2647 eos
1114 2574 1271 2646 lustricis
1290 2573 1451 2690 baptismi
1467 2574 1631 2646 lavarent
1657 2575 1783 2668 aquis;
1805 2575 1923 2668 itaque
1935 2575 2079 2658 tinctus,
2096 2599 2140 2650 ex
2154 2577 2305 2650 istorum

668 2701 981 2798 Anabaptistarum
1014 2699 1235 2793 praescripto,
1265 2698 1429 2770 Romana
1469 2698 1628 2793 ejurabat
1663 2721 1800 2771 sacra:
1835 2700 2069 2772 execrabatur
2116 2701 2305 2776 sabbatica

668 2825 921 2900 catholicorum
933 2825 1085 2920 Jejunia,
1112 2830 1147 2894 et
1172 2846 1299 2919 panem
1319 2822 1442 2894 altaris
1458 2845 1641 2919 azymum:
1663 2829 1772 2916 caput
1790 2822 1974 2906 Ecclesiae,
1992 2825 2089 2897 Petri
2115 2825 2301 2914 vicarium,

670 2950 756 3024 diris
774 2949 987 3025 carminibus
1004 2947 1206 3021 devotabat.
1237 2945 1367 3019 Schola
1384 2946 1612 3019 instituendae
1625 2946 1803 3041 juventuti
1821 2947 1916 3042 apud
1934 2971 1995 3020 eos
2014 2949 2125 3022 nulla.
2147 2951 2306 3049 Presby-

668 3078 738 3151 teri
752 3077 819 3160 sui,
840 3099 929 3170 quos
948 3097 1059 3171 pupas
1083 3079 1222 3158 vocant,
1249 3071 1449 3144 aratoribus
1479 3072 1654 3156 rudiores
1675 3073 1950 3168 contemptiores
1970 3075 2140 3150 subulcis.
2163 3078 2203 3149 ln
2221 3079 2305 3150 uni·

670 3224 775 3274 versa
788 3199 931 3282 Polesia
947 3198 1078 3295 templa
1103 3197 1358 3272 catholicorum
1373 3195 1443 3266 duo
1457 3204 1560 3268 eraut
1577 3218 1649 3268 uon
1666 3195 1830 3290 amplius;
1848 3197 1883 3268 iu
1899 3197 2018 3292 eisque
2033 3199 2120 3294 ipsis
2135 3199 2304 3274 solitudo.

670 3325 843 3398 Visebant
860 3324 1037 3397 desertam
1067 3322 1220 3417 undique
1250 3321 1433 3416 regionem
1463 3320 1640 3391 interdum
1661 3320 1793 3392 Sociie
1818 3320 2000 3394 Brestensi
2033 3324 2136 3408 aliaS,
2166 3325 2257 3398 alias
2286 3352 2308 3402 e

670 3449 912 3532 Luceoriensi,
930 3446 1101 3542 collegiis.
1119 3445 1233 3520 Statio
1258 3445 1330 3516 fixa
1357 3451 1434 3516 erat
1450 3443 1566 3515 adhuc
1583 3443 1693 3516 nulla.
1716 3445 1952 3540 Praeparabat
1968 3446 2061 3520 hanc
2083 3449 2224 3542 quidem
2240 3451 2305 3523 tri-

672 3573 788 3644 bunus
804 3571 1010 3643 Piuscensis
1040 3569 1208 3642 Nicolaus
1234 3568 1415 3652 Jelshius;
1441 3568 1633 3663 assignatis
1648 3575 1724 3640 tum
1754 3568 1831 3640 aede
1857 3589 1922 3692 siga
1939 3570 1974 3640 in
2000 3572 2098 3644 urbis
2116 3573 2204 3659 foro,
2229 3581 2309 3647 tum

674 3696 772 3782 sanc,
790 3703 990 3770 constructo
1005 3717 1027 3768 a
1045 3717 1083 3767 se
1100 3717 1213 3789 nuper
1241 3693 1436 3765 honoribus
1469 3692 1542 3764 divi
1572 3692 1720 3788 Georgii
1749 3693 1916 3789 martyris
1943 3695 1981 3767 in
2007 3697 2190 3782 suburbio,
2222 3707 2307 3772 octo

671 3845 851 3895 nummum
870 3821 1079 3892 nostratium
1093 3818 1267 3904 millibus;
1300 3818 1363 3890 sed
1381 3817 1478 3913 pium
1495 3817 1562 3889 viri
1589 3817 1774 3891 consilium
1792 3818 1952 3912 praecidit
1981 3843 2078 3892 mors
2097 3822 2302 3896 immatura.

672 3947 881 4020 Meditatam
900 3967 988 4028 rem,
1011 3944 1136 4039 etjam
1161 3965 1183 4015 a
1207 3941 1357 4016 Nicolao
1378 3949 1555 4037 utcunque
1586 3943 1801 4028 inchoatam,
1827 3945 1985 4017 relictam
2011 3946 2082 4018 sibi
2098 3955 2195 4020 ratus
2229 3972 2305 4021 ma-

672 4095 764 4167 gnus
796 4069 973 4144 Lituauiae
999 4066 1244 4158 cancellarius,
1273 4067 1519 4140 Piuscensium
1545 4068 1637 4141 idem
1666 4067 1873 4163 praelectus,
1903 4067 2072 4142 Albertns
2102 4069 2307 4145 Stauislaus

671 4195 873 4270 Radivillus
886 4195 942 4267 sui
959 4194 1042 4267 fecit
1058 4193 1205 4288 negotii.
1222 4193 1339 4288 Hujus
1353 4193 1503 4266 invitatu
1517 4194 1586 4264 duo
1601 4193 1739 4278 Patres,
1760 4191 1929 4265 Albertus
1952 4193 2121 4267 Plockius
2139 4204 2175 4270 ct
2194 4197 2306 4269 Ladi-

672 4321 766 4394 slaus
793 4320 1098 4415 Stempkovskius‚
1126 4318 1163 4391 in
1195 4317 1422 4402 domicilium,
1455 4341 1477 4392 a
1507 4317 1656 4390 Nicolao
1678 4317 1921 4412 praelocatum‚
1951 4319 2000 4391 Vl
2029 4319 2107 4402 idus
2139 4320 2307 4396 octobres

671 4443 882 4516 introducti:
917 4443 973 4515 his
1003 4443 1115 4515 additi
1149 4442 1218 4513 duo
1250 4465 1395 4536 operum
1422 4441 1627 4513 salutarium
1663 4442 1856 4536 adjutores.
1886 4442 1975 4522 Quia
2001 4443 2170 4538 templum
2205 4445 2310 4520 beati

672 4569 818 4663 Georgii
842 4567 984 4662 longius
1027 4591 1049 4640 a
1073 4568 1176 4640 tectis
1209 4565 1378 4639 domicilii
1407 4567 1555 4652 aberat,
1585 4575 1824 4640 constructum
1860 4568 1897 4639 in
1927 4590 2012 4640 area
2035 4567 2159 4641 domus
2189 4573 2309 4645 sacel-

669 4693 754 4766 lum.
778 4693 855 4764 Duo
878 4692 925 4764 ad
942 4715 1102 4788 paganos
1121 4693 1355 4766 excurrebant
1378 4716 1386 4763 :
1408 4690 1478 4762 duo
1496 4691 1532 4762 in
1562 4690 1706 4782 civitate
1731 4693 1884 4787 agebant
1914 4692 2097 4766 catholicae
2115 4693 2309 4790 religionis

671 4817 857 4914 oppidanis
883 4817 1057 4912 magistri.

526 5018 532 5032 ,
566 4937 600 5030 10,
719 4940 858 5013 Eximia
873 4964 935 5036 spe
953 4938 1173 5024 adolescens,
1189 4938 1299 5012 nobili
1318 4961 1449 5034 genere
1463 4939 1499 5009 in
1512 4939 1694 5033 provincia
1710 4938 1933 5012 Vitebscensi
1948 4948 2160 5028 natus‚anno
2174 4943 2309 5021 salutis

497 5017 603 5152 ἓξὲξ
672 5066 778 5150 1617,
803 5067 921 5142 etatis
939 5090 1013 5139 suae
1036 5072 1136 5138 sexto
1154 5087 1262 5159 supra
1276 5064 1448 5137 decimum
1466 5063 1501 5134 iu
1521 5062 1732 5136 Societatem
1759 5072 1937 5162 acceptus
1967 5067 2136 5140 Nicolaus
2159 5068 2309 5146 Kmicic

496 5174 625 5242 elogium.
670 5189 879 5264 eourriculo
898 5190 1004 5262 studii
1028 5188 1216 5284 theologici
1236 5197 1349 5262 morte
1375 5187 1567 5260 subductus
1586 5186 1715 5258 Vilnae.
1736 5186 1900 5260 Pulchrae
1917 5190 2080 5285 laetaeque
2099 5191 2226 5264 indolis
2239 5195 2308 5288 ju·
