4936 6658
787 1373 1005 1456 RELIQUA
1028 1373 1259 1457 RELIQUIS
1276 1377 1433 1453 HUJUS
1452 1375 1640 1452 SAEOULI
1660 1376 1841 1454 NOSTRI
1860 1379 2011 1456 ANNIS
2029 1381 2198 1458 GESTA.

1300 1671 1724 1728 -zxwmvr-

501 1964 565 2026 1561

780 2127 879 2225 plere
902 2149 1004 2200 suum
1033 2125 1165 2209 debuit,
1192 2124 1287 2197 vices
1317 2123 1444 2198 deinde
1462 2147 1545 2198 suas
1568 2125 1707 2198 fortuna
1725 2124 1931 2200 clementius
1948 2127 2122 2205 variante.
2154 2131 2236 2204 lam
2254 2155 2299 2204 ex

676 2019 870 2280 Furnos
888 2000 934 2073 ad
952 2000 1102 2074 salutem
1127 1997 1335 2094 reipublice
1366 2020 1516 2093 regnum
1546 1997 1697 2073 Joannis
1716 1998 1878 2074 casimiri
1906 2008 2044 2100 tempus
2074 2005 2217 2079 omnino
2238 2027 2299 2080 ax·

779 2254 872 2328 omui
889 2252 1044 2328 hostium
1069 2269 1214 2340 numero
1233 2250 1301 2345 ipsi
1317 2250 1391 2324 sere
1408 2251 1634 2325 Moschorum
1654 2251 1828 2326 exercitus
1847 2251 2073 2348 superabant,
2093 2275 2113 2326 e
2131 2253 2298 2328 Lituonia

501 2333 598 2470 anob
613 2410 649 2467 ci·
675 2385 711 2454 et
728 2379 862 2454 Russia
888 2377 1059 2451 Polonica
1084 2374 1280 2450 amovendi.
1301 2374 1417 2470 Atque
1434 2399 1514 2449 cum
1530 2375 1586 2448 his
1608 2375 1750 2472 quidem
1768 2397 1863 2470 saepe
1889 2385 2084 2472 pugnatum
2101 2400 2295 2475 prospcrc;

500 2491 575 2549 '³¹⁰³-
674 2504 956 2599 debellatumque
967 2503 1044 2598 jam
1060 2499 1166 2574 hodie
1187 2501 1325 2587 suisset,
1351 2500 1421 2573 nisi
1440 2499 1628 2586 discordia,
1648 2508 1795 2596 repente
1813 2501 1906 2576 inter
1923 2502 2019 2576 cives
2032 2509 2167 2588 coorta,
2186 2503 2298 2576 facta·

674 2653 744 2726 que
771 2653 794 2704 a
827 2651 912 2724 rege
931 2626 1096 2708 secessio,
1116 2624 1289 2698 bonorum
1306 2624 1454 2698 consilia
1480 2625 1605 2698 ducum
1623 2633 1840 2721 conatusque
1857 2625 2012 2720 reliquos
2037 2625 2293 2721 praecidissent.

675 2753 801 2829 Causae
818 2752 934 2828 civilis
961 2749 1109 2835 dissidii,
1131 2771 1218 2844 quas
1238 2748 1364 2820 suisio
1381 2726 1574 2824 'sunalbus
1601 2758 1849 2838 commemorat
1865 2752 2070 2826 Kochovius
2099 2752 2147 2849 (ι),
2168 2761 2295 2826 erant:

674 2881 857 2958 consilium
874 2878 984 2974 regis,
1014 2878 1052 2950 in
1069 2874 1220 2950 comitiis
1237 2875 1344 2948 etiam
1374 2874 1600 2968 generalibus
1617 2876 1847 2972 propositum,
1875 2877 1919 2951 de
1944 2877 2099 2953 muneris
2122 2876 2176 2949 sui
2206 2875 2298 2971 regii

676 3007 848 3103 adjutore,
869 3005 1008 3100 quicum
1025 3022 1228 3077 communes
1245 3000 1313 3072 sibi
1329 2997 1445 3072 forent
1473 3000 1624 3096 publicae
1649 3001 1701 3074 rei
1719 3025 1827 3087 curae,
1855 3002 1939 3074 dum
1955 3001 2031 3098 ipse
2047 3000 2183 3074 viveret
2198 2999 2299 3094 vige-

673 3139 808 3230 retquc,
829 3132 990 3226 idemque
1006 3134 1145 3202 mortuo
1163 3125 1229 3199 sibi
1247 3122 1412 3198 inlocum
1430 3125 1646 3210 succederet,
1679 3127 1906 3222 providenter
1922 3126 1984 3198 illo
2002 3133 2206 3220 matureque
2229 3123 2297 3198 eli-

674 3255 813 3354 gendo,
847 3277 886 3330 se
912 3253 1085 3348 tantisper
1114 3247 1319 3323 inclinatam
1351 3249 1545 3324 sustinente
1573 3249 1845 3344 rempublicam:
1878 3255 2052 3347 praeterea
2081 3251 2298 3324 exhaustum

673 3383 782 3478 regiis
796 3379 1048 3476 largitionibus
1066 3383 1101 3449 et
1127 3372 1303 3451 solvendis
1329 3371 1511 3467 stipendiis
1541 3373 1726 3459 aerarium3
1747 3371 1898 3469 indeque
1923 3372 2116 3446 adulterini
2143 3397 2188 3448 ex
2203 3396 2302 3446 nora

674 3513 817 3579 moneta
829 3503 963 3578 nummi
975 3503 1025 3599 (a),
1047 3499 1169 3596 cuprei
1181 3497 1246 3580 illi,
1262 3496 1368 3570 invisi
1380 3496 1496 3570 adhuc
1513 3496 1612 3595 genti
1630 3519 1717 3583 suae,
1737 3496 1905 3571 trientes:
1927 3497 2068 3572 dirutus
2082 3521 2154 3572 aere
2171 3497 2301 3571 miles:

674 3632 810 3728 reginae
844 3628 994 3723 denique
1027 3623 1185 3710 ambiti0,
1219 3629 1255 3695 et
1288 3621 1408 3694 nescio
1438 3645 1518 3717 quae
1538 3620 1753 3693 machinatio
1782 3621 1982 3716 perniciosa
2009 3622 2150 3719 juribus
2180 3623 2304 3716 gentis

673 3756 818 3832 liberae·
842 3754 909 3827 His
941 3751 1042 3846 quasi
1071 3748 1205 3824 facibus
1235 3746 1411 3842 principes
1440 3743 1603 3820 factionis
1632 3751 1668 3818 et
1692 3753 1864 3841 pertaesos
1893 3745 2070 3820 diutumae
2087 3745 2306 3820 calamitatis

675 3861 782 3966 cives,
803 3884 1060 3976 proptereaque
1091 3895 1219 3947 exosos
1245 3869 1421 3942 fortunam
1447 3868 1556 3964 regis,
1577 3853 1752 3968 ettfideles
1783 3871 1915 3965 pariter
1931 3871 2112 3945 ministros
2130 3871 2307 3968 principis

674 4001 722 4074 ad
752 4000 984 4078 secessionem
1018 4004 1054 4071 et
1074 3995 1198 4070 turbas
1229 3992 1506 4067 inflammarunt.
1545 3990 1660 4070 Quam
1690 3991 1985 4085 conspirationem
2014 3991 2156 4065 nominc
2185 3989 2307 4064 civilis

674 4150 788 4202 nexus
816 4126 1007 4198 honestant
1034 4119 1207 4194 historici.
1239 4116 1297 4190 ad
1325 4115 1512 4210 sexaginta
1533 4113 1684 4208 amplius
1701 4113 1813 4186 millia
1833 4114 1933 4187 brevi
1949 4115 2122 4188 conflatus
2137 4115 2307 4209 conjura·

568 4267 574 4282 ·
677 4260 794 4328 torum
811 4251 998 4336 exercitus,
1018 4243 1320 4343 isquegeminus:
1341 4240 1433 4314 altor
1448 4241 1485 4312 in
1512 4239 1674 4324 Polonia‚
1703 4239 1741 4310 in
1758 4238 1925 4312 Lituania
1942 4237 2051 4324 altcr;
2072 4262 2151 4313 cum
2175 4261 2306 4334 regern
2449 4325 2450 4328 Ἴ

677 4380 878 4479 Stephanus
913 4372 1146 4450 Ozamechius
1172 4367 1328 4454 Russiae,
1365 4373 1400 4441 et
1429 4364 1572 4438 Paulus⁴
1593 4363 1746 4461 Sapieha
1775 4357 2013 4451 Vilnensium,
2041 4363 2199 4461 palatini,
2228 4388 2305 4438 non
2449 4343 2450 4346 ¹

632 4555 636 4564 ·
673 4507 827 4582 maximo
844 4499 1051 4602 quidem'illi
1069 4493 1249 4594 praesidio,
1266 4490 1459 4565 satellitum
1485 4489 1618 4563 scilicet
1644 4489 1760 4562 minus
1776 4497 1925 4585 quatuor
1938 4488 2107 4574 millibus,
2128 4487 2192 4562 sed
2220 4487 2306 4560 vir-

674 4640 750 4708 tute
763 4638 799 4708 et
815 4630 885 4704 fide
903 4627 1083 4726 praecipua
1096 4626 1292 4696 tuerentur.
1311 4615 1378 4689 His
1397 4615 1583 4690 comitatus
1601 4638 1676 4702 rex,
1701 4615 1987 4710 aliquotdeinde
2004 4623 2129 4690 auctus
2146 4615 2306 4687 cohorti-

675 4763 754 4849 bus,
775 4757 964 4833 exturbare
981 4752 1119 4827 hostem
1139 4769 1184 4822 ex
1201 4741 1351 4841 oppidis,
1368 4749 1404 4815 et
1422 4741 1658 4814 intermissam
1682 4743 1845 4839 persequi
1860 4731 2056 4816 victoriam.
2077 4740 2309 4837 Resipiscere

676 4885 825 4966 subinde
854 4877 1041 4976 conjurati,
1062 4881 1098 4949 et
1119 4873 1156 4944 in
1187 4871 1341 4965 gratiam
1363 4867 1530 4965 principis
1559 4867 1733 4963 fidemque
1758 4868 1887 4944 redire:
1917 4871 2030 4949 Quam
2060 4867 2120 4942 diu
2144 4891 2202 4942 res
2220 4891 2307 4942 cum
2448 4915 2449 4982 q

674 5015 790 5096 hoste,
808 5010 845 5081 in
863 5005 941 5081 acie
959 4999 1123 5086 maxime,
1143 5003 1218 5068 tam
1235 4995 1296 5067 diu
1313 4992 1366 5066 illi
1383 4993 1529 5066 ducibus
1555 4993 1630 5066 suis
1644 4994 1895 5089 obsequentes:
1916 4992 2005 5068 alias
2023 5016 2046 5066 a
2062 5017 2147 5090 rege
2165 4993 2303 5080 aversi,

672 5159 786 5234 neque
802 5135 896 5208 inter
913 5153 951 5204 se
966 5121 1245 5202 concordissimi.
1261 5121 1432 5218 Receptae
1445 5120 1536 5194 inter
1548 5120 1627 5194 haec
1642 5119 1748 5193 urbes
1762 5119 1971 5207 Lituanicae,
1987 5119 2025 5192 in
2038 5118 2159 5216 primis
2173 5115 2304 5193 Vilna.

712 5273 761 5360 (t)
783 5273 912 5336 Climact.
930 5269 959 5340 Ξ,
972 5263 1024 5332 lib.
1039 5262 1100 5326 Vll.
1117 5293 1159 5308 -
1171 5256 1220 5342 (t)
1245 5255 1373 5322 huctoro
1388 5259 1526 5334 Tymphio
1540 5264 1660 5323 monete
1674 5261 1817 5336 prefecto.
