4896 6650
677 814 718 880 82
1046 817 1321 881 Ll'fUANlellUll
1343 818 1556 882 SOCIETATlS
1577 820 1663 881 JESU
1685 816 1938 880 fllsroslnuuu

586 1001 651 1060 1⁵⁷9
679 999 989 1098 «lustrandasque
1016 1002 1156 1077 Svirum
1183 1000 1425 1089 discessimus;
1455 1027 1523 1098 quo
1539 1002 1679 1097 quidem
1695 1003 1731 1074 in
1755 1002 1834 1076 loeo
1851 1001 1959 1074 multa
1987 1024 2053 1074 nos
2075 1001 2296 1097 diligensque

679 1153 695 1184 ι
717 1124 924 1200 deliberatio
957 1129 1082 1214 tenuit,
1103 1151 1269 1222 quorsum
1299 1151 1362 1200 nos
1391 1127 1608 1221 potissimum
1627 1151 1705 1198 eum
1730 1126 1941 1200 exercitibus
1959 1126 2088 1198 nostris
2106 1127 2142 1198 in
2160 1126 2299 1200 hostem

678 1279 695 1310 a
717 1252 967 1340 conferremus,
988 1253 1139 1348 quidque
1172 1254 1378 1338 rectissime,
1405 1259 1441 1326 et
1469 1276 1572 1347 quam
1603 1253 1758 1324 maxima
1789 1277 1866 1326 cum
1895 1252 2046 1326 utilitate
2077 1251 2298 1347 Reipublicae

677 1404 693 1434 a
714 1376 817 1449 nobis
831 1385 913 1451 ante
933 1380 1052 1452 omnia
1068 1378 1161 1451 bello
1178 1377 1458 1474 aggrediendum
1473 1385 1574 1450 esset.
1598 1377 1720 1450 Rebus
1745 1400 1828 1449 vero
1855 1377 2016 1449 omnibus
2034 1377 2069 1448 in
2097 1385 2297 1450 accuratam

678 1529 693 1560 a
721 1501 1038 1576 considerationem
1052 1503 1199 1588 vocatis,
1216 1525 1260 1575 ex
1271 1501 1404 1596 judicio
1433 1508 1468 1573 et
1494 1508 1696 1574 senatorum
1714 1508 1914 1572 nostrorum
1939 1507 1974 1572 et
2003 1499 2153 1572 aliorum
2171 1499 2297 1572 milita·

677 1654 693 1684 a
715 1625 804 1698 rium
832 1627 1002 1712 virorum,
1024 1627 1082 1722 qui
1108 1627 1211 1699 nobis
1228 1615 1390 1710 aderant,
1412 1648 1490 1698 eam
1517 1626 1660 1699 tandem
1678 1627 1715 1697 in
1733 1626 1945 1700 sententiam
1977 1625 2234 1710 descendimus
2261 1631 2299 1697 ut

676 1777 692 1809 κ
713 1749 862 1845 primam
876 1774 1053 1824 armorum
1072 1758 1273 1824 nostrorum
1298 1749 1369 1822 vim
1388 1747 1433 1821 ad
1459 1749 1638 1822 Polociam
1653 1750 1921 1845 oppugnandam
1956 1749 2109 1822 conferri
2135 1755 2299 1844 oportere

676 1873 1000 1948 «concluderemus
1030 1899 1037 1946 :
1067 1874 1160 1968 quod
1189 1873 1328 1968 quidem
1360 1895 1403 1945 ea
1425 1895 1489 1944 err
1519 1873 1711 1946 cervicibus
1733 1873 1783 1945 M.
1807 1874 1955 1945 ducatus
1985 1874 2098 1946 nostri
2122 1873 2299 1946 Lituaniae

676 2025 692 2057 κ
713 2005 818 2091 atque
832 1998 920 2073 adeo
939 2000 1008 2094 ipsi
1021 1999 1154 2071 civitati
1173 2006 1304 2071 nostrae
1316 1996 1493 2082 Vilnensi,
1515 1997 1613 2069 nulla
1631 1997 1702 2070 elia
1715 1997 1870 2071 firmiore
1888 1997 2081 2070 munitione
2095 1997 2296 2093 interiecta,

675 2153 691 2184 a
712 2123 932 2210 immineret;
975 2149 1019 2198 ex
1049 2148 1115 2220 qua
1142 2125 1243 2197 nobis
1273 2125 1310 2196 in
1326 2122 1407 2195 aliis
1436 2123 1682 2196 remotioribus
1711 2124 1814 2219 regni
1842 2123 1930 2196 locis
1960 2125 2152 2220 occupatis,
2173 2125 2293 2198 oblata

675 2277 691 2308 a
713 2249 910 2335 occasione,
927 2272 1097 2322 summam
1110 2272 1181 2321 non
1194 2248 1298 2320 modo
1313 2246 1488 2320 Lituaniae
1502 2247 1722 2342 diripiendae,
1743 2247 1805 2321 sed
1820 2247 1937 2320 Vilnee
1959 2248 2065 2322 etiam
2079 2248 2297 2332 adoriendae,

674 2371 911 2468 «facultatem
942 2372 1055 2445 hostis
1084 2372 1269 2445 habiturus
1300 2371 1491 2443 videretur.
1522 2372 1739 2446 Faciendum
1765 2378 1939 2466 praeterea
1967 2373 2166 2446 necessario
2193 2372 2297 2444 nobis

674 2525 690 2556 u
711 2495 824 2568 visum
843 2503 911 2582 est,
937 2503 986 2581 ut,
1007 2519 1086 2568 cum
1102 2495 1232 2569 bellum
1249 2496 1316 2567 hoe
1345 2516 1417 2566 non
1446 2494 1549 2565 modo
1567 2497 1685 2567 rerum
1703 2496 1896 2567 communis
1915 2493 2135 2589 Reipublicae
2152 2516 2297 2590 recupe-

675 2649 691 2681 κ
711 2619 903 2692 randarum
932 2642 1050 2707 causa,
1084 2620 1148 2692 sed
1176 2617 1287 2692 hostis
1319 2617 1425 2690 etiam
1461 2639 1566 2711 quam
1595 2617 1802 2713 longissime
1832 2619 2049 2701 removendi,
2081 2619 2297 2714 graviusque

676 2773 691 2804 κ
714 2744 897 2817 coercendi
927 2744 1042 2840 gratia
1059 2750 1257 2839 susceptum
1274 2742 1483 2827 habeamus;
1504 2741 1785 2837 expeditionibus
1797 2743 1940 2828 nostris,
1956 2744 1992 2815 in
2006 2743 2062 2816 his
2077 2743 2298 2837 potissimum

673 2897 688 2928 a
710 2868 928 2963 regionibus,
944 2869 1098 2940 maxima
1111 2868 1195 2940 anni
1213 2873 1326 2963 parte,
1342 2876 1403 2942 aut
1416 2868 1608 2964 frigoribus
1626 2869 1845 2964 gravissimis
1864 2876 1925 2943 aut
1941 2869 2109 2942 imbribus
2127 2869 2294 2956 assiduis

672 3022 688 3053 a
710 2994 846 3068 milities
862 2995 1013 3078 infestis,
1033 3002 1108 3069 tum
1126 3018 1264 3089 quoque
1294 2996 1338 3068 ob
1363 2996 1563 3069 vastitatem
1582 2993 1806 3082 difficillimis,
1826 2995 2111 3092 propinquiorem
2141 2995 2297 3090 aliquam

673 3147 689 3178 u
710 3117 842 3204 sedem,
863 3125 899 3192 et
916 3117 1017 3213 quasi
1034 3117 1221 3206 officinam,
1243 3141 1346 3214 quam
1365 3119 1443 3215 ipsa
1460 3119 1565 3191 Vilna
1591 3126 1694 3204 esset,
1716 3141 1980 3215 comparemus;
2000 3142 2044 3192 ex
2063 3141 2134 3213 qua
2154 3121 2298 3214 quidem

671 3271 687 3302 α
709 3242 848 3317 officina
874 3266 980 3339 quam
1002 3243 1153 3316 maxime
1182 3243 1361 3339 integrum
1379 3251 1626 3339 recentemque
1655 3243 1795 3340 penitus
1819 3245 1855 3316 in
1878 3243 1992 3317 solum
2021 3244 2149 3318 hostile
2168 3243 2299 3318 ducere

672 3397 688 3428 κ
709 3367 854 3442 militem
874 3375 909 3440 et
936 3368 1021 3442 belli
1039 3369 1275 3440 instrumenta
1303 3367 1623 3466 impedimentaque
1650 3368 1785 3442 minore
1804 3392 1884 3441 cum
1900 3369 2043 3464 negotio
2066 3370 2112 3443 ad
2141 3393 2198 3442 res
2216 3393 2298 3443 cum

671 3521 688 3552 κ
709 3490 890 3566 celeritate
903 3491 1139 3586 felicitateque
1157 3491 1333 3586 gerendas
1351 3491 1544 3566 transferre
1561 3515 1757 3586 possemus.
1778 3487 1917 3574 Quanta
1935 3492 2028 3567 enim
2051 3516 2129 3565 cum
2148 3492 2297 3565 difficul-

672 3646 688 3677 κ
708 3621 781 3688 tate
799 3637 841 3688 ae
857 3615 1067 3688 detrimento
1085 3614 1193 3687 Vilna
1210 3614 1297 3687 illud
1311 3615 1438 3688 facturi
1453 3639 1623 3702 essemus,
1644 3616 1742 3688 brevi
1759 3616 1827 3688 hoc
1843 3616 1983 3702 itinere,
2005 3639 2072 3711 quo
2091 3638 2171 3688 cum
2192 3639 2298 3690 exer-

672 3769 688 3800 κ
709 3741 780 3812 citu
796 3747 917 3814 nostro
931 3741 1112 3836 progressi
1132 3763 1267 3824 sumne,
1284 3761 1411 3833 magna
1430 3762 1507 3810 cum
1521 3739 1683 3812 molestia
1694 3748 1813 3813 nostra
1830 3740 2071 3835 cognovimus.
2093 3738 2240 3813 Accedit
2259 3747 2298 3813 et

672 3855 809 3947 «illud,
822 3863 915 3958 quod
928 3863 996 3936 hac
1010 3887 1104 3949 arce,
1122 3887 1191 3960 qua
1203 3863 1393 3936 firmiorem
1409 3863 1647 3958 majoremque
1662 3865 1775 3938 hostis
1804 3865 1937 3937 nullam
1948 3864 2067 3949 habet,
2079 3871 2297 3960 expugnata,

672 4015 688 4047 κ
710 3986 754 4061 de
767 3987 846 4060 aliis
858 3986 1053 4061 retinendis
1070 3987 1207 4059 hostem
1222 3985 1337 4079 magis
1355 3985 1526 4069 diffidere,
1543 3992 1578 4059 et
1591 3988 1801 4084 occupandis
1814 3988 1960 4061 militem
1978 3994 2137 4082 nostrum
2151 4009 2301 4083 sperare

673 4141 690 4171 α
710 4109 930 4183 doceremus.
953 4109 1107 4183 Tantum
1121 4132 1205 4183 vero
1223 4107 1346 4194 abfuit,
1368 4116 1407 4182 ut
1423 4131 1488 4181 nos
1506 4131 1549 4181 eo
1568 4107 1738 4182 deterreri
1756 4115 1918 4204 oportere
1932 4089 2186 4202 judicaremus,
2202 4109 2302 4203 quod

672 4263 689 4295 a
709 4232 807 4306 locus
823 4231 890 4333 lffl⁰
919 4234 965 4306 ab
991 4233 1087 4306 omni
1106 4257 1211 4330 opere
1228 4235 1381 4330 bellique
1407 4239 1580 4330 apparatu
1596 4232 1817 4305 firmissimus
1834 4253 1913 4305 esse
1935 4231 2152 4326 perhibetur,
2172 4239 2211 4303 ut
2227 4231 2303 4304 hoc

672 4384 689 4416 κ
709 4357 826 4452 potius
844 4358 889 4432 de
911 4358 1081 4454 principio
1095 4358 1209 4444 nobis,
1226 4358 1423 4431 recentibus
1438 4359 1588 4430 militum
1605 4365 1805 4430 nostrorum
1818 4355 1951 4429 viribus
1965 4349 2302 4452 animisque,'quam

673 4510 688 4541 u
709 4479 753 4551 iis
778 4480 914 4554 militiae
934 4471 1160 4556 diuturnitate
1189 4481 1341 4565 afflictis,
1362 4483 1568 4554 tentandum
1597 4478 1931 4555 existimaverimus,
1958 4481 2046 4554 Cum
2069 4481 2178 4577 igitur
2204 4481 2303 4554 nihil

672 4631 688 4662 u
709 4603 804 4676 factu
825 4605 941 4705 potius
967 4606 1156 4702 utiliusque
1176 4606 1377 4701 judicatum
1399 4612 1506 4690 esset,
1525 4627 1604 4690 nos,
1624 4604 1726 4678 factis
1752 4606 1794 4677 ab
1820 4603 2041 4678 invocatione
2071 4603 2148 4700 opis
2165 4601 2303 4676 divinae

671 4756 687 4787 u
709 4725 886 4822 auspiciis,
908 4727 1009 4801 Sviro
1039 4729 1189 4824 primum
1215 4728 1388 4802 illustrem
1419 4729 1606 4802 Nicolaum
1638 4729 1825 4802 Radziwill
1856 4729 2058 4802 Palatinum
2084 4728 2301 4802 Vilnensem

671 4882 687 4914 u
708 4875 787 4924 eum
817 4851 991 4946 aliquibus
1017 4853 1172 4948 equitum
1201 4853 1425 4948 peditumque
1452 4854 1683 4926 Lituanorum
1706 4854 1815 4949 copiis
1840 4860 1876 4926 et
1906 4861 2001 4926 certo
2034 4853 2295 4947 Hungarorum

670 5003 686 5034 u
707 4997 869 5061 numero,
889 4999 968 5048 cum
985 4997 1158 5071 generoso
1177 4975 1341 5071 Gasparo
1360 4975 1508 5048 Bekiesz
1535 4975 1716 5048 Polociam
1738 4976 1985 5071 praemisimus,
2013 4977 2177 5050 itinerum
2195 4976 2301 5048 clau-

670 5125 686 5157 «
708 5097 902 5170 dendorum
920 5121 1049 5185 eausa;
1074 5121 1118 5171 ne
1136 5098 1219 5194 quid
1235 5123 1257 5172 a
1271 5099 1477 5173 Moscorum
1494 5099 1581 5172 duee
1608 5099 1764 5195 praesidii
1789 5100 1992 5184 accederet;
2013 5122 2080 5193 quo
2098 5100 2165 5172 etsi
2181 5101 2302 5194 majo-

645 5217 648 5222 ’
670 5250 686 5282 «ι
707 5220 805 5295 ribus
824 5223 860 5295 in
878 5245 1006 5318 magna
1024 5223 1129 5296 etiam
1148 5225 1217 5296 viae
1240 5223 1443 5298 difficultate
1472 5224 1656 5298 itineribus
1681 5224 1900 5319 pervenisset
1921 5249 1927 5294 :
1956 5231 2088 5308 tamem
2109 5247 2187 5296 cum
2211 5216 2301 5316 jam
