4930 6634
713 745 774 812 272
1098 744 1373 813 cinnamomum
1395 745 1607 808 SOClETATiS
1627 749 1714 812 tnsu
1735 749 1986 813 lllS'lOllllillUltl

545 951 610 1009 1622
719 928 845 1002 vinciae
863 928 1031 1024 praeferre
1052 953 1060 999 :
1081 927 1164 1023 quin
1193 926 1269 1023 ipse
1287 950 1306 1001 e
1323 927 1491 1023 photiana
1520 923 1617 1002 secta
1637 930 1807 1006 Rossicus
1822 933 2119 1030 archiepiscopus,
2138 933 2333 1026 Smolensci

720 1059 794 1123 tum
821 1073 864 1123 ex
888 1050 1015 1124 itinere
1041 1051 1183 1146 hospes,
1204 1052 1355 1146 probare
1371 1050 1458 1124 istos
1489 1052 1591 1138 ritus,
1611 1060 1647 1126 et
1663 1053 1830 1151 pietatem
1852 1056 2095 1130 Romanorum
2114 1057 2151 1130 in
2176 1058 2334 1132 colendis

601 1237 632 1291 11
721 1175 896 1248 coelitibus
909 1175 1125 1248 collaudare.

544 1322 575 1376 P.
589 1314 693 1375 hiatui
767 1298 989 1374 Excellentes
1007 1324 1085 1372 cum
1107 1300 1237 1394 pietate
1257 1306 1332 1370 tum
1353 1296 1515 1372 doctrina
1539 1300 1634 1372 viros
1660 1299 1792 1394 aliquot
1815 1321 1909 1372 mors
1928 1299 2094 1372 subduxit
2110 1301 2302 1394 provinciae
2323 1325 2331 1372 :

543 1398 665 1530 Qut
716 1445 758 1496 ac
775 1423 893 1497 Vilnae
911 1425 1051 1518 quidem
1070 1425 1298 1497 Laurentium
1321 1422 1460 1495 Nicolai
1478 1425 1577 1520 cujus
1593 1425 1750 1518 proxime
1764 1423 2047 1520 meminimus(v.
2069 1424 2140 1510 hic,
2160 1449 2254 1498 num.
2277 1425 2335 1521 3),

716 1569 738 1618 a
756 1546 948 1643 Norvegia,
969 1549 1086 1643 patria
1115 1571 1191 1630 sua,
1212 1547 1343 1619 dictum
1360 1547 1467 1640 vulgo
1495 1549 1711 1642 Norvegum.
1734 1547 1858 1620 Multis
1880 1547 1941 1619 ille
1958 1548 1993 1618 in
2012 1547 2152 1642 Belgi0,
2173 1547 2335 1634 Austria,

716 1672 892 1756 Moravia
914 1673 1039 1768 Dania,
1066 1671 1250 1755 Bohemia,
1274 1671 1309 1741 in
1340 1672 1467 1743 Suecia
1485 1672 1635 1744 maxime
1654 1683 1688 1744 et
1702 1671 1864 1754 Livonia,
1885 1681 1920 1744 et
1947 1672 2126 1745 laboribus
2152 1673 2338 1768 religionis

715 1818 823 1868 causa
840 1795 1022 1868 defunctus
1039 1801 1075 1869 et
1092 1793 1258 1889 periculis
1280 1820 1287 1864 :
1308 1794 1361 1865 vir
1379 1794 1621 1889 magnitudine
1648 1795 1756 1866 animi
1785 1795 1976 1889 praecipua,
1998 1796 2167 1890 patientia
2183 1796 2336 1869 incredi-

715 1918 789 2004 bili,
810 1921 848 1990 in
870 1921 963 1992 omni
987 1919 1129 1991 fortuna
1159 1918 1212 1989 sui
1242 1917 1380 1999 similis,
1401 1918 1641 2013 propagandae
1663 1919 1792 1991 divinae
1821 1919 1945 2013 gloriae
1975 1919 2230 2015 cupidissimus.
2252 1923 2337 2011 lam

716 2042 880 2114 sacerdos
898 2066 940 2115 ac
966 2042 1088 2114 doctor
1105 2063 1218 2114 sacrae
1238 2041 1427 2136 theologiae
1457 2041 1493 2113 in
1524 2043 1734 2119 Societatem
1766 2052 1939 2137 acceptus,
1960 2043 1996 2113 in
2016 2066 2058 2115 ea
2081 2051 2230 2138 quatuor
2252 2051 2338 2116 vota

716 2167 908 2262 professus,
924 2166 1103 2262 perpetuis
1122 2187 1159 2238 se
1180 2165 1359 2237 laboribus
1381 2166 1547 2244 exercuit,
1565 2165 1601 2236 id
1619 2166 1770 2238 maxime
1788 2168 2015 2253 contendam,
2029 2176 2068 2240 ut
2084 2169 2271 2241 haereticos
2289 2169 2337 2239 ad

717 2290 923 2375 Ecclesiam,
949 2290 1138 2362 sceleratos
1156 2289 1202 2361 ad
1226 2288 1376 2383 frugem,
1395 2288 1578 2362 reduceret
1604 2313 1707 2382 quam
1732 2290 1919 2383 plurimos;
1939 2313 2003 2384 par
2027 2291 2125 2363 illum
2150 2291 2258 2363 animi
2285 2292 2338 2362 sic

717 2412 834 2485 affecti
860 2413 1035 2498 ardorem,
1054 2412 1090 2483 in
1117 2419 1274 2485 extrema
1291 2412 1396 2484 etiam
1428 2420 1617 2496 senectute,
1648 2413 1766 2484 induci
1792 2437 1863 2486 non
1888 2420 2039 2508 poterat,
2060 2422 2099 2486 ut
2124 2414 2334 2508 quiesceret.

719 2537 865 2633 Semper
882 2537 942 2611 ille
955 2539 990 2609 in
1009 2560 1114 2632 opere
1136 2537 1283 2612 salutari
1302 2535 1409 2620 visus,
1430 2535 1486 2608 vel
1503 2535 1664 2608 lectitans
1690 2537 1746 2608 vel
1771 2537 1985 2630 scriptitans,
2009 2560 2051 2610 ea
2074 2538 2234 2621 maxime,
2256 2563 2338 2632 quae

717 2660 850 2745 SueciS,
872 2684 951 2757 quae
977 2661 1099 2742 Danis,
1121 2684 1200 2755 quae
1217 2661 1394 2756 Norvegis
1412 2663 1486 2734 suis
1504 2669 1662 2756 speraret
1689 2662 1901 2736 adsalutem
1919 2663 2114 2758 profutura.
2137 2664 2338 2736 Laboribus

715 2791 848 2885 pariter
864 2812 905 2862 ac
923 2789 1021 2862 senio
1039 2797 1264 2882 consumptus
1283 2790 1316 2861 ll
1342 2813 1455 2862 nonas
1480 2790 1605 2872 maias,
1625 2812 1718 2864 anno
1741 2792 1857 2865 aetatis
1881 2793 1942 2876 84,
1972 2791 2017 2862 ab
2046 2791 2134 2863 inita
2158 2791 2338 2864 Societate

716 2915 777 3002 55,
799 2913 985 2988 sacerdotii
1003 2914 1064 2998 60,
1084 2937 1106 2986 a
1123 2914 1339 3008 professione
1363 2923 1509 3008 quatuor
1535 2923 1695 2986 votorum
1718 2915 1777 2986 47.
1801 2915 1843 2986 ln
1860 2914 1984 2988 eadem
2002 2916 2101 2998 urbe,
2122 2937 2141 2986 e
2159 2913 2338 2985 domicilio

600 3093 631 3146 12
715 3041 951 3136 professorum
990 3039 1189 3122 Societatis,
1226 3038 1272 3110 ad
1307 3038 1418 3112 aedem
1461 3039 1565 3111 Beati
1607 3038 1780 3122 Oasimiri,
1815 3039 2024 3132 demigravit
2061 3040 2102 3110 ab
2133 3037 2338 3110 hominihus

540 3167 569 3223 P·
588 3168 687 3262 Patous
715 3163 757 3236 P.
774 3164 967 3236 Matthaeus
988 3161 1137 3246 Pakost,
1160 3159 1326 3243 PolonuS,
1345 3167 1380 3231 et
1407 3161 1482 3254 ipse
1508 3167 1631 3233 exacta
1658 3168 1777 3244 aetate,
1798 3183 1890 3232 anno
1917 3163 1999 3233 vitae
2028 3160 2338 3246 7611111616]-

540 3245 685 3379 pinqqthqq'·
714 3285 778 3359 das
791 3284 1010 3358 novembres.
1032 3282 1131 3355 Vixit
1149 3283 1184 3352 in
1199 3283 1374 3355 societate
1392 3304 1500 3354 annos
1518 3283 1579 3365 38,
1596 3306 1639 3354 ex
1657 3283 1711 3353 his
1732 3283 1775 3353 17
1792 3305 1904 3355 annos
1922 3283 2048 3354 Romae
2065 3282 2334 3377 poenitentiarii,

540 3418 589 3458 ¹¹²·
712 3411 751 3481 in
767 3409 949 3505 provincia
967 3431 1032 3480 sua
1049 3406 1305 3480 concionatoris
1326 3406 1428 3488 alias,
1449 3406 1539 3478 alias
1560 3407 1710 3478 ministri
1727 3406 1899 3502 praeclara
1924 3430 2002 3479 cum
2019 3407 2124 3480 laude
2146 3406 2335 3480 defunctus

713 3541 767 3606 est
784 3531 918 3606 officiis,
944 3532 1007 3604 Vir
1023 3530 1179 3603 moribus
1197 3552 1364 3624 perquam
1383 3529 1592 3616 commodis;
1613 3530 1725 3622 utqui
1742 3530 1786 3603 de
1804 3528 1901 3602 nullo
1918 3552 2071 3624 unquam
2093 3529 2140 3600 sit
2161 3535 2331 3623 questus:

662 3660 666 3665 ’
711 3655 846 3730 nullum
863 3654 1064 3727 mortalium
1086 3677 1133 3726 ne
1151 3654 1258 3725 verbo
1285 3653 1423 3747 quidem
1449 3653 1601 3725 violarit.
1622 3654 1775 3726 instituti
1793 3653 1950 3748 religiosi
1967 3653 2004 3724 in
2021 3653 2143 3748 primis
2161 3652 2331 3746 diligens,

710 3787 745 3853 et
762 3777 955 3874 precationi
973 3799 1158 3875 rerumque
1181 3775 1378 3848 divinarum
1404 3777 1622 3849 meditationi
1647 3777 1797 3850 deditus.
1817 3776 2045 3850 Asacrificiis
2063 3777 2099 3848 in
2117 3799 2232 3871 genua
2249 3801 2334 3870 pro-

709 3904 850 3976 volutus
868 3909 950 3976 ante
972 3903 1163 3998 imaginem
1185 3901 1380 3974 Salvatoris
1403 3924 1543 3972 ecruce
1561 3901 1745 3995 pendentis
1771 3899 1896 3974 ardore
1919 3902 2027 3973 animi
2056 3924 2185 3996 magno
2206 3921 2331 3986 orans,

710 4026 971 4123 lacrymiseam
989 4024 1230 4119 perfundebat.
1251 4024 1477 4096 Humillimus
1495 4027 1603 4096 Pater
1619 4047 1793 4119 nunquam
1811 4047 1935 4118 passus
1954 4034 2020 4108 est,
2044 4048 2090 4096 ne
2106 4027 2143 4095 in
2163 4047 2335 4118 supremo

711 4149 850 4246 quidem
881 4150 992 4236 senio,
1028 4173 1128 4221 suum
1157 4149 1202 4221 ab
1228 4147 1297 4219 alio
1324 4147 1416 4218 verri
1443 4147 1650 4230 cubiculum,
1671 4156 1732 4219 aut
1758 4148 1866 4220 ullum
1884 4149 2055 4242 ejusmodi
2079 4149 2144 4220 sibi
2169 4149 2335 4222 exhiberi

535 4259 684 4396 ealhere
710 4275 936 4369 obsequium;
967 4297 1045 4346 cum
1072 4296 1110 4346 se
1136 4273 1212 4369 ipse
1235 4271 1282 4343 ad
1307 4271 1391 4344 talia
1417 4271 1526 4344 multo
1553 4271 1774 4344 inferioribus
1804 4274 1895 4345 ultro
1922 4274 2029 4346 etiam
2054 4273 2208 4347 offerret.
2238 4273 2338 4347 Erat

535 4371 680 4449 annober-
710 4400 900 4474 Matthaeus
934 4400 971 4471 in
1004 4421 1125 4472 eorum
1155 4398 1290 4480 ordine,
1325 4420 1410 4491 quos
1444 4397 1622 4491 adjutores
1653 4395 1853 4492 spirituales
1883 4417 2062 4468 vocamus.
2098 4397 2163 4468 His
2189 4419 2337 4491 appone

535 4490 583 4544 μ’
710 4527 754 4598 Ρ.
784 4523 1039 4618 Engelbertum
1066 4521 1228 4617 Keylert‚
1249 4520 1285 4591 in
1312 4521 1470 4615 Collegio
1485 4520 1830 4615 Brunsbergensium
1859 4543 1979 4593 mense
2009 4521 2112 4616 aprili
2133 4529 2333 4597 mortuum.

710 4648 902 4743 Operarius
932 4647 990 4719 hic
1019 4654 1182 4720 strenuus
1199 4670 1242 4718 ac
1258 4645 1354 4728 felix,
1380 4646 1415 4716 in
1445 4642 1687 4739 praeparandis
1717 4643 1867 4716 maxime
1896 4645 1940 4716 ad
1970 4645 2085 4717 beatae
2117 4647 2339 4722 aeternitatis

708 4771 841 4845 aditum
863 4771 1092 4843 moribundis.
1115 4770 1210 4842 Mira
1222 4770 1390 4842 industria
1409 4775 1445 4842 et
1468 4768 1652 4841 alacritate
1673 4769 1711 4840 in
1732 4791 1773 4840 eo
1791 4767 1987 4840 constitutis
2010 4768 2157 4841 articulo
2184 4791 2340 4864 operam

708 4894 945 4992 impendebat.
967 4894 1144 4988 Expertus
1172 4894 1264 4967 hanc
1293 4893 1441 4966 feliciter
1466 4897 1597 4987 praeter
1626 4892 1715 4964 alios
1746 4890 1911 4963 sacerdos
1938 4891 2077 4984 quidam
2103 4899 2287 4982 externus,
2313 4921 2340 4970 a

708 5041 772 5092 sua
789 5019 946 5113 proxime
974 5024 1086 5089 morte
1106 5018 1334 5112 spectabilem
1360 5017 1574 5112 Engelberto
1593 5039 1631 5088 se
1648 5014 1786 5098 obtulit,
1806 5037 1938 5110 proque
1965 5038 2073 5110 opera
2100 5039 2163 5088 sua
2179 5017 2341 5096 salutari

707 5143 842 5238 gratias
870 5140 1216 5250 egitamplissimaS,
1237 5149 1379 5240 acturus
1405 5141 1508 5214 etiam
1533 5140 1759 5215 immortales.
1782 5141 1907 5233 Neque
1925 5141 1965 5212 P.
1988 5142 2115 5213 Petrus
2138 5141 2340 5221 Fabricius
