4930 6634
667 771 729 874 224
1055 778 1330 841 irritamentum
1353 776 1566 839 soernrlrls
1585 776 1669 838 JESU
1693 773 1944 837 Hlsronrtnun

494 985 558 1044 mm
659 962 746 1062 jure
752 985 823 1060 ¹sno
841 963 907 1049 sibi
925 963 1116 1062 vindicant,
1137 965 1172 1037 N
1176 989 1222 1058 os2
1239 965 1297 1054 hic
1323 963 1367 1037 de
1393 965 1490 1052 caede
1519 965 1597 1060 ipsa
1623 963 1716 1048 beati
1733 963 1874 1059 patroni
1891 963 2016 1050 nostri,
2038 962 2097 1058 qui
2114 962 2286 1040 Secieteti

667 1087 891 1196 tribuendum
908 1095 1048 1186 putaret
1063 1097 1213 1188 tantum,
1242 1097 1283 1164 ut
1307 1088 1506 1173 dictitaret:
1535 1110 1658 1176 eume
1668 1111 1813 1162 numero
1845 1089 2048 1170 electorum.
2061 1087 2118 1160 ad·
2134 1087 2285 1183 gloriam

667 1214 914 1314 sempiternam
936 1237 1006 1297 non
1024 1236 1115 1297 esse,
1136 1213 1196 1308 qui
1212 1212 1418 1308 religiosum
1439 1213 1624 1296 societatis
1642 1214 1663 1285 J
1667 1236 1732 1288 esu
1750 1212 1919 1291 Ordinem
1937 1237 2007 1288 non
2028 1221 2177 1290 amaret.

493 1319 623 1472 ὠή
713 1339 888 1431 Rutenos,
902 1338 1258 1433 jamdipgreecapici
1274 1339 1471 1430 schismatis
1489 1339 1667 1426 erroribus
1688 1339 1890 1435 implicitos,
1910 1363 1940 1414 a.
1952 1340 2137 1414 Brestensi
2150 1337 2284 1435 synodo

492 1480 639 1562 annepiqf
664 1464 720 1560 (de
746 1487 826 1562 qna¹
840 1463 930 1536 libro
958 1463 1009 1547 LV¹
1025 1462 1255 1558 narravimus)
1281 1461 1318 1534 in
1343 1462 1551 1556 religionem
1576 1461 1786 1548 catholicam
1813 1463 1895 1536 inde
1921 1463 2116 1558 proniores,
2136 1483 2285 1535 accenso

492 1557 645 1695 ‘V'ffiei
665 1589 781 1688 studio
798 1586 1145 1680 salutis,rcvocatum
1160 1585 1234 1678 ibat
1251 1588 1296 1662 ad
1314 1585 1733 1669 RomanamEcclesiam
1746 1592 1829 1658 ante
1846 1585 1935 1658 alios
1948 1586 2016 1660 iste
2042 1585 2286 1663 Bolocensium

664 1713 826 1816 antistes.
847 1711 932 1810 Pion
949 1710 1202 1804 archiepiscopi
1215 1718 1374 1797 conatus,
1395 1719 1431 1786 et
1448 1711 1741 1795 consentientium
1759 1711 1851 1783 bona
1869 1710 2028 1820 consilia,
2046 1710 2225 1794 Photiani,
2241 1734 2286 1784 ex

492 1833 580 1956 ἔξω
590 1851 638 1890 ⁶⁸³·
665 1839 760 1930 omni
779 1837 929 1934 Graecia²
948 1835 1241 1920 coorti„vi.omni
1267 1843 1302 1907 et
1327 1836 1450 1910 fraude
1469 1836 1664 1930 infringere
1681 1857 1722 1906 ac
1740 1833 1913 1929 dissipare
1939 1835 2213 1912 contendebant.
2232 1836 2287 1908 Ea

535 1942 541 1956 ’
665 1969 807 2066 propter
822 1959 875 2034 illi
897 1959 1089 2057 Kijoriem,
1105 1958 1141 2028 in
1160 1958 1374 2053 praecipuam
1388 1959 1531 2038 Russiae
1544 1960 1782 2046 urbem,suum
1802 1957 2160 2054 Hierosolymitanum
2182 1983 2285 2056 pseu·

665 2082 956 2190 dopptriarpham
974 2080 1193 2180 delegarunt.
1216 2079 1332 2174 Atque
1363 2081 1525 2156 effectum
1554 2083 1682 2176 graecis
1710 2084 1860 2170 artibus,
1880 2091 1919 2156 ut
1945 2085 1983 2156 in
2007 2071 2123 2181 hujus
2137 2084 2286 2160 advenae

665 2211 890 2312 sententiam,
904 2211 972 2306 jus¹
990 2233 1032 2304 ac
1063 2208 1244 2298 ditionem,
1259 2207 1484 2302 Kijovienses
1513 2207 1761 2281 concederent.
1791 2209 1860 2281 Hic
1889 2207 1962 2295 ille,
1985 2209 2156 2288 collocata
2186 2209 2283 2294 sede,

548 2419 552 2427 ⁸
664 2341 862 2440 enapgurat
878 2334 914 2420 in
932 2333 1060 2427 primia,
1071 2339 1204 2428 septem
1218 2331 1400 2426 episcopos
1413 2330 1472 2424 qui
1490 2330 1652 2402 Romano
1666 2339 1832 2426 parerent
1846 2333 2022 2420 Pontifici,
2037 2334 2118 2410 aliis
2136 2357 2286 2432 suaque
2328 2399 2332 2406 .

663 2460 781 2560 nescio
795 2463 971 2553 potestate
984 2455 1194 2528 substitutis.
1208 2453 1294 2534 Cum
1307 2453 1363 2525 bis
1381 2453 1457 2548 ipse
1470 2453 1683 2548 permiscere
1701 2456 1869 2531 ltussiam
1887 2481 1894 2528 :
1918 2456 2138 2532 inflammare
2151 2459 2288 2534 animos

663 2607 807 2688 sperum
822 2585 859 2659 in
876 2580 1190 2676 catholicosatque
1209 2579 1298 2655 adeo
1316 2575 1359 2656 ad
1371 2576 1613 2652 crudelitatem
1629 2583 1973 2678 acuereconcepere
1989 2584 2092 2658 facile
2109 2585 2286 2658 flammam

664 2709 820 2809 ciuitates
835 2705 1006 2806 finitimae,
1022 2705 1114 2798 inter
1127 2700 1404 2798 eas,Vitebscia;
1424 2701 1462 2772 in
1476 2723 1542 2794 qua
1555 2700 1668 2796 altero
1681 2705 1764 2779 inde
1777 2729 1870 2780 anno
1884 2707 2130 2803 importunitas
2141 2709 2286 2784 sceleris

663 2831 811 2934 inauditi
845 2829 990 2924 exarsit,
1010 2826 1190 2920 Sollicitus
1219 2825 1263 2900 de
1293 2824 1414 2922 gregis
1431 2825 1485 2898 sui
1498 2827 1612 2899 salute
1643 2828 1816 2924 Josaphar
1844 2831 1965 2904 invisit
1986 2833 2114 2908 urbem
2125 2833 2287 2908 dioeeesis

662 2985 741 3056 sune¹
755 2958 984 3054 blitebscum:
1005 2977 1129 3049 curare
1146 2943 1287 3039 ibirem
1304 2955 1360 3032 sui
1377 2954 1532 3029 muneris
1560 2963 1595 3028 et
1621 2956 1887 3052 circumspicere
1912 2959 2044 3032 omnia.
2065 2960 2288 3034 Sohismatici

662 3082 957 3182 interimagitare
985 3079 1079 3168 necis
1097 3079 1258 3166 consilia,
1280 3085 1316 3183 et
1341 3102 1483 3153 secures
1510 3101 1648 3167 acuere,
1673 3080 1710 3151 in
1729 3082 1949 3156 occasionem
1974 3085 2152 3178 parricidii
2172 3085 2284 3158 immi·

663 3219 809 3304 neptes,
827 3215 934 3300 atque
951 3204 1035 3297 brac¹
1046 3204 1112 3294 sibi
1134 3202 1592 3292 oblataessecommodum
1610 3204 1699 3287 risa,
1731 3202 1824 3298 quod
1841 3205 1999 3298 pontifex
2014 3206 2160 3302 impium
2175 3229 2285 3301 quen·

664 3334 746 3408 dam
762 3331 1018 3429 presbyterum,
1039 3351 1119 3422 sues¹
1140 3327 1305 3422 potestati
1331 3328 1539 3423 subjectum.
1557 3348 1581 3397 a
1602 3327 1853 3400 catholicarum
1877 3329 2036 3423 partibus
2062 3329 2284 3424 transfugam

664 3458 710 3531 ad
727 3453 988 3536 schismaticos,
1001 3450 1185 3540 tradiderit
1201 3450 1238 3521 in
1263 3447 1470 3542 custodiam.

711 3580 941 3680 Eainsuper,
955 3576 1118 3674 commoti
1140 3596 1190 3660 re,
1214 3573 1309 3658 ilicet
1334 3583 1521 3665 erumpunt
1543 3570 1789 3646 seditiosorum
1818 3572 1937 3659 duces,
1958 3572 2130 3668 signoque
2147 3570 2287 3652 concita

662 3677 762 3802 plebe
776 3703 889 3799 omnis
907 3727 915 3774 ι
936 3724 1006 3786 uno
1025 3723 1146 3775 omnes
1159 3699 1301 3794 agmine
1318 3697 1354 3770 in
1373 3696 1485 3768 aedem
1497 3694 1666 3786 antistitis
1682 3696 1845 3769 irruunt:
1866 3696 2017 3776 famulos
2026 3704 2190 3770 sternunt
2201 3697 2283 3784 hos,

663 3831 837 3924 dissipant
849 3825 930 3918 illos
947 3850 955 3897 :
986 3823 1140 3909 effractis
1157 3821 1309 3916 denique
1326 3817 1558 3913 penetralium
1575 3816 1722 3903 loribus,
1742 3816 1930 3912 praesulem
1955 3818 2002 3891 ad
2027 3819 2159 3904 caedem
2176 3820 2287 3916 dspo-

663 3949 922 4054 scpntmagnis
936 3946 1162 4048 clamoribus.
1184 3947 1234 4018 Ut
1251 3946 1419 4044 impetum
1435 3947 1621 4028 hicsensit
1636 3945 1840 4031 furentium,
1860 3946 2072 4043 sacrilegum
2090 3948 2187 4022 illum
2200 3970 2289 4043 per-

662 4051 784 4180 fugam
802 4097 822 4148 e
838 4095 980 4161 carcere
998 4070 1129 4159 dimitti
1144 4071 1328 4162 confestim
1341 4073 1455 4167 jubet.
1476 4070 1598 4144 Nihilo
1616 4081 1731 4144 tamen
1754 4072 1963 4167 placatiores
1990 4073 2056 4158 illi,
2075 4081 2114 4146 ut
2140 4095 2288 4168 occepe-

662 4211 760 4293 runt,
778 4206 945 4296 pergunt.
974 4199 1065 4280 Tres
1090 4197 1152 4277 ita,
1167 4198 1389 4290 continenter
1413 4197 1520 4270 horas
1545 4197 1774 4270 bacchantur.
1796 4197 1984 4277 Quieturos
2009 4198 2146 4274 facilius
2171 4206 2285 4282 ratus,

663 4326 735 4424 suis
749 4324 900 4398 manime
916 4320 1056 4402 famulis
1075 4322 1215 4407 timens,
1231 4321 1304 4393 vita
1321 4343 1386 4394 sua
1404 4343 1614 4414 suorumque
1627 4320 1703 4392 Deo
1717 4321 1877 4413 precibus
1891 4321 2146 4406 commendata,
2166 4321 2289 4417 prodit

663 4451 739 4546 ipse
756 4477 763 4542 ς
782 4445 1035 4519 tumultuantes
1050 4445 1210 4540 sanioris
1228 4442 1366 4518 consilii
1382 4450 1568 4538 paternum
1581 4442 1616 4514 in
1630 4441 1773 4515 modum
1790 4461 2008 4522 commonet,
2022 4443 2119 4530 Inter
2135 4444 2213 4516 haec
2228 4444 2283 4518 la·

661 4583 808 4678 trpnum¹
828 4568 1094 4666 audacissimus,
1113 4568 1251 4641 sublato
1269 4565 1326 4656 ,ad
1355 4565 1487 4639 caedem
1510 4565 1675 4651 clamore,
1697 4565 1848 4639 securim
1872 4565 2036 4662 impingit
2050 4567 2173 4662 capiti,
2192 4573 2283 4640 ster·

662 4668 781 4796 nilque
794 4694 1008 4772 antistitem:
1029 4715 1110 4768 mon
1128 4695 1274 4790 quisque
1296 4692 1438 4788 pugnis,
1458 4692 1620 4779 fustibus,
1635 4689 1811 4784 lapidibus
1822 4691 2004 4785 jacentem
2021 4694 2281 4777 contrucidant.

661 4818 709 4920 At
726 4836 839 4912 neque
855 4814 906 4904 ita
918 4815 993 4914 visa
1008 4823 1062 4887 est
1073 4811 1234 4886 luctuosa
1247 4815 1334 4887 satis
1348 4837 1414 4888 sua
1426 4813 1623 4900 furentibus
1637 4813 1774 4890 rabies:
1791 4814 2008 4888 horrendum
2025 4816 2133 4903 dicto,
2150 4829 2286 4912 quanta

662 4927 789 5013 deinde
819 4938 1050 5022 immanitate,
1079 4937 1316 5012 exanimatum
1339 4940 1430 5035 jam,
1462 4945 1678 5034 protractum
1712 4937 1748 5009 in
1779 4959 1899 5010 aream
1929 4961 2070 5034 corpus,
2103 4942 2284 5036 unguibus

662 5064 768 5138 etiarn
786 5060 972 5135 mulierum
988 5083 1031 5133 ac
1042 5084 1232 5156 puerorum
1248 5061 1456 5147 laceratum,
1477 5060 1633 5134 calcibus
1648 5059 1875 5142 conscissum,
1891 5059 2145 5136 conculcatum.
2165 5061 2284 5140 Multo

661 5189 776 5262 minus
793 5185 937 5258 humani
965 5185 1031 5259 luit
1056 5185 1191 5281 ingenii
1219 5187 1256 5258 in
1281 5185 1360 5261 istis
1384 5182 1599 5266 hominibus,
1619 5205 1721 5276 quam
1737 5181 1843 5256 fuerit
1859 5182 1916 5256 vel
1946 5183 1983 5254 in
2009 5184 2134 5259 bestia.
2156 5186 2280 5277 (lenis,
