4930 6634
683 788 744 852 268
1069 796 1343 859 Lttbabtcattuu
1366 773 1577 860 sootatatts
1598 801 1682 860 taso
1705 799 1959 859 fflsroattttutt

685 976 779 1049 cives
795 977 953 1050 baeretici
970 978 1006 1050 in
1023 979 1246 1054 lutheranum
1263 983 1455 1078 prinoipem
1469 983 1666 1055 (iustarum
1682 1005 1787 1076 quam
1799 982 1837 1053 in
1855 981 2065 1054 catholicum
2078 1001 2200 1075 regem
2218 1001 2301 1074 pro-

685 1105 823 1177 niores:
856 1105 992 1210 ipsique
1020 1106 1251 1199 proditionem
1275 1109 1348 1202 jam
1378 1107 1438 1178 diu
1467 1107 1636 1179 meditati.
1662 1108 1785 1201 ltaque
1810 1105 1978 1200 Rigeusis
2010 1105 2147 1190 civitas,
2177 1126 2301 1198 parum

687 1232 861 1310 cunctata,
879 1225 1040 1320 Adelpho
1053 1213 1193 1299 deditur
1210 1228 1255 1298 ad
1277 1229 1362 1302 VIII
1377 1230 1547 1302 kalendas
1565 1230 1739 1301 octobres.
1772 1229 1820 1301 At
1838 1229 2012 1323 potuisset
2042 1226 2105 1298 illa
2140 1226 2301 1299 semestri

626 1401 630 1418 .
687 1350 867 1422 minimum
894 1351 1007 1444 spatio
1029 1352 1244 1426 obsidionem
1275 1354 1460 1438 sustinere,
1480 1376 1560 1447 quae
1588 1363 1623 1425 et
1648 1353 1721 1425 suis
1750 1352 1924 1424 moenibus
1951 1358 2045 1424 esset
2062 1351 2177 1434 firma,
2198 1358 2233 1423 et
2249 1350 2301 1421 in-

688 1482 821 1546 structa
846 1474 931 1546 satis
949 1474 993 1545 ab
1020 1498 1160 1548 annona
1186 1477 1373 1571 armisque,
1393 1485 1428 1550 et
1449 1478 1687 1571 praesidiarios
1709 1477 1827 1572 plures
1846 1498 1889 1548 ex
1915 1497 1992 1548 sese
2007 1476 2153 1569 legisset
2181 1474 2297 1547 facile.

687 1600 811 1673 Noluit
828 1601 874 1672 ad
890 1601 1055 1674 bimestre
1068 1601 1187 1697 ntique
1199 1609 1337 1696 tempus
1349 1601 1545 1695 praestolari
1559 1601 1737 1696 suppetias
1750 1622 1772 1670 a
1786 1599 1963 1672 Lituauia.
1981 1600 2097 1672 Causa
2112 1599 2302 1694 praecipitis

687 1724 821 1798 consilii
850 1747 934 1804 uua,
954 1748 1059 1819 quam
1076 1725 1225 1797 dixImus
1244 1750 1253 1796 :
1274 1727 1417 1821 pronior
1443 1726 1479 1797 in
1508 1725 1699 1820 principem
1724 1723 1980 1795 lutheranioum
2007 1721 2194 1806 voluntas;
2222 1721 2304 1793 buic

519 1864 666 1940 stupra
688 1848 865 1934 obsecuta,
885 1847 974 1920 nibil
998 1855 1134 1921 morata
1157 1848 1341 1921 consilinm
1368 1851 1466 1931 ducis
1492 1848 1733 1942 Christophori
1751 1845 1934 1932 Radivilli,
1957 1846 2014 1940 qni
2032 1846 2077 1917 ad
2095 1845 2300 1940 periculum,

428 2039 455 2066 Ι,
519 1925 630 2061 ww
689 1974 815 2046 coactis
832 1973 959 2068 raptim
975 1971 1108 2068 aliquot
1128 1974 1267 2059 turmis,
1287 1973 1482 2057 advolarat,
1507 1973 1681 2068 pollicitus
1709 1979 1818 2054 certa,
1849 1968 2052 2066 propediem
2078 1968 2244 2052 affutura,
2261 1991 2305 2042 ex

692 2098 856 2172 Lituania
875 2105 910 2170 et
928 2097 1059 2171 Russia
1072 2099 1212 2171 auxilia.
1234 2099 1331 2194 Riga
1347 2122 1433 2194 ergo
1455 2121 1493 2171 se
1516 2121 1647 2194 suoque
1671 2098 1830 2192 exemplo
1848 2106 1997 2170 caeteras
2015 2096 2174 2169 Livoniae
2187 2094 2303 2192 prodi·

691 2222 741 2295 dit
767 2224 937 2296 civitates.
958 2222 1135 2294 invidiose
1157 2222 1216 2294 hio
1241 2225 1360 2306 etiam,
1381 2245 1505 2319 nempe
1531 2245 1627 2296 more
1657 2246 1733 2308 suo,
1754 2223 1910 2294 Jesuitas
1937 2221 2141 2293 criminatur
2171 2221 2305 2294 Paulus

690 2345 1203 2443 Piaseckius(1).Defectionem
1223 2347 1282 2421 ille
1301 2347 1512 2443 Rigeusium
1530 2347 1687 2442 Collegio
1707 2371 1750 2421 ea
1766 2349 1802 2420 iu
1816 2349 1902 2420 urbe
1922 2348 2091 2420 Jesuitico
2114 2323 2274 2442 assignat
2294 2404 2302 2418 .

694 2501 710 2532 ιι
732 2472 813 2543 Non
830 2470 944 2565 pauci,
965 2470 1091 2564 inquit,
1110 2471 1158 2542 ibi
1175 2471 1316 2568 (Rigas)
1343 2479 1416 2543 tam
1438 2495 1481 2544 ex
1499 2472 1695 2554 senatoriis,
1712 2494 1816 2566 quam
1834 2493 1877 2543 ex
1894 2471 2042 2565 plebeiis
2064 2470 2110 2542 ad
2127 2472 2308 2544 novandas

694 2627 710 2658 ιι
732 2621 790 2670 res
801 2597 878 2692 jam
896 2595 1026 2667 dudum
1052 2596 1329 2690 propendebant,
1350 2596 1550 2670 exacerbati
1576 2596 1744 2668 molestiis
1771 2596 1960 2691 perpessis,
1977 2596 2014 2668 in
2025 2596 2210 2691 jurgiiset
2225 2620 2308 2670 con·

695 2751 711 2782 ιι
732 2717 913 2794 troversiis
938 2717 1136 2790 forensibus
1160 2717 1325 2790 continuo
1350 2721 1444 2814 apud
1474 2723 1611 2816 regium
1634 2718 1807 2816 judicium
1830 2742 1907 2790 cum
1925 2718 2103 2813 religiosis
2122 2719 2308 2792 Societatis

698 2881 714 2912 ι
735 2853 756 2923 J
760 2873 822 2924 esu
840 2846 979 2941 collegii
993 2846 1161 2940 Rigensis
1178 2846 1373 2940 agitandis;
1394 2867 1438 2918 ex
1456 2822 1581 2940 quibus
1599 2869 1752 2941 eousque
1771 2845 2000 2940 impatientiae
2009 2855 2311 2939 processerant,ut

695 3003 711 3036 ι
733 2975 875 3048 Ulricus
893 2970 1057 3068 syndicus
1077 2969 1173 3042 illius
1199 2971 1363 3054 civitatis,
1384 2971 1572 3066 aliquando
1603 2993 1772 3065 perorans
1795 2993 1913 3042 coram
1940 2991 2037 3064 rege,
2070 2976 2106 3042 et
2134 2970 2309 3066 frequenti

696 3110 873 3189 «senatu,
910 3101 947 3172 in
976 3100 1184 3194 quibusdam
1217 3099 1345 3172 libellis
1370 3106 1495 3170 contra
1523 3098 1603 3170 illos
1632 3099 1820 3193 religiosos
1847 3097 1969 3194 [prope
1997 3097 2166 3172 ducentas
2192 3101 2311 3197 (papae

695 3259 712 3292 ιι
732 3226 950 3302 tammultas
966 3225 994 3320 l)
1019 3232 1103 3297 tunc
1119 3223 1310 3308 habebant,
1329 3231 1364 3295 et
1389 3243 1479 3316 pena
1503 3221 1648 3294 totidem
1674 3222 1755 3295 aliae
1785 3222 1849 3293 sub
1869 3221 1937 3294 boc
1959 3221 2043 3294 belli
2065 3228 2203 3318 tempus
2219 3223 2311 3319 (uno

696 3383 712 3414 ιι
733 3349 868 3425 scilicet
889 3354 992 3442 atque
1011 3347 1078 3419 hoc
1094 3346 1170 3440 ipso
1188 3347 1316 3442 annol)
1339 3346 1384 3416 ab
1401 3344 1526 3417 iisdem
1544 3345 1719 3440 religiosis
1741 3348 1849 3420 illatae
1873 3347 1942 3420 illis
1969 3347 2138 3447 fuerantl,
2154 3372 2312 3445 prorum-

522 3481 656 3538 tnvtdiom
696 3505 712 3536 a
734 3471 953 3570 pereiuista
970 3470 1075 3543 verba
1099 3492 1204 3542 ausus
1230 3469 1335 3542 fixerit
1355 3495 1363 3555 ;
1384 3451 1576 3542 verendum
1602 3494 1692 3556 esse,
1725 3493 1770 3545 ue
1801 3472 1846 3543 ad
1868 3473 2149 3567 desperationem
2179 3474 2313 3548 talibus

522 3567 670 3714 mm
698 3629 713 3660 ι
735 3593 981 3672 controversiis
991 3592 1114 3666 civitas
1132 3593 1326 3665 adducatur
1341 3593 1480 3688 (nempe
1497 3594 1743 3667 controversiis
1760 3595 1804 3668 de
1813 3594 1889 3690 ipsa
1902 3596 2084 3690 religionis
2098 3597 2311 3684 sinceritate,

522 3723 651 3849 {letaretu-
696 3753 713 3785 ιι
735 3724 856 3818 eisque
872 3721 910 3791 in
930 3717 1061 3811 templo
1086 3717 1249 3789 scholare
1267 3717 1457 3812 prudenter
1474 3741 1516 3790 ac
1537 3719 1686 3812 placide,
1712 3725 1751 3790 ut
1772 3719 1851 3792 fieri
1871 3727 1979 3805 amat,
2003 3719 2171 3814 habitis)l
2200 3753 2216 3786 η

545 3811 569 3850 ⁰'
744 3844 844 3920 Istud
873 3864 978 3938 porro
997 3841 1125 3913 excidit
1153 3841 1287 3913 intento
1317 3841 1420 3913 nimis
1451 3841 1497 3912 ad
1527 3842 1709 3914 veritatem
1736 3843 1915 3915 historico.
1939 3843 2136 3916 Perculisse
2162 3844 2316 3940 denique

695 3972 836 4054 multos,
868 3973 1018 4063 oportet,
1048 3972 1152 4059 atque
1180 3964 1226 4037 ed
1251 3964 1526 4060 perduellionem
1554 3967 1783 4038 commovisse
1813 3987 1890 4038 eam
1909 3966 2087 4039 Piaseolxii
2104 3975 2176 4039 tam
2207 3969 2314 4042 vabe-

693 4103 859 4179 mentem‚
880 4115 927 4166 an
942 4092 1052 4186 ipsius
1080 4093 1155 4186 ejus
1178 4089 1314 4187 syndici
1340 4090 1641 4163 exclamationem.
1672 4090 1871 4186 Simplicius
1898 4089 2045 4163 dixisset
2067 4100 2216 4165 auctor:
2246 4095 2316 4166 Ri-

696 4243 822 4319 genses
835 4215 1022 4290 haereticos
1036 4214 1079 4286 ab
1101 4213 1297 4299 iracundia,
1314 4221 1349 4286 et
1376 4213 1558 4307 religionis
1586 4213 1747 4286 catholici
1781 4215 1946 4307 regisque
1966 4213 2015 4308 pii
2034 4214 2114 4287 odio
2139 4225 2202 4288 aut
2218 4226 2316 4292 metu

696 4345 821 4418 saltem
836 4341 947 4415 hostis
964 4339 1162 4434 praeeatis,
1182 4337 1389 4433 proditionis
1402 4337 1535 4410 facinus
1554 4337 1776 4411 conscivisse.
1799 4338 1851 4409 De
1866 4336 2081 4420 imminente,
2102 4345 2207 4432 atque
2224 4338 2318 4415 adeo

552 4565 558 4578 .
695 4473 869 4565 praesente
882 4466 958 4560 jam
975 4439 1131 4558 periculo
1158 4463 1310 4535 monitus
1345 4463 1389 4534 ab
1425 4463 1545 4535 amicis
1564 4472 1679 4534 rector
1696 4461 1858 4556 Collegii,
1876 4461 2061 4557 Philippus
2079 4462 2217 4535 Frisios
2234 4471 2320 4538 octo

527 4566 673 4711 {ffim
696 4593 840 4668 Socios:
867 4591 942 4662 ΡΡ.
962 4589 1160 4661 Fabianum
1176 4587 1378 4671 Mollerum,
1398 4585 1583 4660 Albertum
1599 4587 1812 4671 Fabricium,
1827 4586 2026 4680 polonicum
2052 4587 2159 4673 bunc,
2175 4611 2320 4683 germa-

527 4721 637 4792 usum·
695 4718 812 4790 nicom
842 4713 953 4794 illum,
975 4713 1259 4796 concionatores,
1294 4711 1486 4784 Martinam
1517 4710 1765 4795 Borovskium,
1790 4716 2054 4806 procuratorem
2083 4713 2319 4806 praediorum,

527 4800 579 4854 tm.
695 4849 730 4915 et
752 4843 773 4913 J
777 4861 926 4912 oannem
946 4837 1066 4910 Swarz
1092 4836 1379 4909 missiouarium:
1413 4835 1500 4908 duos
1518 4835 1718 4908 scholarum
1744 4835 1943 4928 magistros,
1971 4835 2117 4908 totidem
2135 4837 2323 4932 adjutores

697 4965 819 5047 laicos,
841 4985 919 5034 oum
936 4961 991 5032 his
1010 4967 1145 5055 partem
1160 4959 1388 5056 supellectilis
1403 4983 1527 5045 sacrae,
1542 4960 1726 5055 ingressus
1743 4959 1810 5031 iter
1829 4959 1881 5030 III
1901 4959 1980 5032 idus
1999 4959 2156 5045 sextiles,
2172 4961 2323 5036 Viluam
2421 4941 2423 4946 ¹

699 5060 810 5161 fuiori
834 5084 989 5157 hostium
1007 5083 1185 5156 subduxit.
1206 5084 1277 5156 Pro
1306 5089 1443 5180 rectore
1459 5085 1505 5155 ad
1540 5107 1658 5156 curam
1689 5082 1812 5155 domus
1839 5089 1873 5155 et
1890 5081 2005 5155 officia
2022 5083 2116 5178 plebi
2134 5085 2325 5161 catholicae

741 5223 784 5303 (t)
804 5224 1019 5291 Chrooieorum,
1044 5237 1107 5295 pag.
1138 5221 1205 5280 tta.
