4896 6650
653 809 711 912 llo
1039 847 1316 909 LlTUthCAllUll
1339 843 1553 904 SOClETthS
1574 843 1660 904 JESU
1685 841 1934 902 hisroslnnon

484 1043 547 1098 1583
655 1033 808 1107 edictum
843 1035 967 1107 recitat
999 1034 1155 1130 populo:
1191 1035 1260 1107 hoc
1293 1033 1397 1118 lecto,
1431 1031 1652 1116 obmutescit,
1688 1031 1930 1125 imprudenter
1967 1029 2078 1102 multa
2108 1031 2286 1129 principio

656 1156 826 1230 orationis
856 1156 1296 1253 auditoribus0pollicitus.

480 1237 594 1364 ffssffl]
705 1283 745 1353 ln
763 1283 884 1368 curiis,
902 1290 976 1355 tum
994 1283 1155 1378 Derpati,
1176 1289 1251 1355 tum
1268 1281 1389 1377 Rigae,
1409 1281 1455 1353 ad
1481 1279 1645 1351 consules
1670 1279 1869 1373 Campanus
1899 1279 1949 1354 dc·
1962 1281 2080 1352 causis
2104 1281 2284 1356 adventus

479 1387 626 1516 Jffim
655 1406 710 1476 sui
729 1406 994 1502 Sociorumque,
1014 1406 1058 1478 dc
1075 1405 1323 1480 benevolentia
1341 1429 1426 1501 erga
1446 1405 1599 1483 Livones
1618 1410 1690 1474 tum
1709 1402 1862 1474 Romani
1881 1401 2079 1486 pontificis,
2096 1411 2171 1476 tum
2186 1405 2284 1499 regis

478 1538 579 1594 civibus
656 1529 840 1625 Stephani,
861 1532 974 1625 deque
1000 1533 1188 1605 Societatis
1202 1555 1277 1604 suae
1304 1531 1465 1602 instituto
1483 1550 1557 1601 rem
1574 1526 1711 1598 habuit.
1732 1526 1815 1597 Non
1832 1525 1970 1621 placide
1988 1535 2131 1625 tantum,
2145 1529 2284 1602 utrobi·

483 1619 598 1690 ‘mit'
655 1675 723 1746 que
758 1663 925 1750 exceptus
954 1655 1167 1752 auditusque
1202 1664 1269 1741 est,
1298 1656 1372 1738 sed,
1403 1649 1694 1747 quemadmodum
1727 1651 1942 1723 simulabant
1975 1651 2150 1735 haeretici,
2170 1654 2284 1726 etiam

656 1775 838 1849 benevole.
869 1778 1136 1873 Digredientem
1175 1777 1257 1850 inde
1287 1776 1464 1874 prosecuti
1500 1781 1583 1846 sunt
1619 1775 1759 1846 domum
1794 1777 1953 1849 comiter.
1992 1777 2080 1849 Cum
2115 1778 2283 1871 utrinque

654 1899 864 1972 familiarius
896 1911 1066 1997 ageretur
1095 1903 1275 1999 deinceps,
1295 1903 1452 1997 ipsisque
1490 1905 1685 1972 certaretur
1712 1897 1858 1988 officiis;
1892 1923 1963 1971 non
1994 1899 2181 1972 dubitabat
2215 1923 2282 1995 pro

654 2023 872 2096 munusculis
888 2026 1028 2100 libellos
1046 2051 1183 2122 quoqne
1200 2029 1288 2124 ipsis
1301 2027 1346 2099 de
1364 2023 1548 2098 cathohcae
1566 2023 1715 2095 veritate
1728 2022 1914 2120 religionis
1932 2024 2112 2097 missitare
2130 2023 2279 2120 hopes,

654 2144 860 2242 hortarique
890 2149 1053 2239 fidenter,
1075 2159 1114 2224 ut
1142 2150 1318 2247 legerent,
1339 2149 1517 2246 probeque
1541 2145 1794 2241 intelligerent.
1816 2147 1993 2221 Suavibus
2025 2150 2146 2243 itaque
2163 2148 2282 2221 modis

653 2289 696 2340 eo
713 2269 818 2344 facile
831 2271 990 2346 homines
1008 2275 1175 2371 perpulit,
1193 2283 1232 2348 nt
1249 2272 1442 2370 sequidem
1460 2273 1503 2344 de
1522 2272 1745 2358 veritatibus,
1765 2273 1943 2347 luculente
1960 2295 1983 2344 a
1998 2274 2179 2370 Campano
2197 2298 2302 2370 pro·-

652 2392 790 2486 positis,
816 2397 1021 2492 neutiquam
1048 2396 1208 2471 dubitare
1239 2398 1434 2470 faterentur
1453 2417 1503 2466 :a
1533 2403 1630 2467 secta
1645 2403 1777 2482 tamen,
1798 2397 1837 2468 in
1866 2419 1936 2491 qua
1966 2400 2040 2469 nati
2068 2396 2282 2492 educatique

652 2513 780 2601 forent,
800 2517 1029 2614 perfugarum
1059 2522 1130 2594 ritu
1161 2522 1372 2602 desciscere,
1393 2519 1471 2590 sine
1501 2517 1602 2612 gravi
1633 2518 1818 2606 dedecore,
1848 2517 2007 2593 dicerent
2024 2520 2122 2592 haud
2153 2543 2276 2616 posse.
2319 2618 2322 2621 Δ

651 2635 914 2730 Respectnbant
930 2642 983 2714 illi
1015 2667 1052 2716 se
1071 2665 1108 2716 se
1124 2644 1293 2728 vicissim,
1314 2644 1345 2714 si
1362 2643 1440 2738 quis
1457 2640 1602 2735 primus,
1620 2641 1843 2738 popularium
1878 2665 2021 2714 suorum
2035 2645 2048 2736 j
2054 2644 2168 2716 udicio
2186 2645 2279 2718 invi·

651 2758 780 2853 diaque
799 2762 972 2857 superior,
992 2767 1132 2838 caeteris
1149 2765 1317 2862 proderet
1336 2752 1545 2858 exemplum'.
1568 2763 1735 2836 Humana
1750 2763 1803 2835 illi
1830 2763 1965 2837 scilicet
1991 2765 2087 2860 passi
2123 2771 2280 2862 experti·

651 2907 729 2979 que,
747 2884 784 2956 in
813 2885 950 2960 lubrico
980 2889 1133 2984 positam
1151 2914 1229 2964 esse
1254 2889 1456 2963 mortalium
1486 2893 1663 2974 naturam,
1684 2885 1945 2981 procliviusqne
1974 2871 2158 2961 incitatam
2186 2890 2276 2978 labi,

653 3029 758 3102 quam
774 3007 912 3105 lapsam
927 3015 1090 3084 revocari
1106 3037 1224 3109 posse,
1247 3037 1381 3111 suoque
1394 3016 1432 3088 in
1445 3012 1560 3110 gradu
1581 3013 1762 3086 sustineri.

701 3131 862 3206 Favebat
882 3135 1066 3209 Sociorum
1088 3139 1237 3236 inceptis
1260 3126 1406 3213 mirifice
1431 3136 1720 3233 religiosissimus
1741 3139 1903 3234 princeps
1927 3138 2103 3231 Georgius
2117 3137 2280 3212 Radivil·

651 3254 721 3337 lus,
741 3253 964 3330 Vilnensinm
989 3261 1189 3358 episcopus,
1220 3265 1407 3337 Societatis
1430 3269 1562 3362 nostra
1580 3251 1798 3354 usqueadeo
1822 3283 1961 3345 amans,
1982 3270 2020 3334 ut
2046 3263 2179 3335 ineam
2203 3262 2282 3358 ipse

651 3382 858 3476 aggregari,
879 3392 915 3457 et
933 3398 1076 3482 cuperet
1101 3389 1340 3476 vehementer,
1361 3398 1397 3463 et
1422 3392 1499 3486 ejus
1516 3388 1568 3460 rei
1586 3385 1725 3459 veniam
1752 3407 1775 3456 a
1800 3387 1965 3458 Romano
1983 3384 2154 3460 Pontifice
2172 3389 2281 3460 etiam

654 3517 760 3602 atquc
777 3510 883 3582 etiam
899 3519 1034 3605 peteret
1050 3515 1099 3611 (ι).
1116 3517 1283 3611 Negabat
1301 3517 1336 3588 id
1359 3513 1574 3609 Gregorius;
1596 3508 1690 3604 quod
1718 3509 1955 3594 existimabat,
1975 3509 2154 3582 utiliorem
2172 3512 2210 3583 in
2235 3536 2280 3586 eo

532 3668 571 3723 13.
654 3635 749 3702 statu
774 3653 838 3703 suo
857 3632 1003 3727 Georgii
1030 3659 1172 3732 operam
1197 3639 1299 3712 iore:
1322 3661 1444 3734 quare,
1466 3657 1534 3728 quo
1552 3633 1667 3704 virum
1694 3631 1925 3726 amplioribus
1948 3631 2055 3704 etiam
2081 3633 2280 3706 cumularet

475 3750 605 3883 gffit
653 3752 872 3839 muneribus,
892 3755 930 3827 in
959 3769 1119 3833 senatum
1149 3761 1379 3834 cardinalium
1397 3780 1438 3831 eo
1464 3757 1538 3828 fere
1558 3762 1713 3848 tempore
1731 3752 1866 3848 allegit,
1888 3777 1956 3847 quo
1976 3755 2154 3850 Georgius
2171 3755 2281 3850 Rigae

475 3905 595 3974 rumpis·
651 3875 687 3946 in
707 3875 890 3948 Sociorum
913 3880 1089 3955 domicilio
1115 3907 1178 3980 per
1204 3907 1324 3958 sacras
1338 3883 1382 3953 B.
1400 3878 1517 3951 Patris
1534 3878 1646 3949 nostri
1657 3877 1969 3950 commentationes
1981 3877 2027 3948 ad
2042 3878 2280 3950 sacerdotium

474 3985 623 4057 copusvil-
651 4020 689 4071 sc
706 3988 944 4094 praeparabat,
965 4005 1093 4080 deinde
1137 4009 1253 4082 Vilnae
1270 4009 1316 4080 ab
1346 4004 1493 4078 Albcrto
1525 3999 1737 4095 Bolognetto
1760 3999 1894 4072 Massae
1924 4001 2103 4094 episcopo,
2125 4001 2280 4072 Romani

475 4079 611 4213 qqnqqqq
653 4123 837 4196 Pontificis
854 4125 948 4218 apud
976 4128 1132 4201 Polonos
1158 4087 1338 4215 nhntio,V
1356 4124 1509 4199 halend.
1532 4125 1678 4220 januar.
1707 4121 1864 4216 ejusdem
1883 4121 2036 4194 civitatis
2054 4128 2089 4193 et
2114 4121 2278 4194 dioecesis

475 4225 623 4358 ἔξω·
653 4248 803 4320 antistes
831 4253 1258 4333 consecratur;,Hostiam
1287 4255 1361 4324 Deo
1384 4249 1550 4323 sacerdos
1568 4247 1717 4342 primam
1743 4244 1864 4338 Rigse,
1885 4245 2069 4338 intemplo
2088 4245 2131 4316 B.
2150 4237 2278 4317 Jacobi

651 4377 787 4454 nostro,
804 4370 862 4443 die
880 4371 915 4442 ll
933 4370 1076 4446 kalend.
1093 4375 1171 4470 jun.
1189 4377 1417 4450 Pentecostes
1430 4374 1557 4468 primo,
1573 4368 1856 4442 ministrantibus
1874 4367 2010 4439 nostris·
2021 4367 2159 4440 obtulit.

476 4465 614 4531 T⁰¹⁰¹²¹¹¹¹¹¹
701 4479 938 4569 Eristimahat
967 4499 1169 4594 Stephanus
1194 4524 1257 4574 rex
1287 4525 1306 4575 e
1335 4525 1375 4574 re
1393 4500 1567 4572 catholica
1592 4497 1681 4580 lore,
1715 4495 1746 4566 si
1772 4494 1818 4565 ad
1845 4515 1901 4577 ea,
1922 4517 2001 4587 quae
2030 4495 2143 4566 Sociis
2171 4493 2279 4590 Rigas

475 4544 604 4600 etCoeno-

476 4622 550 4712 ntum
568 4621 624 4675 nte
654 4619 843 4707 obtulerat,
862 4624 1032 4720 templum
1049 4648 1187 4721 quoque
1205 4629 1249 4700 B.
1275 4629 1405 4702 Mariae
1422 4626 1662 4723 Magdalenae,
1678 4623 1756 4719 jam
1785 4622 1868 4694 olim
1886 4621 1932 4693 ab
1948 4623 2126 4694 haereticis
2154 4625 2281 4719 mystis

476 4699 604 4856 ἓξὲξ.
653 4747 890 4844 profanatum,
906 4755 943 4820 et
961 4749 1245 4823 cisterciensium
1260 4753 1529 4848 parthenonem,
1547 4751 1583 4821 in
1597 4769 1665 4842 quo
1678 4754 1752 4819 tres
1769 4747 1886 4818 adhuc
1899 4747 1986 4841 ipsae
2000 4745 2158 4840 virgines
2172 4769 2277 4833 anus,

477 4858 603 4914 ⁰³5⁸⁰b¹⁸·
652 4893 782 4966 sponso
796 4893 860 4943 suo
880 4871 1020 4945 Christo
1038 4872 1161 4946 fideles
1188 4875 1292 4970 (inter
1318 4897 1379 4948 eas
1392 4876 1497 4948 Anna
1510 4874 1619 4969 Tepel
1632 4874 1805 4956 antistita,
1827 4895 1940 4944 annos
1953 4873 2030 4966 jam
2047 4881 2188 4945 centum
2204 4897 2282 4945 am-

474 4940 512 4993 m
649 4995 742 5092 plius
772 5003 882 5070 nata:
903 4997 1050 5094 reliquae
1080 4997 1184 5094 paulo
1208 5000 1381 5094 juniores)
1409 5000 1595 5094 sexaginta
1624 5019 1734 5092 prope
1751 5019 1862 5069 annos
1890 4997 2057 5069 miserum
2082 4998 2120 5069 in
2137 4999 2283 5071 modum

648 5129 786 5194 vexatae
803 5123 1019 5211 restiterant,
1035 5124 1269 5220 adjunxisset.
1286 5125 1333 5196 Et
1349 5123 1517 5220 templum
1531 5132 1566 5196 et
1585 5120 1677 5194 sacri
1694 5120 1855 5216 gyncoaei
1873 5120 1968 5193 aedes
1982 5121 2162 5195 Demetrio
2182 5123 2280 5196 Suli-
2410 5129 2411 5167 ³

2409 5253 2410 5333 l

696 5271 780 5354 (ttln
794 5275 965 5338 Societatem
981 5278 1110 5353 cooptari
1125 5276 1211 5351 cupit.
