4906 6642
645 819 754 880 urana
777 819 966 882 SECUNDUS
986 824 1197 898 (rari-raso).
1722 809 1761 874 61

162 1001 476 1099 “permitteremus
498 999 586 1073 Cum
612 1023 725 1074 essem
749 1001 949 1087 Varsaviae,
970 1002 1133 1106 dominus
1159 1002 1301 1100 legatus
1328 1001 1555 1098 apostohcus,
1585 997 1764 1072 mentione
1790 1004 1855 1062 1⁵⁷9

161 1127 273 1199 efacta
290 1122 334 1196 de
353 1125 456 1196 Dom.
477 1125 621 1210 Vestra,
642 1133 779 1197 tantum
805 1126 856 1198 illi
875 1127 1010 1212 tribuit,
1039 1136 1208 1222 quantum
1232 1129 1292 1200 vix
1316 1129 1479 1221 cuiquam
1505 1101 1761 1220 episcoporum,

160 1273 236 1323 «me
253 1270 391 1343 quoque
404 1247 577 1342 judicium
594 1249 689 1322 illius
708 1250 752 1323 de
777 1251 880 1323 Dom.
902 1252 1031 1324 Vestra
1048 1253 1279 1347 approbante.
1301 1253 1431 1325 Postea
1456 1273 1561 1344 quam
1585 1250 1628 1334 is,
1659 1251 1765 1342 quam

160 1376 305 1447 «sortem
322 1395 363 1445 se
379 1395 472 1444 nunc
490 1374 641 1466 gesserit
671 1375 773 1446 Dom.
791 1376 934 1458 Vestra,
955 1378 1143 1470 agnoverit
1163 1402 1171 1448 :
1192 1377 1307 1470 magis
1333 1375 1437 1448 etiam
1452 1373 1625 1469 judicium
1643 1373 1687 1444 dc
1704 1370 1767 1444 illa

159 1520 283 1571 usuum
299 1495 543 1580 confirmabit;
576 1497 693 1580 modo,
721 1499 1013 1592 quemadmodum
1038 1497 1315 1595 coepit,'porgat.
1335 1498 1477 1572 Videbit
1502 1498 1605 1569 Dom.
1622 1496 1763 1579 Vestra,

157 1624 294 1696 «Deum
311 1642 382 1693 non
401 1620 522 1693 defore
540 1620 613 1693 suis
630 1621 697 1716 piis
716 1621 919 1709 conatibus;
940 1630 976 1696 et
1005 1624 1064 1718 qui
1085 1647 1178 1696 nunc
1207 1623 1350 1696 minime
1376 1624 1516 1718 quidem
1539 1621 1686 1695 ferenda
1702 1643 1765 1692 au*

158 1777 171 1808 e
188 1747 283 1820 dacia
300 1752 337 1818 et
354 1745 559 1840 arrogantia
575 1745 613 1818 in
631 1768 734 1818 omne
752 1769 865 1840 genus
882 1747 1072 1843 impietatis
1105 1748 1303 1844 praecipites
1320 1749 1494 1831 feruntur,
1517 1769 1578 1819 eos
1596 1745 1766 1819 demissu-

156 1894 241 1942 «ros
258 1892 336 1942 esse
359 1870 500 1954 cristas,
522 1891 564 1942 ac
591 1866 742 1942 fortasse
770 1870 889 1958 etiam,
910 1871 941 1944 si
969 1872 1065 1944 Deus
1092 1879 1227 1945 mentes
1255 1895 1376 1944 eorum
1400 1869 1574 1966 inspirare
1600 1868 1767 1964 dignatus

156 1969 287 2067 «luerit
324 1992 433 2088 (quod
450 1993 666 2087 sperandum
696 1993 799 2066 nobis
835 2001 870 2067 et
905 1995 1096 2090 optandum
1125 2021 1132 2068 :
1158 2019 1203 2069 ne
1231 1995 1324 2069 idem
1349 1995 1434 2079 iuis,
1464 1995 1557 2088 quod
1582 1991 1661 2065 aliis
1687 1998 1767 2087 post

154 2123 329 2190 “mortem
344 2115 494 2211 accidat)
511 2117 549 2188 in
565 2116 660 2190 viam
685 2139 764 2190 esse
791 2118 980 2191 redituros.
1003 2119 1150 2190 Utinam
1175 2126 1294 2191 autem
1321 2126 1356 2191 et
1381 2117 1470 2190 illud
1495 2117 1633 2190 efficere
1658 2113 1769 2211 possit
1813 2167 1817 2174 .

153 2273 167 2304 κ
184 2243 311 2314 Vestra
323 2239 444 2322 Dom.,
460 2263 505 2313 ne
519 2239 597 2334 quis
610 2240 775 2335 deinceps
790 2240 1003 2336 sacrilegum
1016 2243 1128 2316 altare
1146 2250 1269 2317 contra
1286 2242 1445 2314 veritatis
1463 2238 1670 2314 cathedram
1686 2260 1768 2312 con·

154 2365 328 2439 «stituere
346 2363 489 2436 audeat.
511 2363 648 2436 muniet
665 2371 783 2436 autem
800 2389 880 2437 cum
898 2367 964 2439 Dei
982 2367 1127 2450 auxih0‚
1148 2368 1179 2437 si
1205 2365 1463 2462 conspiratione
1491 2388 1568 2436 cum
1599 2362 1679 2434 aliis
1707 2361 1767 2433 do·

151 2520 166 2550 κ
183 2489 288 2562 minis
305 2488 479 2584 episcopis
498 2497 533 2561 et
551 2489 741 2598 cathohcis·
760 2490 983 2564 senatoribus
1000 2490 1106 2574 facta,
1123 2491 1323 2564 ascenderit
1340 2513 1384 2563 ex
1397 2491 1560 2574 adverso,
1575 2513 1617 2562 ac
1630 2511 1770 2560 murum

150 2637 221 2688 «se
250 2637 318 2709 pro
347 2613 451 2686 domo
483 2613 598 2687 Israel
627 2614 843 2709 opposuerit,
875 2622 910 2688 et
938 2616 1062 2710 praelia
1088 2615 1229 2688 Domini
1255 2614 1394 2687 fortiter
1419 2612 1650 2686 dimicaverit.
1684 2613 1768 2685 Non

152 2739 299 2812 adeant
329 2739 438 2812 etiam
467 2738 565 2833 regis
592 2737 758 2811 catholici
782 2739 984 2825 consilium,
1012 2739 1116 2812 modo
1147 2741 1300 2835 plurium
1330 2763 1523 2814 consensus
1552 2739 1658 2812 adsit.
1680 2738 1770 2810 Haec

149 2885 249 2957 ecgo
268 2885 334 2957 pro
352 2885 431 2936 meo
450 2885 537 2957 erga
562 2862 742 2934 Dominat.
764 2863 931 2936 Vestram
956 2863 1072 2936 studio
1099 2873 1134 2936 et
1163 2865 1398 2949 observantia,
1419 2864 1503 2960 quin
1533 2859 1771 2936 Dominationi

147 3018 161 3048 ι
181 2987 325 3059 Vestrae
342 2985 547 3072 scriberem,
568 2993 691 3059 tenere
708 3009 764 3059 me
781 3010 853 3060 non
877 2987 987 3082 potui.
1009 2987 1094 3060 Fuit
1111 2995 1230 3061 autem
1248 2995 1283 3062 et
1300 2989 1378 3062 haec
1394 3011 1466 3061 non
1489 2988 1634 3060 minima
1664 2987 1767 3070 ratic,

148 3141 163 3171 a
181 3131 291 3205 quam
317 3109 362 3181 ob
389 3132 464 3182 rem
490 3109 527 3180 id
551 3109 717 3192 faceram,
738 3110 844 3203 quod,
875 3111 1041 3206 quamdiu
1071 3113 1220 3185 schisma
1251 3113 1460 3207 permissum
1488 3112 1568 3184 istic
1596 3110 1714 3194 fuerit,
1734 3109 1772 3182 in

144 3262 160 3294 a
180 3232 300 3306 oculis
318 3232 430 3328 regiae
447 3234 658 3330 majestatie,
678 3235 851 3308 rationem
867 3236 969 3310 video
987 3236 1133 3323 nullam,
1155 3260 1225 3332 qua
1242 3259 1307 3310 nos
1324 3235 1425 3322 illud,
1442 3236 1584 3331 longius
1615 3236 1659 3308 ab
1677 3234 1772 3307 illius

144 3387 161 3418 κ
177 3358 374 3454 maJestate
391 3357 530 3443 remoti,
552 3357 740 3452 prohibere
757 3383 939 3453 queamus.
961 3360 1096 3441 Quibus
1121 3361 1209 3432 illud
1235 3360 1384 3434 subinde
1401 3359 1570 3433 occinitur
1591 3385 1598 3430 :
1618 3357 1688 3432 fert
1707 3359 1774 3431 hoc

144 3511 159 3543 ι
180 3483 292 3576 regia
310 3481 479 3576 majestas
497 3482 533 3553 in
550 3505 614 3554 suo
640 3489 850 3578 conspectu;
877 3494 914 3557 et
941 3492 979 3557 tu
1006 3492 1110 3579 putas
1136 3483 1302 3569 futurum,
1333 3485 1430 3556 utin
1455 3491 1628 3566 nostem
1651 3482 1775 3577 procul
1844 3524 1846 3539 ·

140 3636 156 3666 κ
175 3607 344 3690 dissitos,
366 3605 719 3680 animadvertendum
736 3630 814 3680 esse
831 3609 957 3703 putati
975 3609 1063 3680 Haec
1089 3633 1162 3682 una
1187 3616 1326 3694 estres,
1355 3632 1435 3704 quae
1461 3609 1497 3681 in
1516 3608 1666 3680 Polonia
1684 3607 1774 3680 etin

141 3761 159 3790 ι
174 3731 220 3803 iis
241 3730 356 3804 terris
382 3729 542 3803 Prussiae
558 3730 696 3803 animos
713 3730 833 3803 multis
856 3732 942 3805 facit
966 3733 1013 3805 ad
1030 3732 1233 3806 audendum
1258 3733 1388 3816 omnia,
1409 3733 1454 3805 ad
1474 3733 1653 3828 quodhbet
1669 3739 1776 3806 sectae

140 3884 154 3914 κ
174 3879 302 3950 genus
327 3854 623 3950 amplectendum,
644 3855 738 3950 quod
754 3857 896 3951 impune
920 3857 1007 3929 talia
1033 3856 1111 3930 fieri
1132 3859 1265 3941 vident,
1291 3857 1512 3953 inspectante
1537 3859 1638 3952 regia
1667 3859 1774 3952 maje-

135 4010 149 4040 =
170 3989 297 4066 state;
322 3981 502 4074 quaedum
518 4003 591 4052 non
608 3980 753 4063 resistit,
774 3981 962 4074 approbari
988 3981 1078 4054 illud
1096 3983 1142 4054 ab
1169 3983 1246 4076 ejus
1274 3983 1460 4078 majestate
1481 3981 1772 4076 interpretantur.

135 4138 152 4169 υ
171 4108 422 4206 Expeditiora
439 4106 541 4180 nobis
557 4108 616 4180 hic
633 4106 749 4180 forent
766 4106 895 4192 omnia,
917 4109 959 4193 si,
981 4109 1074 4202 quod
1091 4110 1200 4182 semel
1212 4117 1248 4181 et
1267 4110 1395 4182 iterum
1421 4131 1539 4183 coram
1566 4107 1639 4179 dixi
1664 4105 1775 4199 regiae

133 4262 149 4294 κ
169 4234 382 4330 majestati,
409 4229 603 4304 manifestis
638 4232 815 4326 aliquibus
841 4231 1059 4305 documentis
1084 4233 1228 4328 planum
1253 4232 1385 4307 faceret
1409 4235 1575 4327 majestas
1600 4230 1708 4314 illius,
1738 4251 1776 4301 se

128 4388 144 4418 κ
164 4357 429 4432 abominanda
446 4358 516 4431 ista
535 4357 725 4430 schismata
742 4357 917 4442 aversari3
934 4357 1026 4449 quod
1045 4379 1123 4429 eam
1145 4357 1317 4430 facturam
1334 4380 1406 4428 non
1423 4356 1559 4436 dubito,
1576 4355 1605 4428 si
1623 4354 1777 4450 diligens

127 4513 144 4544 ι
164 4483 282 4557 Dom.
309 4482 455 4556 Vestrae
472 4481 627 4554 studium
645 4487 680 4553 et
694 4479 896 4554 sollicitudo
922 4504 991 4553 non
1011 4481 1146 4565 deerit3
1163 4505 1267 4575 quam
1281 4489 1316 4552 et
1340 4481 1456 4575 ipsum
1474 4479 1618 4552 minime
1640 4477 1776 4550 defutu-

125 4638 142 4668 κ
160 4631 262 4692 ram,
284 4605 438 4680 omnino
455 4628 663 4699 persuasum
680 4606 807 4678 habeo.
823 4606 954 4676 Datum
968 4628 1011 4676 ex
1028 4612 1145 4677 castro
1161 4603 1430 4699 Heilsbergensi
1448 4606 1472 4676 4
1490 4603 1607 4677 martii
1628 4602 1737 4676 1557.
1758 4636 1773 4668 η

168 4732 285 4805 ldem
328 4731 480 4802 eundem
508 4728 632 4803 laudat
661 4729 869 4814 antistitem,
900 4729 993 4823 quod
1019 4728 1205 4802 haereticos
1233 4751 1253 4802 e
1278 4728 1430 4823 quodam
1452 4726 1639 4812 domiciho,
1669 4724 1778 4821 ipsius

121 4854 335 4952 religionis
353 4875 471 4938 causa,
493 4853 684 4948 ejiciendos
702 4853 904 4927 curaverit:
997 4921 998 4926 ,
1370 4863 1372 4866 ’

170 5011 188 5041 κ
214 4977 346 5061 Quod
365 4977 470 5050 Dom.
490 4978 623 5051 Vestra
650 4984 748 5050 tanto
766 4977 882 5049 studio
906 4974 1132 5070 curavit,er
1158 4996 1201 5046 ex
1228 4974 1313 5046 ovili
1330 4996 1394 5048 suo
1423 4970 1696 5068 propulsandos,
1718 4969 1779 5076 qui
1804 4974 1938 5068 njpsueq·

121 5135 137 5166 ε
156 5103 258 5180 nulli
298 5100 363 5174 rei
387 5101 500 5194 magis
529 5099 683 5186 student,
709 5122 814 5196 quam
836 5108 876 5173 ut
896 5099 1025 5172 Christi
1043 5121 1201 5193 gregem,
1221 5117 1325 5191 quem
1342 5093 1403 5166 ille
1429 5093 1583 5187 pretioso
1606 5087 1778 5190 sanguine
1803 5053 1939 5193 wudu

122 5258 136 5286 ι
159 5251 229 5302 suo
251 5224 433 5318 collegit,
460 5224 666 5320 dispergere
683 5225 832 5321 possint,
858 5245 1024 5317 magnam
1049 5230 1105 5294 est
1122 5245 1166 5293 ex
1188 5242 1231 5292 ea
1248 5241 1285 5291 re
1302 5216 1443 5290 laudem
1460 5223 1496 5288 at
1526 5215 1677 5310 gloriam
1694 5235 1778 5286 con·
