<?xml version="1.0" encoding="UTF-8"?>
<!DOCTYPE html PUBLIC "-//W3C//DTD XHTML 1.0 Transitional//EN"
    "http://www.w3.org/TR/xhtml1/DTD/xhtml1-transitional.dtd">
<html xmlns="http://www.w3.org/1999/xhtml" xml:lang="en" lang="en">
 <head>
  <title>
</title>
<meta http-equiv="Content-Type" content="text/html;charset=utf-8" />
  <meta name='ocr-system' content='tesseract 3.04.00' />
  <meta name='ocr-capabilities' content='ocr_page ocr_carea ocr_par ocr_line ocrx_word'/>
</head>
<body>
  <div class='ocr_page' id='page_1' title='image "./lituanicarumsoc00rostgoog_0227.png"; bbox 0 0 4948 6654; ppageno 0'>
   <div class='ocr_carea' id='block_1_1' title="bbox 641 756 1921 822">
    <p class='ocr_par' dir='ltr' id='par_1_1' title="bbox 641 756 1921 822">
     <span class='ocr_line' id='line_1_1' title="bbox 641 756 1921 822; baseline -0.003 0"><span class='ocrx_word' id='word_1_1' title='bbox 641 756 702 822; x_wconf 88' lang='lat'>200</span> <span class='ocrx_word' id='word_1_2' title='bbox 1030 757 1304 820; x_wconf 81' lang='lat' dir='ltr'>LlTUANlCARUM</span> <span class='ocrx_word' id='word_1_3' title='bbox 1328 759 1539 820; x_wconf 83' lang='lat' dir='ltr'>SOClETATIS</span> <span class='ocrx_word' id='word_1_4' title='bbox 1560 760 1648 822; x_wconf 84' lang='lat' dir='ltr'>JESU</span> <span class='ocrx_word' id='word_1_5' title='bbox 1670 759 1921 820; x_wconf 78' lang='lat' dir='ltr'>fflsTttRlnRUtt</span> 
     </span>
    </p>
   </div>
   <div class='ocr_carea' id='block_1_2' title="bbox 475 942 2270 3060">
    <p class='ocr_par' dir='ltr' id='par_1_2' title="bbox 640 942 2270 2895">
     <span class='ocr_line' id='line_1_2' title="bbox 643 942 2268 1039; baseline 0 -25"><span class='ocrx_word' id='word_1_6' title='bbox 643 945 721 1016; x_wconf 92' lang='lat' dir='ltr'>nuis</span> <span class='ocrx_word' id='word_1_7' title='bbox 739 943 914 1038; x_wconf 88' lang='lat' dir='ltr'>Rigensis</span> <span class='ocrx_word' id='word_1_8' title='bbox 929 942 1079 1038; x_wconf 84' lang='lat' dir='ltr'>Collegii</span> <span class='ocrx_word' id='word_1_9' title='bbox 1095 943 1223 1016; x_wconf 88' lang='lat' dir='ltr'>litteris</span> <span class='ocrx_word' id='word_1_10' title='bbox 1241 945 1496 1039; x_wconf 81' lang='lat' dir='ltr'>consignatam.</span> <span class='ocrx_word' id='word_1_11' title='bbox 1532 946 1585 1018; x_wconf 92' lang='lat' dir='ltr'>De</span> <span class='ocrx_word' id='word_1_12' title='bbox 1610 945 1677 1017; x_wconf 93' lang='lat' dir='ltr'>hac</span> <span class='ocrx_word' id='word_1_13' title='bbox 1703 943 1837 1017; x_wconf 90' lang='lat' dir='ltr'>Paulus</span> <span class='ocrx_word' id='word_1_14' title='bbox 1863 943 1970 1015; x_wconf 90' lang='lat' dir='ltr'>etiam</span> <span class='ocrx_word' id='word_1_15' title='bbox 1997 942 2205 1015; x_wconf 86' lang='lat' dir='ltr'>Piaseckius</span> <span class='ocrx_word' id='word_1_16' title='bbox 2233 943 2268 1014; x_wconf 90' lang='lat' dir='ltr'>in</span> 
     </span>
     <span class='ocr_line' id='line_1_3' title="bbox 644 1066 2268 1165; baseline 0.001 -27"><span class='ocrx_word' id='word_1_17' title='bbox 644 1067 717 1138; x_wconf 93' lang='lat' dir='ltr'>suis</span> <span class='ocrx_word' id='word_1_18' title='bbox 747 1071 957 1140; x_wconf 66' lang='lat' dir='ltr'>chronicis:</span> <span class='ocrx_word' id='word_1_19' title='bbox 980 1090 1044 1138; x_wconf 89' lang='lat' dir='ltr'>nec</span> <span class='ocrx_word' id='word_1_20' title='bbox 1061 1091 1186 1161; x_wconf 86' lang='lat' dir='ltr'>pauca,</span> <span class='ocrx_word' id='word_1_21' title='bbox 1209 1067 1334 1162; x_wconf 87' lang='lat' dir='ltr'>inquit,</span> <span class='ocrx_word' id='word_1_22' title='bbox 1361 1069 1695 1165; x_wconf 87' lang='lat' dir='ltr'>Hierosolymitanae</span> <span class='ocrx_word' id='word_1_23' title='bbox 1716 1067 1816 1140; x_wconf 84' lang='lat' dir='ltr'>famis</span> <span class='ocrx_word' id='word_1_24' title='bbox 1841 1067 2003 1162; x_wconf 83' lang='lat' dir='ltr'>exempla</span> <span class='ocrx_word' id='word_1_25' title='bbox 2035 1078 2120 1140; x_wconf 85' lang='lat' dir='ltr'>tuuc</span> <span class='ocrx_word' id='word_1_26' title='bbox 2137 1068 2173 1139; x_wconf 91' lang='lat' dir='ltr'>in</span> <span class='ocrx_word' id='word_1_27' title='bbox 2199 1066 2268 1139; x_wconf 91' lang='lat' dir='ltr'>illis</span> 
     </span>
     <span class='ocr_line' id='line_1_4' title="bbox 642 1190 2269 1287; baseline 0.002 -27"><span class='ocrx_word' id='word_1_28' title='bbox 642 1190 729 1263; x_wconf 90' lang='lat' dir='ltr'>locis</span> <span class='ocrx_word' id='word_1_29' title='bbox 748 1192 1024 1264; x_wconf 83' lang='lat' dir='ltr'>numerabantur</span> <span class='ocrx_word' id='word_1_30' title='bbox 1040 1217 1048 1276; x_wconf 89' lang='lat'>;</span> <span class='ocrx_word' id='word_1_31' title='bbox 1077 1215 1121 1264; x_wconf 83' lang='lat' dir='ltr'>ex</span> <span class='ocrx_word' id='word_1_32' title='bbox 1135 1215 1203 1286; x_wconf 94' lang='lat' dir='ltr'>quo</span> <span class='ocrx_word' id='word_1_33' title='bbox 1217 1191 1293 1264; x_wconf 88' lang='lat' dir='ltr'>lues</span> <span class='ocrx_word' id='word_1_34' title='bbox 1307 1193 1510 1265; x_wconf 88' lang='lat' dir='ltr'>morborum</span> <span class='ocrx_word' id='word_1_35' title='bbox 1524 1193 1810 1287; x_wconf 86' lang='lat' dir='ltr'>contagiosorum</span> <span class='ocrx_word' id='word_1_36' title='bbox 1824 1199 1948 1264; x_wconf 83' lang='lat' dir='ltr'>exorta</span> <span class='ocrx_word' id='word_1_37' title='bbox 1960 1200 2070 1263; x_wconf 88' lang='lat' dir='ltr'>totam</span> <span class='ocrx_word' id='word_1_38' title='bbox 2085 1191 2269 1264; x_wconf 90' lang='lat' dir='ltr'>Poloniam</span> 
     </span>
     <span class='ocr_line' id='line_1_5' title="bbox 642 1315 2268 1411; baseline 0.001 -25"><span class='ocrx_word' id='word_1_39' title='bbox 642 1316 809 1410; x_wconf 89' lang='lat' dir='ltr'>pervasit,</span> <span class='ocrx_word' id='word_1_40' title='bbox 831 1322 866 1387; x_wconf 88' lang='lat' dir='ltr'>et</span> <span class='ocrx_word' id='word_1_41' title='bbox 891 1315 927 1385; x_wconf 93' lang='lat' dir='ltr'>iu</span> <span class='ocrx_word' id='word_1_42' title='bbox 953 1322 1065 1387; x_wconf 91' lang='lat' dir='ltr'>totum</span> <span class='ocrx_word' id='word_1_43' title='bbox 1093 1316 1363 1411; x_wconf 89' lang='lat' dir='ltr'>subsequentem</span> <span class='ocrx_word' id='word_1_44' title='bbox 1393 1340 1524 1389; x_wconf 89' lang='lat' dir='ltr'>anuum</span> <span class='ocrx_word' id='word_1_45' title='bbox 1551 1317 1677 1390; x_wconf 90' lang='lat' dir='ltr'>acerbe</span> <span class='ocrx_word' id='word_1_46' title='bbox 1707 1316 1862 1388; x_wconf 81' lang='lat' dir='ltr'>vexavit.</span> <span class='ocrx_word' id='word_1_47' title='bbox 1897 1315 2053 1387; x_wconf 85' lang='lat' dir='ltr'>Redibat</span> <span class='ocrx_word' id='word_1_48' title='bbox 2070 1315 2202 1409; x_wconf 90' lang='lat' dir='ltr'>Rigam</span> <span class='ocrx_word' id='word_1_49' title='bbox 2224 1317 2268 1388; x_wconf 90' lang='lat' dir='ltr'>ab</span> 
     </span>
     <span class='ocr_line' id='line_1_6' title="bbox 643 1438 2270 1538; baseline 0.002 -30"><span class='ocrx_word' id='word_1_50' title='bbox 643 1439 751 1532; x_wconf 84' lang='lat' dir='ltr'>regiis</span> <span class='ocrx_word' id='word_1_51' title='bbox 779 1439 997 1535; x_wconf 75' lang='lat' dir='ltr'>sigismundi</span> <span class='ocrx_word' id='word_1_52' title='bbox 1030 1441 1156 1512; x_wconf 90' lang='lat' dir='ltr'>castris</span> <span class='ocrx_word' id='word_1_53' title='bbox 1175 1442 1217 1512; x_wconf 92' lang='lat' dir='ltr'>P.</span> <span class='ocrx_word' id='word_1_54' title='bbox 1236 1441 1438 1514; x_wconf 91' lang='lat' dir='ltr'>Fridericus</span> <span class='ocrx_word' id='word_1_55' title='bbox 1452 1442 1671 1526; x_wconf 90' lang='lat' dir='ltr'>Barstchius‚</span> <span class='ocrx_word' id='word_1_56' title='bbox 1696 1441 1733 1524; x_wconf 83' lang='lat' dir='ltr'>in</span> <span class='ocrx_word' id='word_1_57' title='bbox 1759 1439 1871 1512; x_wconf 90' lang='lat' dir='ltr'>multa</span> <span class='ocrx_word' id='word_1_58' title='bbox 1899 1438 1963 1538; x_wconf 84' lang='lat' dir='ltr'>ille</span> <span class='ocrx_word' id='word_1_59' title='bbox 1988 1447 2063 1512; x_wconf 89' lang='lat' dir='ltr'>tum</span> <span class='ocrx_word' id='word_1_60' title='bbox 2092 1441 2270 1512; x_wconf 90' lang='lat' dir='ltr'>horrenda</span> 
     </span>
     <span class='ocr_line' id='line_1_7' title="bbox 644 1562 2268 1659; baseline 0.001 -25"><span class='ocrx_word' id='word_1_61' title='bbox 644 1562 791 1636; x_wconf 87' lang='lat' dir='ltr'>incurrit</span> <span class='ocrx_word' id='word_1_62' title='bbox 808 1564 1033 1659; x_wconf 84' lang='lat' dir='ltr'>spectacula:</span> <span class='ocrx_word' id='word_1_63' title='bbox 1055 1563 1171 1658; x_wconf 91' lang='lat' dir='ltr'>quale,</span> <span class='ocrx_word' id='word_1_64' title='bbox 1192 1574 1322 1659; x_wconf 88' lang='lat' dir='ltr'>praeter</span> <span class='ocrx_word' id='word_1_65' title='bbox 1336 1565 1420 1647; x_wconf 89' lang='lat' dir='ltr'>alia,</span> <span class='ocrx_word' id='word_1_66' title='bbox 1442 1573 1532 1648; x_wconf 87' lang='lat' dir='ltr'>erat,</span> <span class='ocrx_word' id='word_1_67' title='bbox 1557 1589 1635 1637; x_wconf 92' lang='lat' dir='ltr'>cum</span> <span class='ocrx_word' id='word_1_68' title='bbox 1660 1565 1696 1635; x_wconf 90' lang='lat' dir='ltr'>iu</span> <span class='ocrx_word' id='word_1_69' title='bbox 1723 1586 1810 1658; x_wconf 87' lang='lat' dir='ltr'>agro</span> <span class='ocrx_word' id='word_1_70' title='bbox 1837 1563 2058 1636; x_wconf 90' lang='lat' dir='ltr'>morticinum</span> <span class='ocrx_word' id='word_1_71' title='bbox 2070 1564 2268 1659; x_wconf 88' lang='lat' dir='ltr'>jumentum</span> 
     </span>
     <span class='ocr_line' id='line_1_8' title="bbox 644 1679 2265 1790; baseline 0.001 -32"><span class='ocrx_word' id='word_1_72' title='bbox 644 1679 773 1760; x_wconf 88' lang='lat' dir='ltr'>stratus</span> <span class='ocrx_word' id='word_1_73' title='bbox 790 1688 951 1790; x_wconf 85' lang='lat' dir='ltr'>vernula,</span> <span class='ocrx_word' id='word_1_74' title='bbox 976 1688 1156 1782; x_wconf 90' lang='lat' dir='ltr'>esurigiue</span> <span class='ocrx_word' id='word_1_75' title='bbox 1173 1686 1288 1760; x_wconf 88' lang='lat' dir='ltr'>ferina</span> <span class='ocrx_word' id='word_1_76' title='bbox 1305 1689 1410 1783; x_wconf 91' lang='lat' dir='ltr'>plane</span> <span class='ocrx_word' id='word_1_77' title='bbox 1428 1713 1470 1762; x_wconf 93' lang='lat' dir='ltr'>ac</span> <span class='ocrx_word' id='word_1_78' title='bbox 1483 1690 1593 1774; x_wconf 90' lang='lat' dir='ltr'>rabie,</span> <span class='ocrx_word' id='word_1_79' title='bbox 1611 1689 1786 1783; x_wconf 87' lang='lat' dir='ltr'>unguibus</span> <span class='ocrx_word' id='word_1_80' title='bbox 1817 1687 2050 1782; x_wconf 84' lang='lat' dir='ltr'>dentibusque</span> <span class='ocrx_word' id='word_1_81' title='bbox 2079 1688 2265 1772; x_wconf 88' lang='lat' dir='ltr'>laceraret,</span> 
     </span>
     <span class='ocr_line' id='line_1_9' title="bbox 644 1811 2268 1907; baseline 0.001 -24"><span class='ocrx_word' id='word_1_82' title='bbox 644 1819 834 1907; x_wconf 87' lang='lat' dir='ltr'>apertaque</span> <span class='ocrx_word' id='word_1_83' title='bbox 847 1813 985 1885; x_wconf 89' lang='lat' dir='ltr'>viscera</span> <span class='ocrx_word' id='word_1_84' title='bbox 1001 1811 1175 1905; x_wconf 89' lang='lat' dir='ltr'>liguriret.</span> <span class='ocrx_word' id='word_1_85' title='bbox 1198 1815 1238 1884; x_wconf 90' lang='lat' dir='ltr'>ln</span> <span class='ocrx_word' id='word_1_86' title='bbox 1252 1813 1354 1907; x_wconf 80' lang='lat' dir='ltr'>pagis</span> <span class='ocrx_word' id='word_1_87' title='bbox 1369 1821 1404 1886; x_wconf 91' lang='lat' dir='ltr'>et</span> <span class='ocrx_word' id='word_1_88' title='bbox 1418 1814 1624 1887; x_wconf 91' lang='lat' dir='ltr'>diversoriis</span> <span class='ocrx_word' id='word_1_89' title='bbox 1637 1814 1783 1886; x_wconf 91' lang='lat' dir='ltr'>horrida</span> <span class='ocrx_word' id='word_1_90' title='bbox 1795 1813 1977 1886; x_wconf 86' lang='lat' dir='ltr'>visebatur</span> <span class='ocrx_word' id='word_1_91' title='bbox 1990 1813 2143 1886; x_wconf 91' lang='lat' dir='ltr'>solitudo</span> <span class='ocrx_word' id='word_1_92' title='bbox 2160 1837 2168 1885; x_wconf 92' lang='lat'>:</span> <span class='ocrx_word' id='word_1_93' title='bbox 2185 1823 2268 1886; x_wconf 88' lang='lat' dir='ltr'>ante</span> 
     </span>
     <span class='ocr_line' id='line_1_10' title="bbox 641 1935 2268 2032; baseline 0.002 -26"><span class='ocrx_word' id='word_1_94' title='bbox 641 1935 736 2009; x_wconf 85' lang='lat' dir='ltr'>fores</span> <span class='ocrx_word' id='word_1_95' title='bbox 755 1958 848 2022; x_wconf 88' lang='lat' dir='ltr'>ossa,</span> <span class='ocrx_word' id='word_1_96' title='bbox 869 1935 1003 2020; x_wconf 86' lang='lat' dir='ltr'>crania,</span> <span class='ocrx_word' id='word_1_97' title='bbox 1023 1935 1133 2018; x_wconf 85' lang='lat' dir='ltr'>tibiae,</span> <span class='ocrx_word' id='word_1_98' title='bbox 1154 1943 1266 2020; x_wconf 90' lang='lat' dir='ltr'>artus,</span> <span class='ocrx_word' id='word_1_99' title='bbox 1281 1937 1449 2030; x_wconf 83' lang='lat' dir='ltr'>jacebant</span> <span class='ocrx_word' id='word_1_100' title='bbox 1466 1938 1611 2032; x_wconf 89' lang='lat' dir='ltr'>passim,</span> <span class='ocrx_word' id='word_1_101' title='bbox 1632 1937 1855 2010; x_wconf 90' lang='lat' dir='ltr'>ambesorum</span> <span class='ocrx_word' id='word_1_102' title='bbox 1881 1959 2068 2032; x_wconf 90' lang='lat' dir='ltr'>corporum</span> <span class='ocrx_word' id='word_1_103' title='bbox 2097 1937 2268 2009; x_wconf 90' lang='lat' dir='ltr'>humano-</span> 
     </span>
     <span class='ocr_line' id='line_1_11' title="bbox 641 2058 2268 2164; baseline 0.001 -33"><span class='ocrx_word' id='word_1_104' title='bbox 641 2083 719 2164; x_wconf 79' lang='lat' dir='ltr'>rum</span> <span class='ocrx_word' id='word_1_105' title='bbox 737 2060 894 2154; x_wconf 87' lang='lat' dir='ltr'>reliquiae</span> <span class='ocrx_word' id='word_1_106' title='bbox 912 2085 919 2131; x_wconf 94' lang='lat'>:</span> <span class='ocrx_word' id='word_1_107' title='bbox 940 2060 976 2130; x_wconf 93' lang='lat' dir='ltr'>in</span> <span class='ocrx_word' id='word_1_108' title='bbox 991 2058 1149 2132; x_wconf 85' lang='lat' dir='ltr'>aediculis</span> <span class='ocrx_word' id='word_1_109' title='bbox 1165 2059 1223 2130; x_wconf 92' lang='lat' dir='ltr'>hic</span> <span class='ocrx_word' id='word_1_110' title='bbox 1233 2083 1355 2132; x_wconf 89' lang='lat' dir='ltr'>recens</span> <span class='ocrx_word' id='word_1_111' title='bbox 1373 2071 1575 2134; x_wconf 87' lang='lat' dir='ltr'>enectorum</span> <span class='ocrx_word' id='word_1_112' title='bbox 1593 2062 1779 2145; x_wconf 89' lang='lat' dir='ltr'>cadavera,</span> <span class='ocrx_word' id='word_1_113' title='bbox 1798 2061 1875 2134; x_wconf 89' lang='lat' dir='ltr'>illic</span> <span class='ocrx_word' id='word_1_114' title='bbox 1889 2062 2108 2134; x_wconf 89' lang='lat' dir='ltr'>concisorum</span> <span class='ocrx_word' id='word_1_115' title='bbox 2121 2084 2268 2157; x_wconf 90' lang='lat' dir='ltr'>puerum</span> 
     </span>
     <span class='ocr_line' id='line_1_12' title="bbox 640 2183 2267 2281; baseline 0.002 -25"><span class='ocrx_word' id='word_1_116' title='bbox 640 2183 835 2279; x_wconf 85' lang='lat' dir='ltr'>pendentes</span> <span class='ocrx_word' id='word_1_117' title='bbox 853 2207 898 2256; x_wconf 84' lang='lat' dir='ltr'>ex</span> <span class='ocrx_word' id='word_1_118' title='bbox 914 2183 1013 2256; x_wconf 86' lang='lat' dir='ltr'>furca</span> <span class='ocrx_word' id='word_1_119' title='bbox 1030 2206 1139 2278; x_wconf 88' lang='lat' dir='ltr'>supra</span> <span class='ocrx_word' id='word_1_120' title='bbox 1155 2183 1342 2256; x_wconf 86' lang='lat' dir='ltr'>fumarium</span> <span class='ocrx_word' id='word_1_121' title='bbox 1359 2208 1493 2279; x_wconf 84' lang='lat' dir='ltr'>pernae.</span> <span class='ocrx_word' id='word_1_122' title='bbox 1514 2186 1700 2260; x_wconf 90' lang='lat' dir='ltr'>Terribilis</span> <span class='ocrx_word' id='word_1_123' title='bbox 1726 2207 1989 2280; x_wconf 89' lang='lat' dir='ltr'>quaquaversus</span> <span class='ocrx_word' id='word_1_124' title='bbox 2018 2185 2267 2281; x_wconf 90' lang='lat' dir='ltr'>luctuosusque</span> 
     </span>
     <span class='ocr_line' id='line_1_13' title="bbox 641 2295 2269 2404; baseline 0.001 -24"><span class='ocrx_word' id='word_1_125' title='bbox 641 2307 867 2380; x_wconf 86' lang='lat' dir='ltr'>mortalitatis</span> <span class='ocrx_word' id='word_1_126' title='bbox 887 2316 1082 2403; x_wconf 88' lang='lat' dir='ltr'>respectus.</span> <span class='ocrx_word' id='word_1_127' title='bbox 1117 2307 1265 2401; x_wconf 84' lang='lat' dir='ltr'>Strages</span> <span class='ocrx_word' id='word_1_128' title='bbox 1290 2309 1471 2382; x_wconf 91' lang='lat' dir='ltr'>homiuum</span> <span class='ocrx_word' id='word_1_129' title='bbox 1502 2311 1653 2404; x_wconf 88' lang='lat' dir='ltr'>ingens:</span> <span class='ocrx_word' id='word_1_130' title='bbox 1684 2295 1731 2382; x_wconf 91' lang='lat' dir='ltr'>ad</span> <span class='ocrx_word' id='word_1_131' title='bbox 1747 2318 1898 2383; x_wconf 88' lang='lat' dir='ltr'>centum</span> <span class='ocrx_word' id='word_1_132' title='bbox 1925 2310 2076 2404; x_wconf 91' lang='lat' dir='ltr'>amplius</span> <span class='ocrx_word' id='word_1_133' title='bbox 2104 2310 2215 2384; x_wconf 93' lang='lat' dir='ltr'>millia</span> <span class='ocrx_word' id='word_1_134' title='bbox 2232 2313 2269 2382; x_wconf 90' lang='lat' dir='ltr'>in</span> 
     </span>
     <span class='ocr_line' id='line_1_14' title="bbox 641 2431 2269 2529; baseline 0.003 -27"><span class='ocrx_word' id='word_1_135' title='bbox 641 2431 806 2504; x_wconf 90' lang='lat' dir='ltr'>universa</span> <span class='ocrx_word' id='word_1_136' title='bbox 822 2431 987 2502; x_wconf 90' lang='lat' dir='ltr'>Livonia.</span> <span class='ocrx_word' id='word_1_137' title='bbox 1008 2431 1117 2526; x_wconf 87' lang='lat' dir='ltr'>Rigae</span> <span class='ocrx_word' id='word_1_138' title='bbox 1134 2431 1282 2525; x_wconf 89' lang='lat' dir='ltr'>triginta</span> <span class='ocrx_word' id='word_1_139' title='bbox 1299 2432 1410 2504; x_wconf 91' lang='lat' dir='ltr'>millia</span> <span class='ocrx_word' id='word_1_140' title='bbox 1428 2457 1472 2507; x_wconf 92' lang='lat' dir='ltr'>ea</span> <span class='ocrx_word' id='word_1_141' title='bbox 1495 2434 1697 2529; x_wconf 86' lang='lat' dir='ltr'>pestilentia</span> <span class='ocrx_word' id='word_1_142' title='bbox 1722 2433 1887 2506; x_wconf 90' lang='lat' dir='ltr'>dicuntur</span> <span class='ocrx_word' id='word_1_143' title='bbox 1913 2435 2112 2529; x_wconf 86' lang='lat' dir='ltr'>absumpta.</span> <span class='ocrx_word' id='word_1_144' title='bbox 2134 2434 2269 2508; x_wconf 89' lang='lat' dir='ltr'>Redire</span> 
     </span>
     <span class='ocr_line' id='line_1_15' title="bbox 641 2554 2266 2654; baseline 0.001 -28"><span class='ocrx_word' id='word_1_145' title='bbox 641 2554 750 2649; x_wconf 88' lang='lat' dir='ltr'>igitur</span> <span class='ocrx_word' id='word_1_146' title='bbox 764 2555 1008 2649; x_wconf 89' lang='lat' dir='ltr'>Sigismuudus</span> <span class='ocrx_word' id='word_1_147' title='bbox 1027 2555 1064 2626; x_wconf 93' lang='lat' dir='ltr'>iu</span> <span class='ocrx_word' id='word_1_148' title='bbox 1082 2555 1267 2626; x_wconf 91' lang='lat' dir='ltr'>Poloniam</span> <span class='ocrx_word' id='word_1_149' title='bbox 1286 2565 1440 2643; x_wconf 89' lang='lat' dir='ltr'>coactus,</span> <span class='ocrx_word' id='word_1_150' title='bbox 1455 2559 1593 2652; x_wconf 90' lang='lat' dir='ltr'>imperii</span> <span class='ocrx_word' id='word_1_151' title='bbox 1606 2581 1742 2631; x_wconf 89' lang='lat' dir='ltr'>summa</span> <span class='ocrx_word' id='word_1_152' title='bbox 1755 2559 1777 2630; x_wconf 89' lang='lat' dir='ltr'><strong>J</strong></span> <span class='ocrx_word' id='word_1_153' title='bbox 1780 2557 2116 2654; x_wconf 84' lang='lat' dir='ltr'>oauniZamoyskio</span> <span class='ocrx_word' id='word_1_154' title='bbox 2131 2557 2266 2631; x_wconf 92' lang='lat' dir='ltr'>caucel-</span> 
     </span>
     <span class='ocr_line' id='line_1_16' title="bbox 641 2677 2270 2773; baseline 0.002 -23"><span class='ocrx_word' id='word_1_155' title='bbox 641 2677 730 2750; x_wconf 88' lang='lat' dir='ltr'>lario</span> <span class='ocrx_word' id='word_1_156' title='bbox 745 2679 848 2773; x_wconf 92' lang='lat' dir='ltr'>regni</span> <span class='ocrx_word' id='word_1_157' title='bbox 861 2685 896 2750; x_wconf 90' lang='lat' dir='ltr'>et</span> <span class='ocrx_word' id='word_1_158' title='bbox 904 2677 985 2750; x_wconf 92' lang='lat' dir='ltr'>duci</span> <span class='ocrx_word' id='word_1_159' title='bbox 999 2679 1215 2750; x_wconf 85' lang='lat' dir='ltr'>exercituum</span> <span class='ocrx_word' id='word_1_160' title='bbox 1231 2677 1387 2752; x_wconf 88' lang='lat' dir='ltr'>Poloniae</span> <span class='ocrx_word' id='word_1_161' title='bbox 1404 2682 1547 2754; x_wconf 90' lang='lat' dir='ltr'>tradita.</span> <span class='ocrx_word' id='word_1_162' title='bbox 1570 2681 1692 2762; x_wconf 90' lang='lat' dir='ltr'>Nihilo</span> <span class='ocrx_word' id='word_1_163' title='bbox 1706 2681 1831 2756; x_wconf 93' lang='lat' dir='ltr'>melior</span> <span class='ocrx_word' id='word_1_164' title='bbox 1843 2681 1971 2752; x_wconf 87' lang='lat' dir='ltr'>civium</span> <span class='ocrx_word' id='word_1_165' title='bbox 1988 2681 2024 2752; x_wconf 92' lang='lat' dir='ltr'>iu</span> <span class='ocrx_word' id='word_1_166' title='bbox 2051 2683 2217 2754; x_wconf 86' lang='lat' dir='ltr'>Lituania</span> <span class='ocrx_word' id='word_1_167' title='bbox 2233 2690 2270 2754; x_wconf 90' lang='lat' dir='ltr'>et</span> 
     </span>
     <span class='ocr_line' id='line_1_17' title="bbox 641 2801 1315 2895; baseline -0.003 -20"><span class='ocrx_word' id='word_1_168' title='bbox 641 2802 788 2886; x_wconf 89' lang='lat' dir='ltr'>Russia,</span> <span class='ocrx_word' id='word_1_169' title='bbox 809 2823 914 2895; x_wconf 90' lang='lat' dir='ltr'>quam</span> <span class='ocrx_word' id='word_1_170' title='bbox 928 2801 964 2872; x_wconf 92' lang='lat' dir='ltr'>in</span> <span class='ocrx_word' id='word_1_171' title='bbox 979 2801 1131 2873; x_wconf 85' lang='lat' dir='ltr'>Livouia</span> <span class='ocrx_word' id='word_1_172' title='bbox 1145 2802 1315 2874; x_wconf 88' lang='lat' dir='ltr'>conditio.</span> 
     </span>
    </p>

    <p class='ocr_par' dir='ltr' id='par_1_3' title="bbox 475 2925 2266 3060">
     <span class='ocr_line' id='line_1_18' title="bbox 475 2925 2266 3060; baseline 0.004 -61"><span class='ocrx_word' id='word_1_173' title='bbox 475 2931 586 3060; x_wconf 62' lang='lat' dir='ltr'>roais</span> <span class='ocrx_word' id='word_1_174' title='bbox 692 2925 847 2999; x_wconf 85' lang='lat' dir='ltr'>Polociae</span> <span class='ocrx_word' id='word_1_175' title='bbox 865 2925 987 2998; x_wconf 92' lang='lat' dir='ltr'>ecdem</span> <span class='ocrx_word' id='word_1_176' title='bbox 1001 2932 1171 3019; x_wconf 87' lang='lat' dir='ltr'>tempore,</span> <span class='ocrx_word' id='word_1_177' title='bbox 1194 2927 1324 3019; x_wconf 93' lang='lat' dir='ltr'>inipso</span> <span class='ocrx_word' id='word_1_178' title='bbox 1343 2925 1483 3020; x_wconf 87' lang='lat' dir='ltr'>oppido,</span> <span class='ocrx_word' id='word_1_179' title='bbox 1503 2925 1560 2997; x_wconf 86' lang='lat' dir='ltr'>vel</span> <span class='ocrx_word' id='word_1_180' title='bbox 1576 2926 1667 2998; x_wconf 87' lang='lat' dir='ltr'>same</span> <span class='ocrx_word' id='word_1_181' title='bbox 1685 2926 1741 2999; x_wconf 88' lang='lat' dir='ltr'>vel</span> <span class='ocrx_word' id='word_1_182' title='bbox 1758 2927 1958 3022; x_wconf 86' lang='lat' dir='ltr'>pestilentia</span> <span class='ocrx_word' id='word_1_183' title='bbox 1984 2929 2095 3003; x_wconf 84' lang='lat' dir='ltr'>millia</span> <span class='ocrx_word' id='word_1_184' title='bbox 2119 2933 2266 3025; x_wconf 89' lang='lat' dir='ltr'>quinde-</span> 
     </span>
    </p>
   </div>
   <div class='ocr_carea' id='block_1_3' title="bbox 468 3047 2265 3150">
    <p class='ocr_par' dir='ltr' id='par_1_4' title="bbox 468 3047 2265 3150">
     <span class='ocr_line' id='line_1_19' title="bbox 468 3047 2265 3150; baseline 0.004 -30"><span class='ocrx_word' id='word_1_185' title='bbox 468 3087 552 3142; x_wconf 78' lang='lat' dir='ltr'>fames</span> <span class='ocrx_word' id='word_1_186' title='bbox 643 3072 709 3121; x_wconf 81' lang='lat' dir='ltr'>cim</span> <span class='ocrx_word' id='word_1_187' title='bbox 727 3071 909 3144; x_wconf 90' lang='lat' dir='ltr'>oppressa.</span> <span class='ocrx_word' id='word_1_188' title='bbox 931 3048 984 3120; x_wconf 92' lang='lat' dir='ltr'>De</span> <span class='ocrx_word' id='word_1_189' title='bbox 998 3047 1156 3142; x_wconf 86' lang='lat' dir='ltr'>Collegio</span> <span class='ocrx_word' id='word_1_190' title='bbox 1182 3049 1393 3120; x_wconf 89' lang='lat' dir='ltr'>novitiorum</span> <span class='ocrx_word' id='word_1_191' title='bbox 1419 3049 1561 3122; x_wconf 84' lang='lat' dir='ltr'>extincti</span> <span class='ocrx_word' id='word_1_192' title='bbox 1593 3058 1752 3144; x_wconf 90' lang='lat' dir='ltr'>septem:</span> <span class='ocrx_word' id='word_1_193' title='bbox 1785 3052 1854 3123; x_wconf 90' lang='lat' dir='ltr'>duo</span> <span class='ocrx_word' id='word_1_194' title='bbox 1881 3061 1916 3125; x_wconf 90' lang='lat' dir='ltr'>et</span> <span class='ocrx_word' id='word_1_195' title='bbox 1932 3053 2059 3148; x_wconf 86' lang='lat' dir='ltr'>viginti</span> <span class='ocrx_word' id='word_1_196' title='bbox 2085 3057 2265 3150; x_wconf 88' lang='lat' dir='ltr'>pestilenti</span> 
     </span>
    </p>
   </div>
   <div class='ocr_carea' id='block_1_4' title="bbox 469 3173 2267 3304">
    <p class='ocr_par' dir='ltr' id='par_1_5' title="bbox 469 3173 2267 3304">
     <span class='ocr_line' id='line_1_20' title="bbox 469 3173 2267 3304; baseline 0.003 -58"><span class='ocrx_word' id='word_1_197' title='bbox 469 3180 598 3304; x_wconf 38' lang='lat' dir='ltr'>muzza</span> <span class='ocrx_word' id='word_1_198' title='bbox 632 3173 764 3250; x_wconf 86' lang='lat' dir='ltr'>&#39;morbo</span> <span class='ocrx_word' id='word_1_199' title='bbox 789 3176 1003 3250; x_wconf 89' lang='lat' dir='ltr'>conflictati:</span> <span class='ocrx_word' id='word_1_200' title='bbox 1037 3199 1106 3248; x_wconf 88' lang='lat' dir='ltr'>uon</span> <span class='ocrx_word' id='word_1_201' title='bbox 1130 3175 1255 3249; x_wconf 88' lang='lat' dir='ltr'>tentati</span> <span class='ocrx_word' id='word_1_202' title='bbox 1275 3175 1427 3270; x_wconf 88' lang='lat' dir='ltr'>quinque</span> <span class='ocrx_word' id='word_1_203' title='bbox 1453 3199 1497 3248; x_wconf 85' lang='lat' dir='ltr'>ex</span> <span class='ocrx_word' id='word_1_204' title='bbox 1525 3175 1689 3248; x_wconf 87' lang='lat' dir='ltr'>universa</span> <span class='ocrx_word' id='word_1_205' title='bbox 1706 3177 1841 3250; x_wconf 84' lang='lat' dir='ltr'>familia</span> <span class='ocrx_word' id='word_1_206' title='bbox 1858 3179 2035 3252; x_wconf 88' lang='lat' dir='ltr'>restitere.</span> <span class='ocrx_word' id='word_1_207' title='bbox 2061 3180 2267 3260; x_wconf 82' lang='lat' dir='ltr'>Quindecim</span> 
     </span>
    </p>
   </div>
   <div class='ocr_carea' id='block_1_5' title="bbox 468 3299 2269 3647">
    <p class='ocr_par' dir='ltr' id='par_1_6' title="bbox 468 3299 2269 3647">
     <span class='ocr_line' id='line_1_21' title="bbox 583 3299 2268 3395; baseline -0.001 -20"><span class='ocrx_word' id='word_1_208' title='bbox 583 3323 589 3334; x_wconf 91' lang='lat'><em>·</em></span> <span class='ocrx_word' id='word_1_209' title='bbox 644 3299 886 3375; x_wconf 86' lang='lat' dir='ltr'>sacerdotibus</span> <span class='ocrx_word' id='word_1_210' title='bbox 904 3301 1024 3372; x_wconf 92' lang='lat' dir='ltr'>datum</span> <span class='ocrx_word' id='word_1_211' title='bbox 1044 3301 1249 3394; x_wconf 90' lang='lat' dir='ltr'>negotium;</span> <span class='ocrx_word' id='word_1_212' title='bbox 1277 3300 1337 3393; x_wconf 91' lang='lat' dir='ltr'>qui</span> <span class='ocrx_word' id='word_1_213' title='bbox 1364 3299 1403 3371; x_wconf 93' lang='lat' dir='ltr'>iu</span> <span class='ocrx_word' id='word_1_214' title='bbox 1429 3300 1528 3383; x_wconf 92' lang='lat' dir='ltr'>urbe,</span> <span class='ocrx_word' id='word_1_215' title='bbox 1550 3300 1677 3394; x_wconf 91' lang='lat' dir='ltr'>quique</span> <span class='ocrx_word' id='word_1_216' title='bbox 1704 3301 1739 3370; x_wconf 92' lang='lat' dir='ltr'>iu</span> <span class='ocrx_word' id='word_1_217' title='bbox 1767 3302 1869 3395; x_wconf 90' lang='lat' dir='ltr'>pagis</span> <span class='ocrx_word' id='word_1_218' title='bbox 1896 3311 2142 3375; x_wconf 88' lang='lat' dir='ltr'>succurrerent</span> <span class='ocrx_word' id='word_1_219' title='bbox 2162 3304 2268 3376; x_wconf 90' lang='lat' dir='ltr'>mori-</span> 
     </span>
     <span class='ocr_line' id='line_1_22' title="bbox 645 3423 2269 3534; baseline -0.001 -34"><span class='ocrx_word' id='word_1_220' title='bbox 645 3424 786 3500; x_wconf 92' lang='lat' dir='ltr'>bundis.</span> <span class='ocrx_word' id='word_1_221' title='bbox 816 3426 1069 3498; x_wconf 88' lang='lat' dir='ltr'>Trecentorum</span> <span class='ocrx_word' id='word_1_222' title='bbox 1099 3424 1280 3534; x_wconf 84' lang='lat' dir='ltr'>hominum</span> <span class='ocrx_word' id='word_1_223' title='bbox 1305 3423 1516 3496; x_wconf 88' lang='lat' dir='ltr'>miserabilis</span> <span class='ocrx_word' id='word_1_224' title='bbox 1540 3424 1657 3508; x_wconf 90' lang='lat' dir='ltr'>turba,</span> <span class='ocrx_word' id='word_1_225' title='bbox 1691 3425 1737 3496; x_wconf 90' lang='lat' dir='ltr'>ad</span> <span class='ocrx_word' id='word_1_226' title='bbox 1762 3431 1897 3519; x_wconf 86' lang='lat' dir='ltr'>portam</span> <span class='ocrx_word' id='word_1_227' title='bbox 1926 3427 2050 3499; x_wconf 92' lang='lat' dir='ltr'>domus</span> <span class='ocrx_word' id='word_1_228' title='bbox 2081 3449 2103 3498; x_wconf 91' lang='lat' dir='ltr'>a</span> <span class='ocrx_word' id='word_1_229' title='bbox 2136 3429 2269 3502; x_wconf 87' lang='lat' dir='ltr'>nostris</span> 
     </span>
     <span class='ocr_line' id='line_1_23' title="bbox 468 3542 2269 3647; baseline -0.001 -22"><span class='ocrx_word' id='word_1_230' title='bbox 468 3542 576 3597; x_wconf 68' lang='lat' dir='ltr'>Vl¹¹¹⁸¹²¹</span> <span class='ocrx_word' id='word_1_231' title='bbox 647 3551 802 3646; x_wconf 90' lang='lat' dir='ltr'>quotidie</span> <span class='ocrx_word' id='word_1_232' title='bbox 819 3551 856 3621; x_wconf 92' lang='lat' dir='ltr'>id</span> <span class='ocrx_word' id='word_1_233' title='bbox 870 3547 1037 3643; x_wconf 90' lang='lat' dir='ltr'>temporis</span> <span class='ocrx_word' id='word_1_234' title='bbox 1056 3549 1277 3642; x_wconf 91' lang='lat' dir='ltr'>pascebatur.</span> <span class='ocrx_word' id='word_1_235' title='bbox 1300 3548 1385 3619; x_wconf 87' lang='lat' dir='ltr'>Pari</span> <span class='ocrx_word' id='word_1_236' title='bbox 1398 3548 1571 3620; x_wconf 90' lang='lat' dir='ltr'>charitate</span> <span class='ocrx_word' id='word_1_237' title='bbox 1588 3549 1754 3621; x_wconf 87' lang='lat' dir='ltr'>servitum</span> <span class='ocrx_word' id='word_1_238' title='bbox 1781 3548 1898 3622; x_wconf 90' lang='lat' dir='ltr'>Viluee</span> <span class='ocrx_word' id='word_1_239' title='bbox 1917 3557 1952 3623; x_wconf 92' lang='lat' dir='ltr'>et</span> <span class='ocrx_word' id='word_1_240' title='bbox 1968 3551 2093 3624; x_wconf 89' lang='lat' dir='ltr'>animis</span> <span class='ocrx_word' id='word_1_241' title='bbox 2118 3573 2269 3647; x_wconf 89' lang='lat' dir='ltr'>pereun-</span> 
     </span>
    </p>
   </div>
   <div class='ocr_carea' id='block_1_6' title="bbox 467 3617 2268 3768">
    <p class='ocr_par' dir='ltr' id='par_1_7' title="bbox 467 3617 2268 3768">
     <span class='ocr_line' id='line_1_24' title="bbox 467 3617 2268 3768; baseline -0.002 -14"><span class='ocrx_word' id='word_1_242' title='bbox 467 3617 621 3754; x_wconf 52' lang='lat' dir='ltr'>iiiiilii·</span> <span class='ocrx_word' id='word_1_243' title='bbox 644 3677 730 3747; x_wconf 91' lang='lat' dir='ltr'>tium</span> <span class='ocrx_word' id='word_1_244' title='bbox 749 3684 784 3747; x_wconf 91' lang='lat' dir='ltr'>et</span> <span class='ocrx_word' id='word_1_245' title='bbox 800 3673 1019 3768; x_wconf 88' lang='lat' dir='ltr'>corporibus.</span> <span class='ocrx_word' id='word_1_246' title='bbox 1041 3673 1279 3767; x_wconf 84' lang='lat' dir='ltr'>Receptaculo</span> <span class='ocrx_word' id='word_1_247' title='bbox 1297 3673 1506 3745; x_wconf 90' lang='lat' dir='ltr'>miserorum</span> <span class='ocrx_word' id='word_1_248' title='bbox 1523 3674 1830 3768; x_wconf 91' lang='lat' dir='ltr'>ptochotrophium</span> <span class='ocrx_word' id='word_1_249' title='bbox 1859 3675 1904 3746; x_wconf 88' lang='lat' dir='ltr'>ab</span> <span class='ocrx_word' id='word_1_250' title='bbox 1935 3676 2094 3748; x_wconf 89' lang='lat' dir='ltr'>antistite</span> <span class='ocrx_word' id='word_1_251' title='bbox 2123 3677 2268 3750; x_wconf 86' lang='lat' dir='ltr'>Vilnen-</span> 
     </span>
    </p>
   </div>
   <div class='ocr_carea' id='block_1_7' title="bbox 467 3777 2266 3911">
    <p class='ocr_par' dir='ltr' id='par_1_8' title="bbox 467 3777 2266 3911">
     <span class='ocr_line' id='line_1_25' title="bbox 467 3777 2266 3911; baseline 0.004 -44"><span class='ocrx_word' id='word_1_252' title='bbox 467 3777 621 3911; x_wconf 56' lang='lat' dir='ltr'>pippppnpia</span> <span class='ocrx_word' id='word_1_253' title='bbox 645 3801 735 3873; x_wconf 92' lang='lat' dir='ltr'>sium</span> <span class='ocrx_word' id='word_1_254' title='bbox 753 3798 946 3872; x_wconf 88' lang='lat' dir='ltr'>Benedicto</span> <span class='ocrx_word' id='word_1_255' title='bbox 961 3796 1106 3892; x_wconf 84' lang='lat' dir='ltr'>Woyna</span> <span class='ocrx_word' id='word_1_256' title='bbox 1123 3797 1300 3868; x_wconf 91' lang='lat' dir='ltr'>conditum</span> <span class='ocrx_word' id='word_1_257' title='bbox 1313 3798 1378 3868; x_wconf 85' lang='lat' dir='ltr'>sub</span> <span class='ocrx_word' id='word_1_258' title='bbox 1394 3797 1534 3870; x_wconf 90' lang='lat' dir='ltr'>nomine</span> <span class='ocrx_word' id='word_1_259' title='bbox 1552 3797 1622 3868; x_wconf 91' lang='lat' dir='ltr'>divi</span> <span class='ocrx_word' id='word_1_260' title='bbox 1648 3799 1784 3884; x_wconf 85' lang='lat' dir='ltr'>Lazari,</span> <span class='ocrx_word' id='word_1_261' title='bbox 1818 3799 2056 3894; x_wconf 87' lang='lat' dir='ltr'>sodalitasque</span> <span class='ocrx_word' id='word_1_262' title='bbox 2090 3803 2266 3888; x_wconf 87' lang='lat' dir='ltr'>instituta,</span> 
     </span>
    </p>
   </div>
   <div class='ocr_carea' id='block_1_8' title="bbox 417 3898 2270 5134">
    <p class='ocr_par' dir='ltr' id='par_1_9' title="bbox 417 3898 2269 4641">
     <span class='ocr_line' id='line_1_26' title="bbox 466 3898 2268 4018; baseline 0.002 -22"><span class='ocrx_word' id='word_1_263' title='bbox 466 3898 559 4018; x_wconf 66' lang='lat' dir='ltr'>Piens</span> <span class='ocrx_word' id='word_1_264' title='bbox 587 4005 594 4018; x_wconf 48' lang='grc'>,</span> <span class='ocrx_word' id='word_1_265' title='bbox 645 3933 680 3998; x_wconf 88' lang='lat' dir='ltr'>et</span> <span class='ocrx_word' id='word_1_266' title='bbox 701 3947 796 3996; x_wconf 89' lang='lat' dir='ltr'>curae</span> <span class='ocrx_word' id='word_1_267' title='bbox 815 3923 997 3996; x_wconf 85' lang='lat' dir='ltr'>Sociorum</span> <span class='ocrx_word' id='word_1_268' title='bbox 1016 3919 1270 3993; x_wconf 89' lang='lat' dir='ltr'>commendata.</span> <span class='ocrx_word' id='word_1_269' title='bbox 1294 3921 1552 4014; x_wconf 84' lang='lat' dir='ltr'>Quadringenti</span> <span class='ocrx_word' id='word_1_270' title='bbox 1574 3921 1611 3993; x_wconf 95' lang='lat' dir='ltr'>in</span> <span class='ocrx_word' id='word_1_271' title='bbox 1628 3923 1668 3994; x_wconf 92' lang='lat' dir='ltr'>eo</span> <span class='ocrx_word' id='word_1_272' title='bbox 1688 3924 1886 3995; x_wconf 92' lang='lat' dir='ltr'>nosocomio</span> <span class='ocrx_word' id='word_1_273' title='bbox 1914 3925 2151 3998; x_wconf 88' lang='lat' dir='ltr'>curabantur:</span> <span class='ocrx_word' id='word_1_274' title='bbox 2184 3927 2268 3998; x_wconf 91' lang='lat' dir='ltr'>deni</span> 
     </span>
     <span class='ocr_line' id='line_1_27' title="bbox 469 4005 2269 4144; baseline 0.001 -23"><span class='ocrx_word' id='word_1_275' title='bbox 469 4005 604 4138; x_wconf 48' lang='lat' dir='ltr'>{iffi</span> <span class='ocrx_word' id='word_1_276' title='bbox 644 4050 681 4122; x_wconf 93' lang='lat' dir='ltr'>in</span> <span class='ocrx_word' id='word_1_277' title='bbox 694 4048 769 4121; x_wconf 89' lang='lat' dir='ltr'>dies</span> <span class='ocrx_word' id='word_1_278' title='bbox 788 4045 960 4140; x_wconf 90' lang='lat' dir='ltr'>singulos,</span> <span class='ocrx_word' id='word_1_279' title='bbox 990 4062 1025 4118; x_wconf 90' lang='lat' dir='ltr'>et</span> <span class='ocrx_word' id='word_1_280' title='bbox 1043 4045 1219 4116; x_wconf 90' lang='lat' dir='ltr'>interdum</span> <span class='ocrx_word' id='word_1_281' title='bbox 1240 4045 1359 4140; x_wconf 90' lang='lat' dir='ltr'>plures</span> <span class='ocrx_word' id='word_1_282' title='bbox 1389 4044 1544 4117; x_wconf 89' lang='lat' dir='ltr'>indidem</span> <span class='ocrx_word' id='word_1_283' title='bbox 1572 4048 1848 4140; x_wconf 85' lang='lat' dir='ltr'>exportabantur</span> <span class='ocrx_word' id='word_1_284' title='bbox 1874 4049 1920 4120; x_wconf 86' lang='lat' dir='ltr'>ad</span> <span class='ocrx_word' id='word_1_285' title='bbox 1937 4049 2101 4121; x_wconf 90' lang='lat' dir='ltr'>tumulos.</span> <span class='ocrx_word' id='word_1_286' title='bbox 2123 4050 2269 4144; x_wconf 87' lang='lat' dir='ltr'>Aliquot</span> 
     </span>
     <span class='ocr_line' id='line_1_28' title="bbox 417 4160 2266 4296; baseline 0 -50"><span class='ocrx_word' id='word_1_287' title='bbox 417 4193 421 4204; x_wconf 90' lang='lat'><em>·</em></span> <span class='ocrx_word' id='word_1_288' title='bbox 468 4160 601 4296; x_wconf 44' lang='lat' dir='ltr'>{sm</span> <span class='ocrx_word' id='word_1_289' title='bbox 641 4197 686 4246; x_wconf 88' lang='lat' dir='ltr'>ex</span> <span class='ocrx_word' id='word_1_290' title='bbox 700 4173 822 4247; x_wconf 90' lang='lat' dir='ltr'>eodem</span> <span class='ocrx_word' id='word_1_291' title='bbox 840 4170 999 4290; x_wconf 74' lang='lat' dir='ltr'>Collegio</span> <span class='ocrx_word' id='word_1_292' title='bbox 1017 4171 1155 4255; x_wconf 85' lang='lat' dir='ltr'>Patres,</span> <span class='ocrx_word' id='word_1_293' title='bbox 1175 4168 1221 4241; x_wconf 90' lang='lat' dir='ltr'>ad</span> <span class='ocrx_word' id='word_1_294' title='bbox 1236 4177 1353 4241; x_wconf 90' lang='lat' dir='ltr'>castra</span> <span class='ocrx_word' id='word_1_295' title='bbox 1379 4169 1540 4264; x_wconf 90' lang='lat' dir='ltr'>polonica</span> <span class='ocrx_word' id='word_1_296' title='bbox 1574 4171 1701 4254; x_wconf 88' lang='lat' dir='ltr'>vocati,</span> <span class='ocrx_word' id='word_1_297' title='bbox 1722 4171 1815 4243; x_wconf 88' lang='lat' dir='ltr'>iuter</span> <span class='ocrx_word' id='word_1_298' title='bbox 1832 4171 1957 4244; x_wconf 90' lang='lat' dir='ltr'>suuera</span> <span class='ocrx_word' id='word_1_299' title='bbox 1986 4175 2120 4267; x_wconf 90' lang='lat' dir='ltr'>pariter</span> <span class='ocrx_word' id='word_1_300' title='bbox 2146 4197 2266 4246; x_wconf 89' lang='lat' dir='ltr'>versa-</span> 
     </span>
     <span class='ocr_line' id='line_1_29' title="bbox 601 4283 2268 4386; baseline 0.001 -18"><span class='ocrx_word' id='word_1_301' title='bbox 601 4283 609 4296; x_wconf 74' lang='grc'>’</span> <span class='ocrx_word' id='word_1_302' title='bbox 641 4298 783 4370; x_wconf 88' lang='lat' dir='ltr'>bantur.</span> <span class='ocrx_word' id='word_1_303' title='bbox 813 4293 1007 4366; x_wconf 85' lang='lat' dir='ltr'>Interfuere</span> <span class='ocrx_word' id='word_1_304' title='bbox 1038 4292 1176 4365; x_wconf 89' lang='lat' dir='ltr'>cuidam</span> <span class='ocrx_word' id='word_1_305' title='bbox 1203 4293 1309 4364; x_wconf 91' lang='lat' dir='ltr'>etiam</span> <span class='ocrx_word' id='word_1_306' title='bbox 1336 4293 1536 4378; x_wconf 82' lang='lat' dir='ltr'>conuictui;</span> <span class='ocrx_word' id='word_1_307' title='bbox 1565 4293 1603 4365; x_wconf 92' lang='lat' dir='ltr'>in</span> <span class='ocrx_word' id='word_1_308' title='bbox 1628 4316 1696 4386; x_wconf 91' lang='lat' dir='ltr'>quo</span> <span class='ocrx_word' id='word_1_309' title='bbox 1725 4295 1772 4365; x_wconf 93' lang='lat' dir='ltr'>ad</span> <span class='ocrx_word' id='word_1_310' title='bbox 1799 4295 1868 4366; x_wconf 88' lang='lat' dir='ltr'>tria</span> <span class='ocrx_word' id='word_1_311' title='bbox 1903 4296 2055 4368; x_wconf 89' lang='lat' dir='ltr'>hostium</span> <span class='ocrx_word' id='word_1_312' title='bbox 2073 4297 2268 4370; x_wconf 83' lang='lat' dir='ltr'>Succorum</span> 
     </span>
     <span class='ocr_line' id='line_1_30' title="bbox 640 4416 2268 4517; baseline 0 -23"><span class='ocrx_word' id='word_1_313' title='bbox 640 4421 750 4494; x_wconf 91' lang='lat' dir='ltr'>millia</span> <span class='ocrx_word' id='word_1_314' title='bbox 778 4442 800 4490; x_wconf 90' lang='lat' dir='ltr'>a</span> <span class='ocrx_word' id='word_1_315' title='bbox 828 4417 1047 4491; x_wconf 88' lang='lat' dir='ltr'>nostratibus</span> <span class='ocrx_word' id='word_1_316' title='bbox 1078 4439 1185 4488; x_wconf 81' lang='lat' dir='ltr'>caesa.</span> <span class='ocrx_word' id='word_1_317' title='bbox 1216 4417 1284 4488; x_wconf 91' lang='lat' dir='ltr'>Hic</span> <span class='ocrx_word' id='word_1_318' title='bbox 1312 4416 1366 4488; x_wconf 91' lang='lat' dir='ltr'>illi</span> <span class='ocrx_word' id='word_1_319' title='bbox 1395 4417 1621 4489; x_wconf 89' lang='lat' dir='ltr'>moribundos</span> <span class='ocrx_word' id='word_1_320' title='bbox 1659 4418 1752 4490; x_wconf 89' lang='lat' dir='ltr'>iuter</span> <span class='ocrx_word' id='word_1_321' title='bbox 1791 4419 1967 4495; x_wconf 88' lang='lat' dir='ltr'>cadavera</span> <span class='ocrx_word' id='word_1_322' title='bbox 2004 4429 2268 4517; x_wconf 88' lang='lat' dir='ltr'>peremptorum</span> 
     </span>
     <span class='ocr_line' id='line_1_31' title="bbox 639 4540 2267 4641; baseline -0.001 -22"><span class='ocrx_word' id='word_1_323' title='bbox 639 4544 841 4641; x_wconf 87' lang='lat' dir='ltr'>requirere:</span> <span class='ocrx_word' id='word_1_324' title='bbox 864 4542 908 4614; x_wconf 93' lang='lat' dir='ltr'>de</span> <span class='ocrx_word' id='word_1_325' title='bbox 928 4541 1078 4614; x_wconf 89' lang='lat' dir='ltr'>tumultu</span> <span class='ocrx_word' id='word_1_326' title='bbox 1097 4542 1134 4613; x_wconf 91' lang='lat' dir='ltr'>in</span> <span class='ocrx_word' id='word_1_327' title='bbox 1150 4540 1229 4612; x_wconf 92' lang='lat' dir='ltr'>loca</span> <span class='ocrx_word' id='word_1_328' title='bbox 1246 4563 1370 4622; x_wconf 83' lang='lat' dir='ltr'>vacua,</span> <span class='ocrx_word' id='word_1_329' title='bbox 1391 4563 1478 4634; x_wconf 90' lang='lat' dir='ltr'>quos</span> <span class='ocrx_word' id='word_1_330' title='bbox 1494 4540 1630 4624; x_wconf 88' lang='lat' dir='ltr'>liceret,</span> <span class='ocrx_word' id='word_1_331' title='bbox 1652 4542 1884 4616; x_wconf 88' lang='lat' dir='ltr'>subtrahere:</span> <span class='ocrx_word' id='word_1_332' title='bbox 1907 4545 2068 4617; x_wconf 88' lang='lat' dir='ltr'>omnibus</span> <span class='ocrx_word' id='word_1_333' title='bbox 2086 4546 2267 4618; x_wconf 86' lang='lat' dir='ltr'>charitatis</span> 
     </span>
    </p>

    <p class='ocr_par' dir='ltr' id='par_1_10' title="bbox 637 4663 2269 5008">
     <span class='ocr_line' id='line_1_32' title="bbox 639 4663 2269 4764; baseline 0 -22"><span class='ocrx_word' id='word_1_334' title='bbox 639 4668 761 4742; x_wconf 89' lang='lat' dir='ltr'>officiis</span> <span class='ocrx_word' id='word_1_335' title='bbox 776 4665 956 4762; x_wconf 84' lang='lat' dir='ltr'>adjuvare.</span> <span class='ocrx_word' id='word_1_336' title='bbox 975 4665 1029 4736; x_wconf 84' lang='lat' dir='ltr'>Ea</span> <span class='ocrx_word' id='word_1_337' title='bbox 1053 4665 1091 4735; x_wconf 92' lang='lat' dir='ltr'>in</span> <span class='ocrx_word' id='word_1_338' title='bbox 1113 4663 1201 4748; x_wconf 91' lang='lat' dir='ltr'>acie,</span> <span class='ocrx_word' id='word_1_339' title='bbox 1222 4663 1354 4748; x_wconf 89' lang='lat' dir='ltr'>nescio,</span> <span class='ocrx_word' id='word_1_340' title='bbox 1384 4688 1429 4736; x_wconf 90' lang='lat' dir='ltr'>au</span> <span class='ocrx_word' id='word_1_341' title='bbox 1447 4663 1545 4748; x_wconf 85' lang='lat' dir='ltr'>alibi,</span> <span class='ocrx_word' id='word_1_342' title='bbox 1566 4664 1672 4737; x_wconf 83' lang='lat' dir='ltr'>alicui</span> <span class='ocrx_word' id='word_1_343' title='bbox 1696 4689 1817 4738; x_wconf 87' lang='lat' dir='ltr'>eorum</span> <span class='ocrx_word' id='word_1_344' title='bbox 1835 4667 1975 4741; x_wconf 89' lang='lat' dir='ltr'>oblatus</span> <span class='ocrx_word' id='word_1_345' title='bbox 2003 4669 2186 4754; x_wconf 89' lang='lat' dir='ltr'>centurio;</span> <span class='ocrx_word' id='word_1_346' title='bbox 2207 4671 2269 4764; x_wconf 89' lang='lat' dir='ltr'>qui</span> 
     </span>
     <span class='ocr_line' id='line_1_33' title="bbox 638 4788 2269 4888; baseline -0.001 -21"><span class='ocrx_word' id='word_1_347' title='bbox 638 4789 901 4884; x_wconf 86' lang='lat' dir='ltr'>annosviginti</span> <span class='ocrx_word' id='word_1_348' title='bbox 932 4789 1090 4883; x_wconf 86' lang='lat' dir='ltr'>exegerit</span> <span class='ocrx_word' id='word_1_349' title='bbox 1110 4789 1148 4859; x_wconf 91' lang='lat' dir='ltr'>in</span> <span class='ocrx_word' id='word_1_350' title='bbox 1178 4790 1316 4860; x_wconf 87' lang='lat' dir='ltr'>haeresi.</span> <span class='ocrx_word' id='word_1_351' title='bbox 1351 4788 1432 4871; x_wconf 86' lang='lat' dir='ltr'>Hic,</span> <span class='ocrx_word' id='word_1_352' title='bbox 1465 4789 1541 4883; x_wconf 76' lang='lat' dir='ltr'>Jam</span> <span class='ocrx_word' id='word_1_353' title='bbox 1575 4791 1648 4884; x_wconf 85' lang='lat' dir='ltr'>jam</span> <span class='ocrx_word' id='word_1_354' title='bbox 1695 4799 1834 4863; x_wconf 85' lang='lat' dir='ltr'>acturus</span> <span class='ocrx_word' id='word_1_355' title='bbox 1870 4793 2036 4874; x_wconf 88' lang='lat' dir='ltr'>animam,</span> <span class='ocrx_word' id='word_1_356' title='bbox 2077 4793 2269 4888; x_wconf 85' lang='lat' dir='ltr'>conspectu</span> 
     </span>
     <span class='ocr_line' id='line_1_34' title="bbox 637 4911 2269 5008; baseline -0.001 -19"><span class='ocrx_word' id='word_1_357' title='bbox 637 4914 825 4989; x_wconf 86' lang='lat' dir='ltr'>sacerdotis</span> <span class='ocrx_word' id='word_1_358' title='bbox 856 4915 1048 4996; x_wconf 81' lang='lat' dir='ltr'>recreatus,</span> <span class='ocrx_word' id='word_1_359' title='bbox 1067 4912 1179 4983; x_wconf 88' lang='lat' dir='ltr'>eidem</span> <span class='ocrx_word' id='word_1_360' title='bbox 1192 4919 1338 4984; x_wconf 91' lang='lat' dir='ltr'>narrat:</span> <span class='ocrx_word' id='word_1_361' title='bbox 1364 4942 1380 4972; x_wconf 70' lang='grc' dir='ltr'><strong><em>α</em></strong></span> <span class='ocrx_word' id='word_1_362' title='bbox 1401 4911 1526 4985; x_wconf 85' lang='lat' dir='ltr'>adesse</span> <span class='ocrx_word' id='word_1_363' title='bbox 1544 4912 1623 4999; x_wconf 89' lang='lat' dir='ltr'>sibi,</span> <span class='ocrx_word' id='word_1_364' title='bbox 1640 4937 1727 5008; x_wconf 92' lang='lat' dir='ltr'>quos</span> <span class='ocrx_word' id='word_1_365' title='bbox 1743 4914 1819 5008; x_wconf 91' lang='lat' dir='ltr'>ipse</span> <span class='ocrx_word' id='word_1_366' title='bbox 1845 4921 2018 4999; x_wconf 89' lang='lat' dir='ltr'>cerneret,</span> <span class='ocrx_word' id='word_1_367' title='bbox 2050 4939 2128 4987; x_wconf 93' lang='lat' dir='ltr'>cum</span> <span class='ocrx_word' id='word_1_368' title='bbox 2156 4916 2269 4989; x_wconf 90' lang='lat' dir='ltr'>Patre</span> 
     </span>
    </p>

    <p class='ocr_par' dir='ltr' id='par_1_11' title="bbox 640 5019 2270 5134">
     <span class='ocr_line' id='line_1_35' title="bbox 640 5019 2270 5134; baseline 0 -22"><span class='ocrx_word' id='word_1_369' title='bbox 640 5070 656 5102; x_wconf 69' lang='lat' dir='ltr'><strong><em>a</em></strong></span> <span class='ocrx_word' id='word_1_370' title='bbox 687 5040 844 5112; x_wconf 91' lang='lat' dir='ltr'>divinum</span> <span class='ocrx_word' id='word_1_371' title='bbox 865 5062 884 5110; x_wconf 93' lang='lat' dir='ltr'>e</span> <span class='ocrx_word' id='word_1_372' title='bbox 902 5036 992 5109; x_wconf 92' lang='lat' dir='ltr'>coelo</span> <span class='ocrx_word' id='word_1_373' title='bbox 1011 5019 1154 5130; x_wconf 86' lang='lat' dir='ltr'>genium</span> <span class='ocrx_word' id='word_1_374' title='bbox 1172 5052 1206 5110; x_wconf 88' lang='lat' dir='ltr'>et</span> <span class='ocrx_word' id='word_1_375' title='bbox 1219 5037 1388 5130; x_wconf 88' lang='lat' dir='ltr'>quosdam</span> <span class='ocrx_word' id='word_1_376' title='bbox 1420 5037 1625 5111; x_wconf 88' lang='lat' dir='ltr'>nominatim</span> <span class='ocrx_word' id='word_1_377' title='bbox 1652 5038 1799 5110; x_wconf 89' lang='lat' dir='ltr'>beatos:</span> <span class='ocrx_word' id='word_1_378' title='bbox 1828 5038 1997 5114; x_wconf 89' lang='lat' dir='ltr'>admirari</span> <span class='ocrx_word' id='word_1_379' title='bbox 2028 5063 2065 5112; x_wconf 89' lang='lat' dir='ltr'>se</span> <span class='ocrx_word' id='word_1_380' title='bbox 2084 5048 2120 5112; x_wconf 89' lang='lat' dir='ltr'>et</span> <span class='ocrx_word' id='word_1_381' title='bbox 2150 5040 2270 5134; x_wconf 88' lang='lat' dir='ltr'>splen·</span> 
     </span>
    </p>
   </div>
   <div class='ocr_carea' id='block_1_9' title="bbox 641 5161 2269 5260">
    <p class='ocr_par' dir='ltr' id='par_1_12' title="bbox 641 5161 2269 5260">
     <span class='ocr_line' id='line_1_36' title="bbox 641 5161 2269 5260; baseline 0.002 -23"><span class='ocrx_word' id='word_1_382' title='bbox 641 5197 657 5228; x_wconf 67' lang='lat' dir='ltr'>a</span> <span class='ocrx_word' id='word_1_383' title='bbox 683 5165 804 5239; x_wconf 90' lang='lat' dir='ltr'>dorem</span> <span class='ocrx_word' id='word_1_384' title='bbox 833 5172 868 5238; x_wconf 88' lang='lat' dir='ltr'>et</span> <span class='ocrx_word' id='word_1_385' title='bbox 902 5161 1197 5260; x_wconf 88' lang='lat' dir='ltr'>pulchritudinem</span> <span class='ocrx_word' id='word_1_386' title='bbox 1218 5169 1253 5236; x_wconf 90' lang='lat' dir='ltr'>et</span> <span class='ocrx_word' id='word_1_387' title='bbox 1277 5162 1531 5256; x_wconf 90' lang='lat' dir='ltr'>benignitatem</span> <span class='ocrx_word' id='word_1_388' title='bbox 1552 5163 1760 5257; x_wconf 87' lang='lat' dir='ltr'>hospitum;</span> <span class='ocrx_word' id='word_1_389' title='bbox 1794 5163 1852 5255; x_wconf 90' lang='lat' dir='ltr'>qui</span> <span class='ocrx_word' id='word_1_390' title='bbox 1882 5186 1921 5238; x_wconf 89' lang='lat' dir='ltr'>se</span> <span class='ocrx_word' id='word_1_391' title='bbox 1949 5171 1985 5238; x_wconf 90' lang='lat' dir='ltr'>et</span> <span class='ocrx_word' id='word_1_392' title='bbox 2002 5164 2203 5237; x_wconf 90' lang='lat' dir='ltr'>solarentur</span> <span class='ocrx_word' id='word_1_393' title='bbox 2230 5177 2269 5240; x_wconf 90' lang='lat' dir='ltr'>et</span> 
     </span>
    </p>
   </div>
   <div class='ocr_carea' id='block_1_10' title="bbox 0 0 2481 6644">
    <p class='ocr_par' dir='ltr' id='par_1_13' title="bbox 0 0 2481 6644">
     <span class='ocr_line' id='line_1_37' title="bbox 0 0 2481 6644; baseline 0 0"><span class='ocrx_word' id='word_1_394' title='bbox 0 0 2481 6644; x_wconf 95' lang='lat' dir='ltr'> </span> 
     </span>
    </p>
   </div>
  </div>
 </body>
</html>
