4906 6642
622 823 662 888 52
761 826 763 832 ’
918 785 921 792 v
989 824 1879 888 1661666666666166161616666166666666

623 1009 777 1082 Palatini
812 1009 989 1083 Vilnensis
1018 1011 1123 1096 filios,
1148 1012 1185 1082 in
1217 1033 1337 1084 errore
1371 1009 1487 1084 adhuc
1521 1013 1765 1107 patrissantes,
1792 1008 1952 1104 exemplo
1975 1031 2039 1082 suo
2062 989 2249 1082 60611161

623 1141 720 1207 secta
758 1134 910 1207 reduxit.
955 1135 1215 1209 Professionom
1250 1116 1463 1231 exceperunt
1499 1136 1698 1210 Stanislaus
1731 1133 2003 1237 Varszevickius
2047 1140 2082 1207 et
2119 1135 2252 1207 Petrus

622 1258 787 1352 Skarga3
818 1287 834 1318 κ
861 1259 1061 1354 gratulante
1082 1261 1225 1333 interim
1254 1259 1351 1332 fideli
1379 1262 1522 1356 popule,
1548 1262 1599 1333 sic
1627 1261 1747 1332 irritos
1778 1257 1947 1331 cecidisse
1971 1265 2118 1329 conatus
2146 1257 2255 1351 Nigri

626 1411 642 1479 e
667 1382 763 1455 illius
786 1382 953 1470 Palatini,
981 1391 1019 1457 ut
1046 1386 1105 1480 qui
1128 1384 1328 1480 nuperrime
1353 1385 1398 1456 ab
1421 1385 1582 1458 Ecclesia
1613 1383 1796 1457 Catholica
1826 1405 1990 1455 aversum
2015 1382 2090 1454 ibat
2113 1405 2251 1466 66666,

628 1537 645 1568 α
670 1509 746 1602 ejus
768 1508 902 1580 familia
926 1509 1038 1581 omnis
1059 1532 1136 1581 eam
1163 1509 1379 1602 impietatem
1410 1532 1509 1581 suam
1533 1508 1651 1605 palam
1676 1508 1766 1580 6661
1792 1507 1920 1602 populo
1944 1505 2206 1579 condemnaret.
2237 1541 2255 1572 n

676 1632 795 1704 Laetus
810 1656 851 1705 eo
866 1635 902 1705 in
917 1635 1085 1705 Lituania
1102 1633 1231 1716 fructu,
1248 1634 1433 1706 Romanus
1459 1634 1624 1706 Pontifex
1638 1632 1847 1736 Gregorius,
1864 1632 2059 1727 periculum
2079 1632 2254 1715 16616666,

592 1833 593 1836 ,
627 1755 712 1850 quid
728 1757 764 1826 in
779 1757 919 1840 Suecia,
940 1779 986 1828 an
1000 1758 1133 1852 pariter
1143 1757 1325 1829 Sociorum
1343 1779 1451 1851 opera
1465 1757 1587 1852 profici
1604 1757 1728 1852 possit,
1750 1779 1792 1828 66
1809 1756 1960 1850 primum
1977 1754 2118 1851 quidem
2136 1752 2259 1848 explo-

628 1887 784 1964 raturus,
810 1903 878 1974 quo
907 1887 1013 1964 esset,
1044 1889 1079 1952 et
1100 1903 1160 1962 an,
1178 1882 1227 1951 uti
1254 1879 1446 1965 ferebatur,
1476 1881 1527 1952 ita
1548 1903 1724 1976 propenso
1739 1901 1826 1974 erga
1842 1879 2045 1952 Romanam
2059 1877 2259 1949 Ecclesiam

516 2003 567 2098 aa..
629 2003 747 2074 animo
766 2026 828 2075 rex
846 2004 921 2097 ejus
940 2005 1058 2098 gentis
1078 2005 1236 2076 ι1666666
1256 2005 1323 2089 111,
1341 2005 1491 2076 Gustavi
1508 2002 1616 2076 Vasae
1645 2004 1752 2080 filius.
1774 2026 1868 2075 anno
1902 2001 1992 2076 1569
2023 2001 2129 2073 Erico
2153 1997 2258 2071 fratri

458 2086 604 2219 {3⁸⁰2}
630 2126 772 2200 detruso
803 2130 839 2198 in
869 2151 1018 2222 regnum
1044 2128 1225 2210 suffectus
1258 2135 1430 2200 rectorem
1459 2128 1609 2223 Collegii
1626 2126 1808 2200 Vilnensis
1826 2127 1933 2197 mittit
1950 2125 2255 2198 Varszevickium.

459 2241 585 2376 Ρῗῗὲῑξθθ
630 2249 785 2345 Septimo
804 2250 883 2322 idus
900 2252 1023 2345 junias
1041 2251 1148 2335 Vilna
1165 2251 1341 2347 profectus
1357 2259 1423 2330 est,
1445 2252 1568 2324 relicto
1583 2251 1739 2324 muneris
1758 2251 1814 2322 sui
1831 2249 1963 2323 vicario
1978 2251 2084 2322 Petro
2100 2249 2254 2343 Skarga.

459 2337 497 2454 pp
514 2337 603 2469 regim
629 2373 817 2456 Emensus
829 2397 933 2469 quam
945 2374 1052 2467 longa
1066 2383 1131 2459 est,
1144 2376 1344 2457 Livoniam‚
1356 2375 1452 2446 venit
1465 2373 1773 2458 Revaliam:inde,
1786 2374 1995 2445 transmisso
2001 2373 2097 2465 ,sinu
2111 2373 2257 2456 1166166,

459 2475 564 2530 snecta.
629 2496 676 2568 ad
687 2497 785 2568 littus
800 2498 1052 2570 Stockholmiae
1070 2476 1127 2571 die
1145 2498 1418 2594 quadragesimo
1448 2500 1565 2570 navim
1590 2498 1739 2592 appulit,
1760 2521 1823 2592 per
1844 2497 1955 2568 multa
1981 2495 2106 2568 salutis
2136 2495 2262 2567 discri-

628 2622 737 2703 mina,
758 2623 935 2718 impeditis
961 2623 1126 2696 videlicet
1152 2647 1216 2719 per
1237 2623 1400 2718 scopulos
1425 2624 1512 2694 viis:
1538 2623 1696 2694 Moschis
1724 2621 1900 2693 hostiliter
1927 2613 2265 2692 circum'Revaliam

628 2743 723 2818 ferro
737 2756 773 2818 61
789 2748 874 2842 igne
888 2749 1006 2820 omnia
1024 2748 1296 2842 populantibus:
1315 2747 1439 2841 piratis
1468 2747 1613 2842 insuper
1631 2754 1705 2819 toto
1725 2747 1804 2818 sinu
1824 2745 1984 2831 infestis;
2014 2746 2051 2816 in
2073 2768 2161 2840 quos
2184 2769 2267 2818 cum

527 2883 532 2891 “
631 2872 782 2943 turbinis
800 2873 933 2967 impetu
946 2881 1128 2967 ageretur,
1148 2871 1272 2966 praeda
1289 2871 1452 2942 barbaris
1466 2872 1677 2956 certissima,
1698 2878 1844 2965 repente
1861 2877 2000 2954 ventus,
2022 2893 2064 2942 66
2082 2870 2113 2940 61
2123 2871 2265 2965 jussus,

460 2977 606 3121 fiam?
632 2995 751 3069 divino
769 3003 864 3069 certe
890 2997 1050 3090 imperio,
1081 2977 1220 3067 fractus
1245 2996 1462 3091 licitusque:
1489 2997 1589 3068 navis
1614 2997 1735 3090 itaque
1760 2995 1912 3092 impulsa
1936 2994 2086 3088 remigio
2113 2992 2270 3066 elabitur

461 3137 508 3192 tis.
633 3128 763 3215 praeter
780 3122 859 3216 ipsa
876 3121 1091 3192 cessantium
1110 3142 1173 3190 ora
1186 3120 1402 3215 piratarum;
1424 3142 1572 3213 quorum
1595 3120 1759 3192 videlicet
1788 3143 2025 3217 myoparones
2047 3119 2137 3191 coelo
2167 3127 2268 3189 tran-

635 3244 743 3338 quillo
769 3245 830 3339 agi
855 3244 1022 3324 hocloco
1048 3249 1237 3339 nequeant.
1272 3242 1524 3316 Stockholmiae
1554 3245 1693 3338 regina,
1726 3245 1821 3338 regis
1864 3243 2023 3316 Poloniae
2045 3241 2269 3336 sigismundi

633 3365 787 3460 Augusti
805 3369 821 3440 I
840 3389 954 3454 soror,
976 3367 1182 3452 Catharina,
1203 3369 1239 3437 in
1258 3366 1376 3439 studio
1401 3367 1585 3461 religionis
1612 3367 1796 3440 catholicae
1822 3368 1915 3439 inter
1941 3367 2128 3439 haereticos
2160 3366 2271 3437 etiam

634 3493 935 3586 pertinacissimos
953 3492 1135 3564 remissior
1153 3492 1216 3563 illa
1230 3492 1353 3575 nihilo,
1368 3492 1526 3586 legatum
1540 3512 1566 3562 a·
1576 3493 1649 3564 suis
1665 3493 1811 3566 Polonis
1822 3492 1954 3586 gaudio
1969 3493 2105 3587 excepit
2114 3515 2266 3586 magn0;

635 3617 841 3712 curavitque
857 3617 1049 3711 hospitium
1067 3615 1324 3710 assignandum
1341 3617 1377 3687 16
1392 3639 1486 3702 arce,
1504 3640 1572 3711 quo
1590 3615 1709 3688 aditus
1728 3619 1851 3689 nuntio
1868 3610 1915 3689 ad
1936 3640 1975 3689 66
1997 3624 2092 3690 66661
2109 3617 2267 3711 propior.

636 3739 706 3811 Hic
719 3739 988 3812 Varszevickius
1002 3740 1080 3833 regi
1093 3741 1223 3835 hospes
1242 3739 1414 3835 principio
1429 3763 1498 3810 666
1514 3740 1738 3833 gratissimus
1749 3766 1757 3826 ;
1769 3742 1921 3824 timenti,
1934 3764 1978 3812 ne
1991 3740 2077 3835 quid
2085 3741 2273 3812 turbarum

637 3862 730 3934 inter
743 3864 850 3947 civeS,
872 3862 953 3934 aliis
971 3865 1113 3934 666166
1131 3863 1365 3957 religionibus
1378 3862 1550 3948 addictos,
1568 3887 1612 3936 ex
1630 3887 1671 3936 66
1689 3864 1869 3938 Pontificii
1882 3865 2035 3936 adventu
2058 3864 2271 3936 internuntii

638 3975 851 4073 conciretur,
866 3988 1037 4082 vigilante
1055 3989 1206 4060 maxime
1219 3987 1266 4058 ad
1283 3972 1421 4092 omnem
1439 3990 1494 4060 sui
1512 3989 1732 4061 occasionem
1759 3988 1953 4062 ulciscendi
1966 3989 2072 4062 Erico
2093 3987 2203 4060 fratre
2230 3988 2267 4059 16

465 4104 601 4254 &gaiam
639 4112 811 4185 custodia.
832 4113 992 4206 Accersit
1009 4119 1127 4185 tamen
1151 4113 1325 4185 nuntium.
1343 4113 1538 4199 Salutatus,
1559 4115 1705 4187 auribus
1719 4113 1899 4208 oculisque
1913 4115 2077 4209 agnoscit
2089 4113 2270 4185 hominem

579 4229 584 4240 ’
640 4259 719 4308 6666
736 4238 879 4310 616166
893 4237 1175 4332 aspernandum:
1196 4235 1316 4309 afferri
1329 4260 1393 4332 per
1411 4261 1491 4309 eum
1508 4245 1673 4332 oportere
1686 4238 1865 4333 quidpiam
1882 4239 2050 4310 momenti
2078 4261 2146 4310 666
2161 4237 2265 4310 levis.

641 4361 847 4433 Proluditur
864 4363 1120 4457 quaestionibus
1139 4363 1279 4433 interim
1296 4362 1529 4456 hospitaliter,
1548 4363 1584 4432 16
1615 4362 1738 4456 primis
1762 4361 1806 4434 de
1836 4363 1892 4434 sui
1917 4363 2079 4452 instituto
2107 4362 2270 4457 religiosi

640 4483 787 4570 ordinis
809 4509 853 4558 ex
870 4509 937 4580 quo
956 4488 987 4557 is
1005 4486 1145 4558 demum
1161 4487 1295 4580 primus
1308 4485 1377 4556 sibi
1390 4493 1483 4558 66661
1502 4485 1653 4557 oblatus
1671 4485 1822 4579 Cognita
1835 4487 1986 4580 pristina
1998 4487 2151 4559 hominis
2165 4487 2270 4558 istius

640 4608 854 4692 conditione,
870 4611 992 4681 mirari
1009 4611 1173 4704 princeps
1199 4633 1276 4680 eam
1306 4632 1424 4680 rerum
1450 4609 1684 4680 humanarum
1715 4608 2003 4704 despicientiam
2026 4638 2043 4669 a
2068 4610 2126 4703 qui
2156 4633 2198 4681 ex
2224 4633 2268 4682 66

644 4761 661 4792 κ
678 4732 792 4826 gradu
811 4732 917 4828 (quod
933 4731 1077 4804 aliunde
1094 4731 1305 4828 inaudierat)
1323 4733 1359 4803 in
1378 4756 1445 4827 quo
1461 4742 1495 4804 et
1508 4756 1632 4827 regum
1647 4735 1778 4827 gratia,
1801 4741 1836 4824 et
1854 4757 1918 4829 pro
1933 4757 1999 4806 sua
2016 4733 2191 4828 dignitate
2203 4733 2270 4806 ho·

644 4886 660 4917 «
677 4859 836 4936 neribus,
854 4864 889 4929 et
906 4856 1071 4929 amicitiis
1085 4856 1228 4928 floreret
1245 4880 1429 4953 procerum
1443 4864 1477 4928 et
1504 4857 1651 4950 opibus.-
1681 4857 1716 4927 16
1744 4881 1822 4930 666
1851 4881 1890 4930 66
1911 4859 2157 4944 16611116166,
2187 4882 2270 4954 quae

554 5009 555 5012 ¹
644 5009 660 5040 κ
677 4982 760 5053 huic
777 5004 972 5077 pauperum
986 4979 1102 5054 ordini
1120 4987 1215 5052 esset
1226 4980 1383 5075 propria,
1399 5003 1464 5052 sua
1482 4981 1663 5053 voluntate
1693 4982 1925 5054 submisisset.
1954 4981 2036 5054 Non
2064 4982 2269 5055 Phaenicem

645 5135 661 5166 u
679 5107 847 5180 Societati
862 5130 901 5179 se
923 5107 1116 5201 obtigisse:
1149 5105 1336 5200 plerosque
1366 5107 1402 5176 in
1430 5131 1471 5178 ea
1501 5107 1596 5178 viros
1632 5129 1710 5179 esse
1740 5105 1989 5192 nobilissimos,
2032 5105 2270 5202 respondente

645 5260 662 5291 κ
679 5233 831 5328 hospite,
853 5239 958 5328 atque
967 5234 1042 5328 jam
1055 5231 1149 5303 inter
1162 5231 1335 5326 ejusmodi
1352 5253 1533 5304 sermones
1546 5230 1593 5302 ad
1607 5253 1763 5304 mensam
1790 5231 1927 5324 regiam
1951 5232 2125 5317 conviva3
2154 5230 2268 5304 admi·
