<?xml version="1.0" encoding="UTF-8"?>
<!DOCTYPE html PUBLIC "-//W3C//DTD XHTML 1.0 Transitional//EN"
    "http://www.w3.org/TR/xhtml1/DTD/xhtml1-transitional.dtd">
<html xmlns="http://www.w3.org/1999/xhtml" xml:lang="en" lang="en">
 <head>
  <title>
</title>
<meta http-equiv="Content-Type" content="text/html;charset=utf-8" />
  <meta name='ocr-system' content='tesseract 3.04.00' />
  <meta name='ocr-capabilities' content='ocr_page ocr_carea ocr_par ocr_line ocrx_word'/>
</head>
<body>
  <div class='ocr_page' id='page_1' title='image "./lituanicarumsoc00rostgoog_0417.png"; bbox 0 0 4936 6658; ppageno 0'>
   <div class='ocr_carea' id='block_1_1' title="bbox 695 813 1963 884">
    <p class='ocr_par' dir='ltr' id='par_1_1' title="bbox 695 813 1963 884">
     <span class='ocr_line' id='line_1_1' title="bbox 695 813 1963 884; baseline -0.005 -2"><span class='ocrx_word' id='word_1_1' title='bbox 695 815 756 884; x_wconf 86' lang='lat'>388</span> <span class='ocrx_word' id='word_1_2' title='bbox 1064 815 1342 880; x_wconf 77' lang='lat' dir='ltr'>urolnlcanuu</span> <span class='ocrx_word' id='word_1_3' title='bbox 1366 814 1579 880; x_wconf 77' lang='lat' dir='ltr'>SOCIETATIS</span> <span class='ocrx_word' id='word_1_4' title='bbox 1600 817 1687 880; x_wconf 83' lang='lat' dir='ltr'>JESU</span> <span class='ocrx_word' id='word_1_5' title='bbox 1709 813 1963 878; x_wconf 81' lang='lat' dir='ltr'>lllSTORldRUM</span> 
     </span>
    </p>
   </div>
   <div class='ocr_carea' id='block_1_2' title="bbox 527 989 2425 1096">
    <p class='ocr_par' dir='ltr' id='par_1_2' title="bbox 527 989 2425 1096">
     <span class='ocr_line' id='line_1_2' title="bbox 527 989 2425 1096; baseline -0.002 -22"><span class='ocrx_word' id='word_1_6' title='bbox 527 1029 591 1086; x_wconf 70' lang='lat'>1060</span> <span class='ocrx_word' id='word_1_7' title='bbox 696 1007 904 1095; x_wconf 80' lang='lat' dir='ltr'>praesentes,</span> <span class='ocrx_word' id='word_1_8' title='bbox 923 1022 1082 1084; x_wconf 87' lang='lat' dir='ltr'>uxorem,</span> <span class='ocrx_word' id='word_1_9' title='bbox 1105 998 1232 1074; x_wconf 88' lang='lat' dir='ltr'>deinde</span> <span class='ocrx_word' id='word_1_10' title='bbox 1249 999 1372 1083; x_wconf 86' lang='lat' dir='ltr'>filiam,</span> <span class='ocrx_word' id='word_1_11' title='bbox 1390 997 1541 1095; x_wconf 90' lang='lat' dir='ltr'>denique</span> <span class='ocrx_word' id='word_1_12' title='bbox 1567 1021 1607 1074; x_wconf 90' lang='lat' dir='ltr'>se</span> <span class='ocrx_word' id='word_1_13' title='bbox 1641 999 1755 1096; x_wconf 91' lang='lat' dir='ltr'>ipsum</span> <span class='ocrx_word' id='word_1_14' title='bbox 1773 999 1918 1095; x_wconf 88' lang='lat' dir='ltr'>dejuge</span> <span class='ocrx_word' id='word_1_15' title='bbox 1933 999 1968 1073; x_wconf 89' lang='lat' dir='ltr'>iu</span> <span class='ocrx_word' id='word_1_16' title='bbox 1986 999 2219 1095; x_wconf 87' lang='lat' dir='ltr'>profluentem</span> <span class='ocrx_word' id='word_1_17' title='bbox 2234 1020 2314 1094; x_wconf 87' lang='lat' dir='ltr'>prae·</span> <span class='ocrx_word' id='word_1_18' title='bbox 2424 989 2425 1004; x_wconf 52' lang='lat'>¹</span> 
     </span>
    </p>
   </div>
   <div class='ocr_carea' id='block_1_3' title="bbox 526 1122 2324 2465">
    <p class='ocr_par' dir='ltr' id='par_1_3' title="bbox 526 1122 2324 2465">
     <span class='ocr_line' id='line_1_3' title="bbox 699 1122 2315 1227; baseline -0.002 -29"><span class='ocrx_word' id='word_1_19' title='bbox 699 1126 831 1222; x_wconf 89' lang='lat' dir='ltr'>cipitat.</span> <span class='ocrx_word' id='word_1_20' title='bbox 860 1126 914 1198; x_wconf 91' lang='lat' dir='ltr'>De</span> <span class='ocrx_word' id='word_1_21' title='bbox 931 1147 996 1196; x_wconf 90' lang='lat' dir='ltr'>sua</span> <span class='ocrx_word' id='word_1_22' title='bbox 1024 1124 1226 1197; x_wconf 76' lang='lat' dir='ltr'>calamitate</span> <span class='ocrx_word' id='word_1_23' title='bbox 1251 1125 1454 1210; x_wconf 89' lang='lat' dir='ltr'>Vilnenses,</span> <span class='ocrx_word' id='word_1_24' title='bbox 1476 1125 1589 1212; x_wconf 90' lang='lat' dir='ltr'>aiunt,</span> <span class='ocrx_word' id='word_1_25' title='bbox 1622 1125 1775 1197; x_wconf 91' lang='lat' dir='ltr'>monitos</span> <span class='ocrx_word' id='word_1_26' title='bbox 1797 1125 1905 1198; x_wconf 90' lang='lat' dir='ltr'>fuisse</span> <span class='ocrx_word' id='word_1_27' title='bbox 1925 1124 2099 1220; x_wconf 91' lang='lat' dir='ltr'>prodigiis</span> <span class='ocrx_word' id='word_1_28' title='bbox 2117 1122 2266 1227; x_wconf 88' lang='lat' dir='ltr'>:pinum</span> <span class='ocrx_word' id='word_1_29' title='bbox 2283 1123 2315 1194; x_wconf 93' lang='lat' dir='ltr'>in</span> 
     </span>
     <span class='ocr_line' id='line_1_4' title="bbox 697 1247 2315 1345; baseline -0.002 -23"><span class='ocrx_word' id='word_1_30' title='bbox 697 1274 786 1345; x_wconf 88' lang='lat' dir='ltr'>agre</span> <span class='ocrx_word' id='word_1_31' title='bbox 804 1250 1020 1333; x_wconf 87' lang='lat' dir='ltr'>Luhisoano,</span> <span class='ocrx_word' id='word_1_32' title='bbox 1040 1274 1063 1322; x_wconf 91' lang='lat' dir='ltr'>a</span> <span class='ocrx_word' id='word_1_33' title='bbox 1080 1249 1280 1324; x_wconf 83' lang='lat' dir='ltr'>Moscovita</span> <span class='ocrx_word' id='word_1_34' title='bbox 1303 1273 1445 1335; x_wconf 78' lang='lat' dir='ltr'>caesam,</span> <span class='ocrx_word' id='word_1_35' title='bbox 1479 1273 1604 1323; x_wconf 89' lang='lat' dir='ltr'>cruore</span> <span class='ocrx_word' id='word_1_36' title='bbox 1635 1271 1811 1335; x_wconf 81' lang='lat' dir='ltr'>manasse,</span> <span class='ocrx_word' id='word_1_37' title='bbox 1833 1271 2028 1345; x_wconf 82' lang='lat' dir='ltr'>sagumque</span> <span class='ocrx_word' id='word_1_38' title='bbox 2045 1247 2234 1344; x_wconf 90' lang='lat' dir='ltr'>lignatoris</span> <span class='ocrx_word' id='word_1_39' title='bbox 2250 1247 2315 1319; x_wconf 89' lang='lat' dir='ltr'>vnl-</span> 
     </span>
     <span class='ocr_line' id='line_1_5' title="bbox 697 1371 2317 1470; baseline -0.002 -23"><span class='ocrx_word' id='word_1_40' title='bbox 697 1381 841 1468; x_wconf 82' lang='lat' dir='ltr'>tumque</span> <span class='ocrx_word' id='word_1_41' title='bbox 867 1373 1126 1470; x_wconf 88' lang='lat' dir='ltr'>conspersisse;</span> <span class='ocrx_word' id='word_1_42' title='bbox 1160 1374 1197 1444; x_wconf 92' lang='lat' dir='ltr'>in</span> <span class='ocrx_word' id='word_1_43' title='bbox 1230 1373 1359 1470; x_wconf 89' lang='lat' dir='ltr'>templo</span> <span class='ocrx_word' id='word_1_44' title='bbox 1386 1375 1648 1458; x_wconf 91' lang='lat' dir='ltr'>canonicorum,</span> <span class='ocrx_word' id='word_1_45' title='bbox 1682 1397 1793 1446; x_wconf 86' lang='lat' dir='ltr'>vacuo</span> <span class='ocrx_word' id='word_1_46' title='bbox 1818 1375 1896 1469; x_wconf 78' lang='lat' dir='ltr'>J&#39;am</span> <span class='ocrx_word' id='word_1_47' title='bbox 1917 1397 1960 1447; x_wconf 90' lang='lat' dir='ltr'>ac</span> <span class='ocrx_word' id='word_1_48' title='bbox 1990 1374 2144 1458; x_wconf 84' lang='lat' dir='ltr'>deserte,</span> <span class='ocrx_word' id='word_1_49' title='bbox 2167 1371 2317 1444; x_wconf 89' lang='lat' dir='ltr'>divorum</span> 
     </span>
     <span class='ocr_line' id='line_1_6' title="bbox 699 1497 2318 1595; baseline -0.002 -25"><span class='ocrx_word' id='word_1_50' title='bbox 699 1520 781 1571; x_wconf 90' lang='lat' dir='ltr'>aras</span> <span class='ocrx_word' id='word_1_51' title='bbox 799 1506 943 1593; x_wconf 84' lang='lat' dir='ltr'>repente</span> <span class='ocrx_word' id='word_1_52' title='bbox 960 1498 1039 1570; x_wconf 89' lang='lat' dir='ltr'>luce</span> <span class='ocrx_word' id='word_1_53' title='bbox 1058 1497 1233 1572; x_wconf 85' lang='lat' dir='ltr'>effulsisse</span> <span class='ocrx_word' id='word_1_54' title='bbox 1251 1498 1488 1593; x_wconf 67' lang='lat' dir='ltr'>mirataque</span> <span class='ocrx_word' id='word_1_55' title='bbox 1510 1500 1642 1572; x_wconf 89' lang='lat' dir='ltr'>arsisse</span> <span class='ocrx_word' id='word_1_56' title='bbox 1673 1499 1749 1572; x_wconf 89' lang='lat' dir='ltr'>dies</span> <span class='ocrx_word' id='word_1_57' title='bbox 1765 1499 1899 1595; x_wconf 88' lang='lat' dir='ltr'>aliquot</span> <span class='ocrx_word' id='word_1_58' title='bbox 1924 1523 1967 1574; x_wconf 89' lang='lat' dir='ltr'>ac</span> <span class='ocrx_word' id='word_1_59' title='bbox 1992 1506 2125 1574; x_wconf 89' lang='lat' dir='ltr'>noctes.</span> <span class='ocrx_word' id='word_1_60' title='bbox 2145 1497 2318 1592; x_wconf 83' lang='lat' dir='ltr'>Praesagia</span> 
     </span>
     <span class='ocr_line' id='line_1_7' title="bbox 587 1621 1535 1728; baseline 0.002 -34"><span class='ocrx_word' id='word_1_61' title='bbox 587 1673 620 1728; x_wconf 64' lang='lat'>36</span> <span class='ocrx_word' id='word_1_62' title='bbox 701 1621 825 1696; x_wconf 88' lang='lat' dir='ltr'>fatalia</span> <span class='ocrx_word' id='word_1_63' title='bbox 841 1621 925 1694; x_wconf 91' lang='lat' dir='ltr'>inde</span> <span class='ocrx_word' id='word_1_64' title='bbox 943 1621 1005 1694; x_wconf 93' lang='lat' dir='ltr'>alii</span> <span class='ocrx_word' id='word_1_65' title='bbox 1024 1645 1068 1694; x_wconf 85' lang='lat' dir='ltr'>ex</span> <span class='ocrx_word' id='word_1_66' title='bbox 1086 1622 1167 1695; x_wconf 90' lang='lat' dir='ltr'>aliis</span> <span class='ocrx_word' id='word_1_67' title='bbox 1186 1630 1333 1696; x_wconf 90' lang='lat' dir='ltr'>eventus</span> <span class='ocrx_word' id='word_1_68' title='bbox 1346 1623 1535 1696; x_wconf 87' lang='lat' dir='ltr'>consecuti.</span> 
     </span>
     <span class='ocr_line' id='line_1_8' title="bbox 527 1744 2320 1849; baseline -0.002 -28"><span class='ocrx_word' id='word_1_69' title='bbox 527 1757 638 1849; x_wconf 71' lang='lat' dir='ltr'>uunon·</span> <span class='ocrx_word' id='word_1_70' title='bbox 753 1748 956 1822; x_wconf 88' lang='lat' dir='ltr'>Lacessitus</span> <span class='ocrx_word' id='word_1_71' title='bbox 991 1747 1141 1820; x_wconf 91' lang='lat' dir='ltr'>militum</span> <span class='ocrx_word' id='word_1_72' title='bbox 1168 1747 1311 1820; x_wconf 89' lang='lat' dir='ltr'>incursu</span> <span class='ocrx_word' id='word_1_73' title='bbox 1328 1749 1536 1820; x_wconf 87' lang='lat' dir='ltr'>nostratium</span> <span class='ocrx_word' id='word_1_74' title='bbox 1555 1767 1744 1843; x_wconf 89' lang='lat' dir='ltr'>oppressor</span> <span class='ocrx_word' id='word_1_75' title='bbox 1770 1745 1936 1828; x_wconf 88' lang='lat' dir='ltr'>civitatis,</span> <span class='ocrx_word' id='word_1_76' title='bbox 1965 1744 2219 1819; x_wconf 83' lang='lat' dir='ltr'>Mosooviticus</span> <span class='ocrx_word' id='word_1_77' title='bbox 2235 1745 2320 1842; x_wconf 85' lang='lat' dir='ltr'>pala·</span> 
     </span>
     <span class='ocr_line' id='line_1_9' title="bbox 527 1850 2322 1970; baseline 0 -27"><span class='ocrx_word' id='word_1_78' title='bbox 527 1851 598 1970; x_wconf 52' lang='grc' dir='ltr'>ἔξω</span> <span class='ocrx_word' id='word_1_79' title='bbox 609 1850 657 1968; x_wconf 53' lang='lat'>{22</span> <span class='ocrx_word' id='word_1_80' title='bbox 702 1873 810 1957; x_wconf 71' lang='lat' dir='ltr'>tinus</span> <span class='ocrx_word' id='word_1_81' title='bbox 845 1872 971 1944; x_wconf 90' lang='lat' dir='ltr'>Daniel</span> <span class='ocrx_word' id='word_1_82' title='bbox 1001 1872 1222 1957; x_wconf 79' lang='lat' dir='ltr'>MisieclriuS,</span> <span class='ocrx_word' id='word_1_83' title='bbox 1255 1873 1360 1945; x_wconf 91' lang='lat' dir='ltr'>homo</span> <span class='ocrx_word' id='word_1_84' title='bbox 1387 1873 1531 1945; x_wconf 85' lang='lat' dir='ltr'>diritate</span> <span class='ocrx_word' id='word_1_85' title='bbox 1550 1872 1645 1944; x_wconf 93' lang='lat' dir='ltr'>omni</span> <span class='ocrx_word' id='word_1_86' title='bbox 1667 1871 1882 1955; x_wconf 85' lang='lat' dir='ltr'>teterrimus,</span> <span class='ocrx_word' id='word_1_87' title='bbox 1915 1870 1952 1940; x_wconf 89' lang='lat' dir='ltr'>iu</span> <span class='ocrx_word' id='word_1_88' title='bbox 1970 1870 2158 1942; x_wconf 86' lang='lat' dir='ltr'>civitatem</span> <span class='ocrx_word' id='word_1_89' title='bbox 2177 1893 2223 1944; x_wconf 82' lang='lat' dir='ltr'>ex</span> <span class='ocrx_word' id='word_1_90' title='bbox 2249 1894 2322 1944; x_wconf 91' lang='lat' dir='ltr'>arce</span> 
     </span>
     <span class='ocr_line' id='line_1_10' title="bbox 526 1971 2321 2091; baseline -0.001 -23"><span class='ocrx_word' id='word_1_91' title='bbox 526 1990 649 2076; x_wconf 74' lang='lat' dir='ltr'>dissime,</span> <span class='ocrx_word' id='word_1_92' title='bbox 690 1971 817 2083; x_wconf 82' lang='lat' dir='ltr'>irruit,</span> <span class='ocrx_word' id='word_1_93' title='bbox 837 2002 993 2068; x_wconf 91' lang='lat' dir='ltr'>armatos</span> <span class='ocrx_word' id='word_1_94' title='bbox 1009 1997 1114 2090; x_wconf 82' lang='lat' dir='ltr'>juxta</span> <span class='ocrx_word' id='word_1_95' title='bbox 1139 1998 1361 2091; x_wconf 86' lang='lat' dir='ltr'>inermesque</span> <span class='ocrx_word' id='word_1_96' title='bbox 1388 1997 1512 2082; x_wconf 67' lang='lat' dir='ltr'>cadim</span> <span class='ocrx_word' id='word_1_97' title='bbox 1533 1997 1628 2091; x_wconf 90' lang='lat' dir='ltr'>capti</span> <span class='ocrx_word' id='word_1_98' title='bbox 1645 1993 1879 2090; x_wconf 87' lang='lat' dir='ltr'>conjiciuntur</span> <span class='ocrx_word' id='word_1_99' title='bbox 1896 1994 1933 2065; x_wconf 93' lang='lat' dir='ltr'>in</span> <span class='ocrx_word' id='word_1_100' title='bbox 1948 1992 2132 2088; x_wconf 88' lang='lat' dir='ltr'>ergastula</span> <span class='ocrx_word' id='word_1_101' title='bbox 2148 1995 2196 2067; x_wconf 84' lang='lat' dir='ltr'>ad</span> <span class='ocrx_word' id='word_1_102' title='bbox 2209 1995 2321 2068; x_wconf 89' lang='lat' dir='ltr'>crude·</span> 
     </span>
     <span class='ocr_line' id='line_1_11' title="bbox 704 2118 2323 2216; baseline -0.002 -24"><span class='ocrx_word' id='word_1_103' title='bbox 704 2120 827 2194; x_wconf 89' lang='lat' dir='ltr'>liorem</span> <span class='ocrx_word' id='word_1_104' title='bbox 857 2118 1020 2192; x_wconf 87' lang='lat' dir='ltr'>servandi</span> <span class='ocrx_word' id='word_1_105' title='bbox 1037 2119 1227 2192; x_wconf 90' lang='lat' dir='ltr'>lanienam.</span> <span class='ocrx_word' id='word_1_106' title='bbox 1245 2119 1346 2193; x_wconf 90' lang='lat' dir='ltr'>Diem</span> <span class='ocrx_word' id='word_1_107' title='bbox 1367 2121 1415 2193; x_wconf 91' lang='lat' dir='ltr'>ita</span> <span class='ocrx_word' id='word_1_108' title='bbox 1442 2127 1650 2216; x_wconf 89' lang='lat' dir='ltr'>noctemque</span> <span class='ocrx_word' id='word_1_109' title='bbox 1677 2121 1713 2192; x_wconf 93' lang='lat' dir='ltr'>in</span> <span class='ocrx_word' id='word_1_110' title='bbox 1740 2119 1916 2192; x_wconf 89' lang='lat' dir='ltr'>civitatem</span> <span class='ocrx_word' id='word_1_111' title='bbox 1934 2125 2131 2213; x_wconf 88' lang='lat' dir='ltr'>grassatus,</span> <span class='ocrx_word' id='word_1_112' title='bbox 2164 2119 2323 2214; x_wconf 91' lang='lat' dir='ltr'>postridie</span> 
     </span>
     <span class='ocr_line' id='line_1_12' title="bbox 702 2241 2324 2340; baseline 0 -24"><span class='ocrx_word' id='word_1_113' title='bbox 702 2246 838 2318; x_wconf 86' lang='lat' dir='ltr'>vinctos</span> <span class='ocrx_word' id='word_1_114' title='bbox 852 2245 1031 2318; x_wconf 90' lang='lat' dir='ltr'>turmatim</span> <span class='ocrx_word' id='word_1_115' title='bbox 1043 2244 1140 2331; x_wconf 88' lang='lat' dir='ltr'>trahi</span> <span class='ocrx_word' id='word_1_116' title='bbox 1161 2245 1208 2317; x_wconf 88' lang='lat' dir='ltr'>ad</span> <span class='ocrx_word' id='word_1_117' title='bbox 1233 2245 1473 2318; x_wconf 87' lang='lat' dir='ltr'>carnificinam</span> <span class='ocrx_word' id='word_1_118' title='bbox 1483 2245 1597 2340; x_wconf 88' lang='lat' dir='ltr'>jubet.</span> <span class='ocrx_word' id='word_1_119' title='bbox 1622 2245 1775 2318; x_wconf 89' lang='lat' dir='ltr'>Plenum</span> <span class='ocrx_word' id='word_1_120' title='bbox 1792 2241 2023 2316; x_wconf 84' lang='lat' dir='ltr'>cadaveribus</span> <span class='ocrx_word' id='word_1_121' title='bbox 2054 2243 2183 2328; x_wconf 91' lang='lat' dir='ltr'>forum,</span> <span class='ocrx_word' id='word_1_122' title='bbox 2217 2245 2324 2340; x_wconf 82' lang='lat' dir='ltr'>plena</span> 
     </span>
     <span class='ocr_line' id='line_1_13' title="bbox 701 2367 2324 2465; baseline -0.001 -22"><span class='ocrx_word' id='word_1_123' title='bbox 701 2369 830 2465; x_wconf 88' lang='lat' dir='ltr'>plateae</span> <span class='ocrx_word' id='word_1_124' title='bbox 847 2393 982 2444; x_wconf 89' lang='lat' dir='ltr'>omnes.</span> <span class='ocrx_word' id='word_1_125' title='bbox 1017 2370 1152 2443; x_wconf 90' lang='lat' dir='ltr'>Parum</span> <span class='ocrx_word' id='word_1_126' title='bbox 1181 2368 1378 2441; x_wconf 87' lang='lat' dir='ltr'>formidinis</span> <span class='ocrx_word' id='word_1_127' title='bbox 1403 2370 1440 2442; x_wconf 91' lang='lat' dir='ltr'>in</span> <span class='ocrx_word' id='word_1_128' title='bbox 1466 2393 1507 2442; x_wconf 92' lang='lat' dir='ltr'>eo</span> <span class='ocrx_word' id='word_1_129' title='bbox 1526 2370 1638 2443; x_wconf 86' lang='lat' dir='ltr'>visum</span> <span class='ocrx_word' id='word_1_130' title='bbox 1669 2367 1899 2463; x_wconf 87' lang='lat' dir='ltr'>sanguinario</span> <span class='ocrx_word' id='word_1_131' title='bbox 1919 2393 1926 2439; x_wconf 94' lang='lat'>:</span> <span class='ocrx_word' id='word_1_132' title='bbox 1945 2367 2121 2440; x_wconf 86' lang='lat' dir='ltr'>atrociora</span> <span class='ocrx_word' id='word_1_133' title='bbox 2138 2369 2195 2443; x_wconf 92' lang='lat' dir='ltr'>his</span> <span class='ocrx_word' id='word_1_134' title='bbox 2214 2369 2324 2442; x_wconf 90' lang='lat' dir='ltr'>danda</span> 
     </span>
    </p>
   </div>
   <div class='ocr_carea' id='block_1_4' title="bbox 622 2482 2325 2588">
    <p class='ocr_par' dir='ltr' id='par_1_4' title="bbox 622 2482 2325 2588">
     <span class='ocr_line' id='line_1_14' title="bbox 622 2482 2325 2588; baseline -0.001 -22"><span class='ocrx_word' id='word_1_135' title='bbox 622 2501 625 2508; x_wconf 73' lang='grc'>“</span> <span class='ocrx_word' id='word_1_136' title='bbox 701 2499 804 2566; x_wconf 88' lang='lat' dir='ltr'>erant</span> <span class='ocrx_word' id='word_1_137' title='bbox 832 2491 1039 2588; x_wconf 89' lang='lat' dir='ltr'>spectacula.</span> <span class='ocrx_word' id='word_1_138' title='bbox 1069 2492 1296 2566; x_wconf 89' lang='lat' dir='ltr'>Horrendum</span> <span class='ocrx_word' id='word_1_139' title='bbox 1314 2492 1422 2578; x_wconf 91' lang='lat' dir='ltr'>dictu,</span> <span class='ocrx_word' id='word_1_140' title='bbox 1456 2500 1588 2587; x_wconf 88' lang='lat' dir='ltr'>quanta</span> <span class='ocrx_word' id='word_1_141' title='bbox 1604 2491 1787 2566; x_wconf 85' lang='lat' dir='ltr'>carnifices</span> <span class='ocrx_word' id='word_1_142' title='bbox 1805 2489 1917 2575; x_wconf 88' lang='lat' dir='ltr'>rabie,</span> <span class='ocrx_word' id='word_1_143' title='bbox 1936 2491 2124 2586; x_wconf 88' lang='lat' dir='ltr'>productos</span> <span class='ocrx_word' id='word_1_144' title='bbox 2153 2482 2192 2566; x_wconf 85' lang='lat' dir='ltr'>in</span> <span class='ocrx_word' id='word_1_145' title='bbox 2223 2493 2325 2568; x_wconf 88' lang='lat' dir='ltr'>ferale</span> 
     </span>
    </p>
   </div>
   <div class='ocr_carea' id='block_1_5' title="bbox 525 1197 658 1266">
    <p class='ocr_par' dir='ltr' id='par_1_5' title="bbox 525 1197 658 1266">
     <span class='ocr_line' id='line_1_15' title="bbox 525 1197 658 1266; baseline -0.03 -12"><span class='ocrx_word' id='word_1_146' title='bbox 525 1197 658 1266; x_wconf 82' lang='lat' dir='ltr'>Prodigia.</span> 
     </span>
    </p>
   </div>
   <div class='ocr_carea' id='block_1_6' title="bbox 530 2599 2360 2713">
    <p class='ocr_par' dir='ltr' id='par_1_6' title="bbox 530 2599 2360 2713">
     <span class='ocr_line' id='line_1_16' title="bbox 530 2599 2360 2713; baseline -0.001 -24"><span class='ocrx_word' id='word_1_147' title='bbox 530 2621 675 2680; x_wconf 69' lang='lat' dir='ltr'>amoenus</span> <span class='ocrx_word' id='word_1_148' title='bbox 703 2619 893 2702; x_wconf 87' lang='lat' dir='ltr'>theatrum,</span> <span class='ocrx_word' id='word_1_149' title='bbox 914 2618 1097 2713; x_wconf 89' lang='lat' dir='ltr'>utriusque</span> <span class='ocrx_word' id='word_1_150' title='bbox 1121 2639 1224 2690; x_wconf 87' lang='lat' dir='ltr'>sexus</span> <span class='ocrx_word' id='word_1_151' title='bbox 1250 2618 1423 2702; x_wconf 89' lang='lat' dir='ltr'>homines,</span> <span class='ocrx_word' id='word_1_152' title='bbox 1452 2618 1601 2712; x_wconf 84' lang='lat' dir='ltr'>juvenes</span> <span class='ocrx_word' id='word_1_153' title='bbox 1613 2618 1718 2712; x_wconf 84' lang='lat' dir='ltr'>juxta</span> <span class='ocrx_word' id='word_1_154' title='bbox 1739 2638 1925 2711; x_wconf 87' lang='lat' dir='ltr'>senesque,</span> <span class='ocrx_word' id='word_1_155' title='bbox 1949 2614 2162 2692; x_wconf 87' lang='lat' dir='ltr'>lacerarent.</span> <span class='ocrx_word' id='word_1_156' title='bbox 2183 2615 2323 2691; x_wconf 89' lang='lat' dir='ltr'>Mactati</span> <span class='ocrx_word' id='word_1_157' title='bbox 2357 2599 2360 2610; x_wconf 49' lang='lat'><strong>¹</strong></span> 
     </span>
    </p>
   </div>
   <div class='ocr_carea' id='block_1_7' title="bbox 531 2701 2325 2842">
    <p class='ocr_par' dir='ltr' id='par_1_7' title="bbox 531 2701 2325 2842">
     <span class='ocr_line' id='line_1_17' title="bbox 531 2701 2288 2760; baseline 0 -2"><span class='ocrx_word' id='word_1_158' title='bbox 531 2701 668 2760; x_wconf 75' lang='lat' dir='ltr'>tenenda.</span> <span class='ocrx_word' id='word_1_159' title='bbox 903 2744 910 2758; x_wconf 90' lang='lat'>.</span> <span class='ocrx_word' id='word_1_160' title='bbox 1150 2744 1156 2758; x_wconf 93' lang='lat'>.</span> <span class='ocrx_word' id='word_1_161' title='bbox 1284 2743 1290 2757; x_wconf 95' lang='lat'>.</span> <span class='ocrx_word' id='word_1_162' title='bbox 1434 2744 1474 2758; x_wconf 93' lang='lat'>..</span> <span class='ocrx_word' id='word_1_163' title='bbox 1670 2743 1677 2758; x_wconf 90' lang='lat'>.</span> <span class='ocrx_word' id='word_1_164' title='bbox 1739 2741 1786 2758; x_wconf 90' lang='lat'>..</span> <span class='ocrx_word' id='word_1_165' title='bbox 1913 2742 1920 2758; x_wconf 91' lang='lat'>.</span> <span class='ocrx_word' id='word_1_166' title='bbox 2088 2742 2107 2758; x_wconf 89' lang='lat'>..</span> <span class='ocrx_word' id='word_1_167' title='bbox 2282 2745 2288 2759; x_wconf 95' lang='lat'>.</span> 
     </span>
     <span class='ocr_line' id='line_1_18' title="bbox 702 2742 2325 2842; baseline -0.002 -24"><span class='ocrx_word' id='word_1_168' title='bbox 702 2743 875 2842; x_wconf 85' lang='lat' dir='ltr'>pecudum</span> <span class='ocrx_word' id='word_1_169' title='bbox 900 2750 1015 2816; x_wconf 79' lang='lat' dir='ltr'>instar</span> <span class='ocrx_word' id='word_1_170' title='bbox 1045 2744 1226 2817; x_wconf 82' lang='lat' dir='ltr'>securibus</span> <span class='ocrx_word' id='word_1_171' title='bbox 1256 2745 1293 2817; x_wconf 85' lang='lat' dir='ltr'>hr</span> <span class='ocrx_word' id='word_1_172' title='bbox 1317 2769 1324 2814; x_wconf 92' lang='lat'>:</span> <span class='ocrx_word' id='word_1_173' title='bbox 1345 2767 1475 2816; x_wconf 79' lang='lat' dir='ltr'>concisi</span> <span class='ocrx_word' id='word_1_174' title='bbox 1494 2743 1716 2816; x_wconf 78' lang='lat' dir='ltr'>membratim</span> <span class='ocrx_word' id='word_1_175' title='bbox 1737 2742 1814 2814; x_wconf 86' lang='lat' dir='ltr'>rlh:</span> <span class='ocrx_word' id='word_1_176' title='bbox 1836 2763 2027 2815; x_wconf 83' lang='lat' dir='ltr'>semineces</span> <span class='ocrx_word' id='word_1_177' title='bbox 2050 2742 2111 2815; x_wconf 91' lang='lat' dir='ltr'>aln</span> <span class='ocrx_word' id='word_1_178' title='bbox 2128 2743 2175 2816; x_wconf 91' lang='lat' dir='ltr'>ad</span> <span class='ocrx_word' id='word_1_179' title='bbox 2193 2765 2325 2839; x_wconf 79' lang='lat' dir='ltr'>gravio·</span> 
     </span>
    </p>
   </div>
   <div class='ocr_carea' id='block_1_8' title="bbox 606 2865 2323 3462">
    <p class='ocr_par' dir='ltr' id='par_1_8' title="bbox 606 2865 2323 3462">
     <span class='ocr_line' id='line_1_19' title="bbox 701 2865 2322 2964; baseline 0 -24"><span class='ocrx_word' id='word_1_180' title='bbox 701 2893 776 2942; x_wconf 89' lang='lat' dir='ltr'>rem</span> <span class='ocrx_word' id='word_1_181' title='bbox 789 2868 965 2941; x_wconf 88' lang='lat' dir='ltr'>cruciatus</span> <span class='ocrx_word' id='word_1_182' title='bbox 979 2890 1123 2940; x_wconf 88' lang='lat' dir='ltr'>sensum</span> <span class='ocrx_word' id='word_1_183' title='bbox 1131 2866 1258 2941; x_wconf 89' lang='lat' dir='ltr'>relicti.</span> <span class='ocrx_word' id='word_1_184' title='bbox 1280 2868 1378 2942; x_wconf 91' lang='lat' dir='ltr'>Inter</span> <span class='ocrx_word' id='word_1_185' title='bbox 1391 2890 1464 2953; x_wconf 77' lang='lat' dir='ltr'>eoa,</span> <span class='ocrx_word' id='word_1_186' title='bbox 1486 2867 1544 2963; x_wconf 92' lang='lat' dir='ltr'>qui</span> <span class='ocrx_word' id='word_1_187' title='bbox 1562 2865 1738 2963; x_wconf 86' lang='lat' dir='ltr'>stipitibus</span> <span class='ocrx_word' id='word_1_188' title='bbox 1756 2867 1869 2940; x_wconf 90' lang='lat' dir='ltr'>acutis</span> <span class='ocrx_word' id='word_1_189' title='bbox 1888 2867 2083 2963; x_wconf 87' lang='lat' dir='ltr'>erectisque</span> <span class='ocrx_word' id='word_1_190' title='bbox 2098 2871 2238 2964; x_wconf 88' lang='lat' dir='ltr'>trajecti</span> <span class='ocrx_word' id='word_1_191' title='bbox 2255 2878 2322 2942; x_wconf 89' lang='lat' dir='ltr'>tor·</span> 
     </span>
     <span class='ocr_line' id='line_1_20' title="bbox 702 2992 2320 3089; baseline 0.001 -24"><span class='ocrx_word' id='word_1_192' title='bbox 702 2995 913 3088; x_wconf 89' lang='lat' dir='ltr'>quebantur,</span> <span class='ocrx_word' id='word_1_193' title='bbox 934 2993 1059 3066; x_wconf 88' lang='lat' dir='ltr'>mulier</span> <span class='ocrx_word' id='word_1_194' title='bbox 1077 2992 1228 3088; x_wconf 86' lang='lat' dir='ltr'>gravida</span> <span class='ocrx_word' id='word_1_195' title='bbox 1245 3015 1368 3088; x_wconf 92' lang='lat' dir='ltr'>puero,</span> <span class='ocrx_word' id='word_1_196' title='bbox 1389 2993 1482 3087; x_wconf 89' lang='lat' dir='ltr'>quod</span> <span class='ocrx_word' id='word_1_197' title='bbox 1506 2992 1672 3068; x_wconf 88' lang='lat' dir='ltr'>maritum</span> <span class='ocrx_word' id='word_1_198' title='bbox 1683 2993 1886 3088; x_wconf 87' lang='lat' dir='ltr'>conspicata</span> <span class='ocrx_word' id='word_1_199' title='bbox 1903 3015 2003 3064; x_wconf 91' lang='lat' dir='ltr'>suum</span> <span class='ocrx_word' id='word_1_200' title='bbox 2018 2993 2168 3089; x_wconf 88' lang='lat' dir='ltr'>ejularet</span> <span class='ocrx_word' id='word_1_201' title='bbox 2184 2998 2320 3079; x_wconf 88' lang='lat' dir='ltr'>misera,</span> 
     </span>
     <span class='ocr_line' id='line_1_21' title="bbox 702 3117 2320 3215; baseline -0.001 -23"><span class='ocrx_word' id='word_1_202' title='bbox 702 3119 750 3192; x_wconf 86' lang='lat' dir='ltr'>ad</span> <span class='ocrx_word' id='word_1_203' title='bbox 769 3118 948 3193; x_wconf 90' lang='lat' dir='ltr'>lanienam</span> <span class='ocrx_word' id='word_1_204' title='bbox 965 3119 1170 3214; x_wconf 90' lang='lat' dir='ltr'>corripitur:</span> <span class='ocrx_word' id='word_1_205' title='bbox 1184 3117 1484 3192; x_wconf 89' lang='lat' dir='ltr'>discindituruter</span> <span class='ocrx_word' id='word_1_206' title='bbox 1500 3124 1697 3190; x_wconf 84' lang='lat' dir='ltr'>:extractus</span> <span class='ocrx_word' id='word_1_207' title='bbox 1711 3117 1813 3190; x_wconf 88' lang='lat' dir='ltr'>faetus</span> <span class='ocrx_word' id='word_1_208' title='bbox 1832 3117 1938 3214; x_wconf 88' lang='lat' dir='ltr'>capiti</span> <span class='ocrx_word' id='word_1_209' title='bbox 1954 3127 2148 3215; x_wconf 87' lang='lat' dir='ltr'>peremptae</span> <span class='ocrx_word' id='word_1_210' title='bbox 2166 3121 2320 3194; x_wconf 89' lang='lat' dir='ltr'>illiditur.</span> 
     </span>
     <span class='ocr_line' id='line_1_22' title="bbox 606 3242 2322 3341; baseline 0 -23"><span class='ocrx_word' id='word_1_211' title='bbox 606 3267 609 3274; x_wconf 83' lang='grc'>’</span> <span class='ocrx_word' id='word_1_212' title='bbox 705 3243 819 3339; x_wconf 87' lang='lat' dir='ltr'>Super</span> <span class='ocrx_word' id='word_1_213' title='bbox 844 3245 993 3318; x_wconf 90' lang='lat' dir='ltr'>eaodem</span> <span class='ocrx_word' id='word_1_214' title='bbox 1031 3251 1188 3340; x_wconf 84' lang='lat' dir='ltr'>stragem</span> <span class='ocrx_word' id='word_1_215' title='bbox 1218 3243 1428 3317; x_wconf 89' lang='lat' dir='ltr'>cecidissent</span> <span class='ocrx_word' id='word_1_216' title='bbox 1457 3242 1594 3339; x_wconf 89' lang='lat' dir='ltr'>reliqui,</span> <span class='ocrx_word' id='word_1_217' title='bbox 1629 3243 1699 3316; x_wconf 89' lang='lat' dir='ltr'>nisi</span> <span class='ocrx_word' id='word_1_218' title='bbox 1727 3249 1872 3341; x_wconf 89' lang='lat' dir='ltr'>repente</span> <span class='ocrx_word' id='word_1_219' title='bbox 1902 3244 2030 3318; x_wconf 86' lang='lat' dir='ltr'>vindex</span> <span class='ocrx_word' id='word_1_220' title='bbox 2065 3247 2227 3333; x_wconf 88' lang='lat' dir='ltr'>civitatis,</span> <span class='ocrx_word' id='word_1_221' title='bbox 2257 3247 2322 3319; x_wconf 79' lang='lat' dir='ltr'>dux</span> 
     </span>
     <span class='ocr_line' id='line_1_23' title="bbox 703 3367 2323 3462; baseline 0 -20"><span class='ocrx_word' id='word_1_222' title='bbox 703 3368 880 3442; x_wconf 91' lang='lat' dir='ltr'>Lituanici</span> <span class='ocrx_word' id='word_1_223' title='bbox 897 3369 1085 3454; x_wconf 84' lang='lat' dir='ltr'>exereitus,</span> <span class='ocrx_word' id='word_1_224' title='bbox 1106 3367 1262 3440; x_wconf 90' lang='lat' dir='ltr'>Michael</span> <span class='ocrx_word' id='word_1_225' title='bbox 1275 3370 1349 3441; x_wconf 91' lang='lat' dir='ltr'>Pac</span> <span class='ocrx_word' id='word_1_226' title='bbox 1369 3368 1408 3438; x_wconf 90' lang='lat' dir='ltr'>in</span> <span class='ocrx_word' id='word_1_227' title='bbox 1427 3373 1529 3462; x_wconf 83' lang='lat' dir='ltr'>terga</span> <span class='ocrx_word' id='word_1_228' title='bbox 1546 3367 1702 3440; x_wconf 89' lang='lat' dir='ltr'>hostium</span> <span class='ocrx_word' id='word_1_229' title='bbox 1718 3367 1921 3444; x_wconf 87' lang='lat' dir='ltr'>involasset.</span> <span class='ocrx_word' id='word_1_230' title='bbox 1939 3369 2032 3444; x_wconf 76' lang='lat' dir='ltr'>(tasi</span> <span class='ocrx_word' id='word_1_231' title='bbox 2044 3371 2082 3442; x_wconf 93' lang='lat' dir='ltr'>in</span> <span class='ocrx_word' id='word_1_232' title='bbox 2100 3371 2187 3445; x_wconf 90' lang='lat' dir='ltr'>urbe</span> <span class='ocrx_word' id='word_1_233' title='bbox 2201 3372 2323 3445; x_wconf 91' lang='lat' dir='ltr'>barba·</span> 
     </span>
    </p>
   </div>
   <div class='ocr_carea' id='block_1_9' title="bbox 533 3476 2322 3589">
    <p class='ocr_par' dir='ltr' id='par_1_9' title="bbox 533 3476 2322 3589">
     <span class='ocr_line' id='line_1_24' title="bbox 533 3476 2322 3589; baseline 0.004 -30"><span class='ocrx_word' id='word_1_234' title='bbox 533 3476 626 3534; x_wconf 80' lang='lat' dir='ltr'>nosns</span> <span class='ocrx_word' id='word_1_235' title='bbox 638 3493 663 3534; x_wconf 71' lang='lat' dir='ltr'>‚o</span> <span class='ocrx_word' id='word_1_236' title='bbox 704 3515 823 3566; x_wconf 90' lang='lat' dir='ltr'>rorum</span> <span class='ocrx_word' id='word_1_237' title='bbox 836 3493 960 3579; x_wconf 76' lang='lat' dir='ltr'>multi,</span> <span class='ocrx_word' id='word_1_238' title='bbox 979 3493 1098 3588; x_wconf 89' lang='lat' dir='ltr'>plures</span> <span class='ocrx_word' id='word_1_239' title='bbox 1111 3492 1149 3565; x_wconf 91' lang='lat' dir='ltr'>in</span> <span class='ocrx_word' id='word_1_240' title='bbox 1161 3513 1280 3565; x_wconf 89' lang='lat' dir='ltr'>arcem</span> <span class='ocrx_word' id='word_1_241' title='bbox 1294 3491 1497 3586; x_wconf 85' lang='lat' dir='ltr'>confugere.</span> <span class='ocrx_word' id='word_1_242' title='bbox 1517 3491 1650 3565; x_wconf 87' lang='lat' dir='ltr'>Locum</span> <span class='ocrx_word' id='word_1_243' title='bbox 1675 3490 1794 3588; x_wconf 88' lang='lat' dir='ltr'>adepti</span> <span class='ocrx_word' id='word_1_244' title='bbox 1814 3492 1987 3565; x_wconf 90' lang='lat' dir='ltr'>munitum</span> <span class='ocrx_word' id='word_1_245' title='bbox 2003 3493 2154 3589; x_wconf 92' lang='lat' dir='ltr'>impetus</span> <span class='ocrx_word' id='word_1_246' title='bbox 2168 3496 2322 3569; x_wconf 90' lang='lat' dir='ltr'>obsiden-</span> 
     </span>
    </p>
   </div>
   <div class='ocr_carea' id='block_1_10' title="bbox 532 3558 2320 3716">
    <p class='ocr_par' dir='ltr' id='par_1_10' title="bbox 532 3558 2320 3716">
     <span class='ocr_line' id='line_1_25' title="bbox 532 3558 2320 3716; baseline 0.002 -27"><span class='ocrx_word' id='word_1_247' title='bbox 532 3558 668 3704; x_wconf 57' lang='lat' dir='ltr'>pppqagqp</span> <span class='ocrx_word' id='word_1_248' title='bbox 704 3617 792 3688; x_wconf 91' lang='lat' dir='ltr'>tium</span> <span class='ocrx_word' id='word_1_249' title='bbox 805 3617 1046 3690; x_wconf 88' lang='lat' dir='ltr'>sustinuerunt</span> <span class='ocrx_word' id='word_1_250' title='bbox 1063 3616 1099 3688; x_wconf 93' lang='lat' dir='ltr'>in</span> <span class='ocrx_word' id='word_1_251' title='bbox 1117 3639 1251 3688; x_wconf 92' lang='lat' dir='ltr'>annum</span> <span class='ocrx_word' id='word_1_252' title='bbox 1267 3615 1523 3711; x_wconf 89' lang='lat' dir='ltr'>insequentem.</span> <span class='ocrx_word' id='word_1_253' title='bbox 1545 3614 1682 3709; x_wconf 89' lang='lat' dir='ltr'>Magna</span> <span class='ocrx_word' id='word_1_254' title='bbox 1702 3621 1778 3686; x_wconf 90' lang='lat' dir='ltr'>tum</span> <span class='ocrx_word' id='word_1_255' title='bbox 1794 3636 1932 3710; x_wconf 91' lang='lat' dir='ltr'>quoque</span> <span class='ocrx_word' id='word_1_256' title='bbox 1950 3615 1986 3688; x_wconf 96' lang='lat' dir='ltr'>in</span> <span class='ocrx_word' id='word_1_257' title='bbox 2005 3618 2149 3692; x_wconf 88' lang='lat' dir='ltr'>civitate</span> <span class='ocrx_word' id='word_1_258' title='bbox 2164 3627 2320 3716; x_wconf 76' lang='lat' dir='ltr'>strages,</span> 
     </span>
    </p>
   </div>
   <div class='ocr_carea' id='block_1_11' title="bbox 532 3711 2320 3837">
    <p class='ocr_par' dir='ltr' id='par_1_11' title="bbox 532 3711 2320 3837">
     <span class='ocr_line' id='line_1_26' title="bbox 532 3711 2320 3837; baseline 0.001 -27"><span class='ocrx_word' id='word_1_259' title='bbox 532 3711 583 3767; x_wconf 56' lang='lat'>‘¹¹¹‘</span> <span class='ocrx_word' id='word_1_260' title='bbox 706 3738 859 3812; x_wconf 88' lang='lat' dir='ltr'>obsessis</span> <span class='ocrx_word' id='word_1_261' title='bbox 873 3761 916 3811; x_wconf 84' lang='lat' dir='ltr'>ex</span> <span class='ocrx_word' id='word_1_262' title='bbox 934 3739 1045 3813; x_wconf 87' lang='lat' dir='ltr'>arduo</span> <span class='ocrx_word' id='word_1_263' title='bbox 1075 3739 1271 3832; x_wconf 74' lang='lat' dir='ltr'>subJactam</span> <span class='ocrx_word' id='word_1_264' title='bbox 1296 3739 1419 3812; x_wconf 90' lang='lat' dir='ltr'>urbem</span> <span class='ocrx_word' id='word_1_265' title='bbox 1436 3737 1698 3832; x_wconf 87' lang='lat' dir='ltr'>quassantibus.</span> <span class='ocrx_word' id='word_1_266' title='bbox 1721 3736 1844 3810; x_wconf 87' lang='lat' dir='ltr'>Socios</span> <span class='ocrx_word' id='word_1_267' title='bbox 1871 3737 1907 3808; x_wconf 93' lang='lat' dir='ltr'>in</span> <span class='ocrx_word' id='word_1_268' title='bbox 1927 3760 1968 3810; x_wconf 90' lang='lat' dir='ltr'>eo</span> <span class='ocrx_word' id='word_1_269' title='bbox 1996 3739 2139 3814; x_wconf 90' lang='lat' dir='ltr'>turbine</span> <span class='ocrx_word' id='word_1_270' title='bbox 2169 3742 2320 3837; x_wconf 91' lang='lat' dir='ltr'>perinde,</span> 
     </span>
    </p>
   </div>
   <div class='ocr_carea' id='block_1_12' title="bbox 704 3862 2423 3961">
    <p class='ocr_par' dir='ltr' id='par_1_12' title="bbox 704 3862 2423 3961">
     <span class='ocr_line' id='line_1_27' title="bbox 704 3862 2423 3961; baseline 0.002 -25"><span class='ocrx_word' id='word_1_271' title='bbox 704 3869 810 3957; x_wconf 89' lang='lat' dir='ltr'>atque</span> <span class='ocrx_word' id='word_1_272' title='bbox 845 3863 955 3936; x_wconf 90' lang='lat' dir='ltr'>otium</span> <span class='ocrx_word' id='word_1_273' title='bbox 987 3864 1104 3950; x_wconf 87' lang='lat' dir='ltr'>foret,</span> <span class='ocrx_word' id='word_1_274' title='bbox 1138 3865 1314 3961; x_wconf 86' lang='lat' dir='ltr'>agitantes</span> <span class='ocrx_word' id='word_1_275' title='bbox 1344 3885 1421 3950; x_wconf 88' lang='lat' dir='ltr'>sua,</span> <span class='ocrx_word' id='word_1_276' title='bbox 1450 3862 1601 3936; x_wconf 83' lang='lat' dir='ltr'>maxime</span> <span class='ocrx_word' id='word_1_277' title='bbox 1625 3863 1759 3936; x_wconf 87' lang='lat' dir='ltr'>ultimis</span> <span class='ocrx_word' id='word_1_278' title='bbox 1793 3862 2026 3937; x_wconf 88' lang='lat' dir='ltr'>hebdomadae</span> <span class='ocrx_word' id='word_1_279' title='bbox 2056 3875 2190 3942; x_wconf 83' lang='lat' dir='ltr'>sanctae</span> <span class='ocrx_word' id='word_1_280' title='bbox 2218 3869 2319 3951; x_wconf 90' lang='lat' dir='ltr'>feriis,</span> <span class='ocrx_word' id='word_1_281' title='bbox 2422 3921 2423 3952; x_wconf 85' lang='lat'>,</span> 
     </span>
    </p>
   </div>
   <div class='ocr_carea' id='block_1_13' title="bbox 705 3989 1057 4064">
    <p class='ocr_par' dir='ltr' id='par_1_13' title="bbox 705 3989 1057 4064">
     <span class='ocr_line' id='line_1_28' title="bbox 705 3989 1057 4064; baseline 0 -2"><span class='ocrx_word' id='word_1_282' title='bbox 705 3989 833 4064; x_wconf 88' lang='lat' dir='ltr'>hostis·</span> <span class='ocrx_word' id='word_1_283' title='bbox 852 3990 1057 4064; x_wconf 90' lang='lat' dir='ltr'>conterruit.</span> 
     </span>
    </p>
   </div>
   <div class='ocr_carea' id='block_1_14' title="bbox 534 4112 2323 4263">
    <p class='ocr_par' dir='ltr' id='par_1_14' title="bbox 534 4112 2323 4263">
     <span class='ocr_line' id='line_1_29' title="bbox 534 4112 2323 4263; baseline -0.004 -67"><span class='ocrx_word' id='word_1_284' title='bbox 534 4205 656 4263; x_wconf 73' lang='lat' dir='ltr'>Conmr-</span> <span class='ocrx_word' id='word_1_285' title='bbox 755 4112 859 4186; x_wconf 86' lang='lat' dir='ltr'>Anno</span> <span class='ocrx_word' id='word_1_286' title='bbox 876 4115 982 4200; x_wconf 89' lang='grc'>1661,</span> <span class='ocrx_word' id='word_1_287' title='bbox 1005 4114 1061 4187; x_wconf 90' lang='lat' dir='ltr'>die</span> <span class='ocrx_word' id='word_1_288' title='bbox 1081 4137 1306 4211; x_wconf 84' lang='lat' dir='ltr'>parasceves,</span> <span class='ocrx_word' id='word_1_289' title='bbox 1326 4115 1374 4188; x_wconf 90' lang='lat' dir='ltr'>ad</span> <span class='ocrx_word' id='word_1_290' title='bbox 1392 4117 1641 4213; x_wconf 89' lang='lat' dir='ltr'>cenotaphium</span> <span class='ocrx_word' id='word_1_291' title='bbox 1666 4116 1702 4189; x_wconf 93' lang='lat' dir='ltr'>in</span> <span class='ocrx_word' id='word_1_292' title='bbox 1726 4117 1857 4215; x_wconf 89' lang='lat' dir='ltr'>temple</span> <span class='ocrx_word' id='word_1_293' title='bbox 1871 4119 2069 4192; x_wconf 86' lang='lat' dir='ltr'>academico</span> <span class='ocrx_word' id='word_1_294' title='bbox 2087 4120 2323 4193; x_wconf 88' lang='lat' dir='ltr'>concionatore</span> 
     </span>
    </p>
   </div>
   <div class='ocr_carea' id='block_1_15' title="bbox 532 4237 2422 4339">
    <p class='ocr_par' dir='ltr' id='par_1_15' title="bbox 532 4237 2422 4339">
     <span class='ocr_line' id='line_1_30' title="bbox 532 4237 2422 4339; baseline -0.001 -27"><span class='ocrx_word' id='word_1_295' title='bbox 532 4286 633 4338; x_wconf 68' lang='lat' dir='ltr'>duntur</span> <span class='ocrx_word' id='word_1_296' title='bbox 708 4237 864 4310; x_wconf 83' lang='lat' dir='ltr'>divinum</span> <span class='ocrx_word' id='word_1_297' title='bbox 882 4238 1013 4311; x_wconf 86' lang='lat' dir='ltr'>Christi</span> <span class='ocrx_word' id='word_1_298' title='bbox 1032 4239 1228 4313; x_wconf 87' lang='lat' dir='ltr'>Salvatoris</span> <span class='ocrx_word' id='word_1_299' title='bbox 1255 4262 1408 4314; x_wconf 89' lang='lat' dir='ltr'>amorem</span> <span class='ocrx_word' id='word_1_300' title='bbox 1433 4241 1682 4337; x_wconf 73' lang='lat' dir='ltr'>predicante„</span> <span class='ocrx_word' id='word_1_301' title='bbox 1697 4243 1733 4314; x_wconf 92' lang='lat' dir='ltr'>in</span> <span class='ocrx_word' id='word_1_302' title='bbox 1750 4242 1950 4337; x_wconf 85' lang='lat' dir='ltr'>frequentia</span> <span class='ocrx_word' id='word_1_303' title='bbox 1962 4243 2095 4339; x_wconf 91' lang='lat' dir='ltr'>populi,</span> <span class='ocrx_word' id='word_1_304' title='bbox 2117 4245 2159 4317; x_wconf 86' lang='lat' dir='ltr'>ab</span> <span class='ocrx_word' id='word_1_305' title='bbox 2181 4243 2322 4318; x_wconf 87' lang='lat' dir='ltr'>obsessis</span> <span class='ocrx_word' id='word_1_306' title='bbox 2421 4327 2422 4332; x_wconf 6' lang='grc' dir='ltr'><strong>Ἰ</strong></span> 
     </span>
    </p>
   </div>
   <div class='ocr_carea' id='block_1_16' title="bbox 468 4363 2323 4967">
    <p class='ocr_par' dir='ltr' id='par_1_16' title="bbox 468 4363 2323 4736">
     <span class='ocr_line' id='line_1_31' title="bbox 533 4363 2318 4460; baseline 0.002 -26"><span class='ocrx_word' id='word_1_307' title='bbox 533 4363 650 4454; x_wconf 62' lang='lat' dir='ltr'>partem</span> <span class='ocrx_word' id='word_1_308' title='bbox 706 4363 872 4437; x_wconf 89' lang='lat' dir='ltr'>hostibus</span> <span class='ocrx_word' id='word_1_309' title='bbox 903 4386 946 4436; x_wconf 81' lang='lat' dir='ltr'>ex</span> <span class='ocrx_word' id='word_1_310' title='bbox 976 4385 1058 4436; x_wconf 90' lang='lat' dir='ltr'>aree</span> <span class='ocrx_word' id='word_1_311' title='bbox 1075 4363 1113 4436; x_wconf 89' lang='lat' dir='ltr'>in</span> <span class='ocrx_word' id='word_1_312' title='bbox 1139 4364 1309 4460; x_wconf 90' lang='lat' dir='ltr'>templum</span> <span class='ocrx_word' id='word_1_313' title='bbox 1334 4375 1572 4440; x_wconf 87' lang='lat' dir='ltr'>exonerantur</span> <span class='ocrx_word' id='word_1_314' title='bbox 1598 4366 1928 4454; x_wconf 86' lang='lat' dir='ltr'>tormentabelhea,</span> <span class='ocrx_word' id='word_1_315' title='bbox 1963 4369 2035 4441; x_wconf 89' lang='lat' dir='ltr'>ictu</span> <span class='ocrx_word' id='word_1_316' title='bbox 2064 4377 2160 4442; x_wconf 88' lang='lat' dir='ltr'>certo</span> <span class='ocrx_word' id='word_1_317' title='bbox 2186 4369 2318 4442; x_wconf 88' lang='lat' dir='ltr'>directa.</span> 
     </span>
     <span class='ocr_line' id='line_1_32' title="bbox 533 4456 2323 4601; baseline 0.007 -43"><span class='ocrx_word' id='word_1_318' title='bbox 533 4456 649 4586; x_wconf 46' lang='lat' dir='ltr'>iffi?</span> <span class='ocrx_word' id='word_1_319' title='bbox 707 4487 863 4564; x_wconf 89' lang='lat' dir='ltr'>Perculit</span> <span class='ocrx_word' id='word_1_320' title='bbox 880 4510 1000 4562; x_wconf 89' lang='lat' dir='ltr'>omnes</span> <span class='ocrx_word' id='word_1_321' title='bbox 1018 4490 1139 4585; x_wconf 86' lang='lat' dir='ltr'>fragor</span> <span class='ocrx_word' id='word_1_322' title='bbox 1156 4515 1194 4564; x_wconf 89' lang='lat' dir='ltr'>ac</span> <span class='ocrx_word' id='word_1_323' title='bbox 1211 4493 1348 4587; x_wconf 88' lang='lat' dir='ltr'>proruit</span> <span class='ocrx_word' id='word_1_324' title='bbox 1369 4494 1486 4568; x_wconf 89' lang='lat' dir='ltr'>:laesit</span> <span class='ocrx_word' id='word_1_325' title='bbox 1510 4503 1631 4569; x_wconf 91' lang='lat' dir='ltr'>tamen</span> <span class='ocrx_word' id='word_1_326' title='bbox 1655 4496 1843 4570; x_wconf 90' lang='lat' dir='ltr'>neminem.</span> <span class='ocrx_word' id='word_1_327' title='bbox 1865 4495 1924 4570; x_wconf 86' lang='lat' dir='ltr'>Sic</span> <span class='ocrx_word' id='word_1_328' title='bbox 1941 4495 2058 4570; x_wconf 89' lang='lat' dir='ltr'>librila</span> <span class='ocrx_word' id='word_1_329' title='bbox 2072 4496 2215 4601; x_wconf 81' lang='lat' dir='ltr'>fulmen,</span> <span class='ocrx_word' id='word_1_330' title='bbox 2243 4493 2323 4570; x_wconf 90' lang='lat' dir='ltr'>alte-</span> 
     </span>
     <span class='ocr_line' id='line_1_33' title="bbox 468 4593 2322 4736; baseline 0.006 -56"><span class='ocrx_word' id='word_1_331' title='bbox 468 4707 471 4714; x_wconf 17' lang='grc' dir='ltr'>λ</span> <span class='ocrx_word' id='word_1_332' title='bbox 533 4593 653 4736; x_wconf 55' lang='lat' dir='ltr'>{qu</span> <span class='ocrx_word' id='word_1_333' title='bbox 706 4633 783 4684; x_wconf 91' lang='lat' dir='ltr'>rum</span> <span class='ocrx_word' id='word_1_334' title='bbox 816 4634 879 4706; x_wconf 89' lang='lat' dir='ltr'>per</span> <span class='ocrx_word' id='word_1_335' title='bbox 908 4611 1098 4687; x_wconf 85' lang='lat' dir='ltr'>fenestram</span> <span class='ocrx_word' id='word_1_336' title='bbox 1117 4614 1303 4689; x_wconf 88' lang='lat' dir='ltr'>adversam</span> <span class='ocrx_word' id='word_1_337' title='bbox 1328 4616 1444 4699; x_wconf 90' lang='lat' dir='ltr'>irruit.</span> <span class='ocrx_word' id='word_1_338' title='bbox 1473 4626 1513 4692; x_wconf 92' lang='lat' dir='ltr'>ut</span> <span class='ocrx_word' id='word_1_339' title='bbox 1534 4626 1631 4692; x_wconf 88' lang='lat' dir='ltr'>recta</span> <span class='ocrx_word' id='word_1_340' title='bbox 1657 4641 1721 4714; x_wconf 87' lang='lat' dir='ltr'>per</span> <span class='ocrx_word' id='word_1_341' title='bbox 1755 4639 1915 4694; x_wconf 87' lang='lat' dir='ltr'>aversam</span> <span class='ocrx_word' id='word_1_342' title='bbox 1932 4621 2113 4718; x_wconf 85' lang='lat' dir='ltr'>eruperit:</span> <span class='ocrx_word' id='word_1_343' title='bbox 2133 4604 2272 4696; x_wconf 83' lang='lat' dir='ltr'>alterum</span> <span class='ocrx_word' id='word_1_344' title='bbox 2286 4621 2322 4692; x_wconf 92' lang='lat' dir='ltr'>in</span> 
     </span>
    </p>

    <p class='ocr_par' dir='ltr' id='par_1_17' title="bbox 707 4731 2321 4967">
     <span class='ocr_line' id='line_1_34' title="bbox 708 4731 2321 4842; baseline 0.006 -36"><span class='ocrx_word' id='word_1_345' title='bbox 708 4758 808 4807; x_wconf 90' lang='lat' dir='ltr'>muro</span> <span class='ocrx_word' id='word_1_346' title='bbox 840 4731 949 4832; x_wconf 84' lang='lat' dir='ltr'>fregit</span> <span class='ocrx_word' id='word_1_347' title='bbox 973 4737 1154 4834; x_wconf 91' lang='lat' dir='ltr'>impetum,</span> <span class='ocrx_word' id='word_1_348' title='bbox 1173 4749 1211 4814; x_wconf 90' lang='lat' dir='ltr'>ut</span> <span class='ocrx_word' id='word_1_349' title='bbox 1230 4743 1325 4837; x_wconf 89' lang='lat' dir='ltr'>ipsos</span> <span class='ocrx_word' id='word_1_350' title='bbox 1354 4742 1484 4818; x_wconf 89' lang='lat' dir='ltr'>lateres</span> <span class='ocrx_word' id='word_1_351' title='bbox 1502 4743 1656 4818; x_wconf 79' lang='lat' dir='ltr'>violarit.</span> <span class='ocrx_word' id='word_1_352' title='bbox 1677 4745 1793 4842; x_wconf 86' lang='lat' dir='ltr'>Major</span> <span class='ocrx_word' id='word_1_353' title='bbox 1806 4747 1924 4819; x_wconf 89' lang='lat' dir='ltr'>statim</span> <span class='ocrx_word' id='word_1_354' title='bbox 1951 4745 1987 4818; x_wconf 91' lang='lat' dir='ltr'>in</span> <span class='ocrx_word' id='word_1_355' title='bbox 2017 4747 2155 4822; x_wconf 86' lang='lat' dir='ltr'>hostem</span> <span class='ocrx_word' id='word_1_356' title='bbox 2173 4747 2258 4822; x_wconf 84' lang='lat' dir='ltr'>facta</span> <span class='ocrx_word' id='word_1_357' title='bbox 2272 4745 2321 4816; x_wconf 82' lang='lat' dir='ltr'>ris</span> 
     </span>
     <span class='ocr_line' id='line_1_35' title="bbox 707 4861 2317 4967; baseline 0.007 -36"><span class='ocrx_word' id='word_1_358' title='bbox 707 4861 917 4934; x_wconf 88' lang='lat' dir='ltr'>nostratium</span> <span class='ocrx_word' id='word_1_359' title='bbox 936 4885 958 4934; x_wconf 91' lang='lat' dir='ltr'>a</span> <span class='ocrx_word' id='word_1_360' title='bbox 975 4865 1182 4960; x_wconf 89' lang='lat' dir='ltr'>regionibus</span> <span class='ocrx_word' id='word_1_361' title='bbox 1200 4867 1351 4942; x_wconf 90' lang='lat' dir='ltr'>diversis</span> <span class='ocrx_word' id='word_1_362' title='bbox 1371 4870 1650 4966; x_wconf 89' lang='lat' dir='ltr'>oppugnantium</span> <span class='ocrx_word' id='word_1_363' title='bbox 1668 4877 1703 4944; x_wconf 90' lang='lat' dir='ltr'>et</span> <span class='ocrx_word' id='word_1_364' title='bbox 1721 4871 1865 4967; x_wconf 88' lang='lat' dir='ltr'>gravior</span> <span class='ocrx_word' id='word_1_365' title='bbox 1883 4872 2080 4967; x_wconf 90' lang='lat' dir='ltr'>impressio.</span> <span class='ocrx_word' id='word_1_366' title='bbox 2104 4863 2214 4955; x_wconf 67' lang='lat' dir='ltr'>circu</span> <span class='ocrx_word' id='word_1_367' title='bbox 2229 4869 2317 4946; x_wconf 88' lang='lat' dir='ltr'>undi-</span> 
     </span>
    </p>
   </div>
   <div class='ocr_carea' id='block_1_17' title="bbox 706 4984 2317 5093">
    <p class='ocr_par' dir='ltr' id='par_1_18' title="bbox 706 4984 2317 5093">
     <span class='ocr_line' id='line_1_36' title="bbox 706 4984 2317 5093; baseline 0.006 -39"><span class='ocrx_word' id='word_1_368' title='bbox 706 5006 774 5076; x_wconf 90' lang='lat' dir='ltr'>que</span> <span class='ocrx_word' id='word_1_369' title='bbox 787 4990 823 5056; x_wconf 88' lang='lat' dir='ltr'>et</span> <span class='ocrx_word' id='word_1_370' title='bbox 842 4984 996 5080; x_wconf 91' lang='lat' dir='ltr'>undique</span> <span class='ocrx_word' id='word_1_371' title='bbox 1009 4989 1044 5059; x_wconf 92' lang='lat' dir='ltr'>in</span> <span class='ocrx_word' id='word_1_372' title='bbox 1058 5012 1140 5064; x_wconf 89' lang='lat' dir='ltr'>arce</span> <span class='ocrx_word' id='word_1_373' title='bbox 1155 4994 1360 5089; x_wconf 90' lang='lat' dir='ltr'>compressi,</span> <span class='ocrx_word' id='word_1_374' title='bbox 1371 4994 1448 5089; x_wconf 89' lang='lat' dir='ltr'>jam</span> <span class='ocrx_word' id='word_1_375' title='bbox 1461 4991 1679 5069; x_wconf 87' lang='lat' dir='ltr'>sustinendae</span> <span class='ocrx_word' id='word_1_376' title='bbox 1694 4991 1950 5092; x_wconf 90' lang='lat' dir='ltr'>oppugnationi</span> <span class='ocrx_word' id='word_1_377' title='bbox 1963 4997 2132 5093; x_wconf 71' lang='lat' dir='ltr'>impares</span> <span class='ocrx_word' id='word_1_378' title='bbox 2147 4995 2317 5072; x_wconf 90' lang='lat' dir='ltr'>deditionis</span> 
     </span>
    </p>
   </div>
   <div class='ocr_carea' id='block_1_18' title="bbox 706 5107 2420 5220">
    <p class='ocr_par' dir='ltr' id='par_1_19' title="bbox 706 5107 2420 5220">
     <span class='ocr_line' id='line_1_37' title="bbox 706 5107 2420 5220; baseline 0.009 -42"><span class='ocrx_word' id='word_1_379' title='bbox 706 5107 831 5180; x_wconf 91' lang='lat' dir='ltr'>ineunt</span> <span class='ocrx_word' id='word_1_380' title='bbox 852 5111 1058 5200; x_wconf 77' lang='lat' dir='ltr'>consilium,</span> <span class='ocrx_word' id='word_1_381' title='bbox 1079 5115 1234 5189; x_wconf 89' lang='lat' dir='ltr'>omnium</span> <span class='ocrx_word' id='word_1_382' title='bbox 1262 5118 1298 5190; x_wconf 90' lang='lat' dir='ltr'>in</span> <span class='ocrx_word' id='word_1_383' title='bbox 1316 5117 1353 5190; x_wconf 94' lang='lat' dir='ltr'>id</span> <span class='ocrx_word' id='word_1_384' title='bbox 1371 5119 1475 5192; x_wconf 89' lang='lat' dir='ltr'>facile</span> <span class='ocrx_word' id='word_1_385' title='bbox 1501 5119 1674 5194; x_wconf 90' lang='lat' dir='ltr'>inclinant</span> <span class='ocrx_word' id='word_1_386' title='bbox 1691 5121 1808 5195; x_wconf 89' lang='lat' dir='ltr'>animi.</span> <span class='ocrx_word' id='word_1_387' title='bbox 1832 5125 1913 5219; x_wconf 88' lang='lat' dir='ltr'>Ipse</span> <span class='ocrx_word' id='word_1_388' title='bbox 1938 5123 2074 5210; x_wconf 90' lang='lat' dir='ltr'>Daniel,</span> <span class='ocrx_word' id='word_1_389' title='bbox 2090 5124 2171 5220; x_wconf 90' lang='lat' dir='ltr'>quia</span> <span class='ocrx_word' id='word_1_390' title='bbox 2187 5127 2315 5220; x_wconf 86' lang='lat' dir='ltr'>propter</span> <span class='ocrx_word' id='word_1_391' title='bbox 2419 5169 2420 5184; x_wconf 76' lang='lat'>.</span> 
     </span>
    </p>
   </div>
   <div class='ocr_carea' id='block_1_19' title="bbox 706 5233 2301 5344">
    <p class='ocr_par' dir='ltr' id='par_1_20' title="bbox 706 5233 2301 5344">
     <span class='ocr_line' id='line_1_38' title="bbox 706 5233 2301 5344; baseline 0.008 -38"><span class='ocrx_word' id='word_1_392' title='bbox 706 5233 865 5308; x_wconf 89' lang='lat' dir='ltr'>crudelia</span> <span class='ocrx_word' id='word_1_393' title='bbox 876 5235 970 5310; x_wconf 87' lang='lat' dir='ltr'>facta</span> <span class='ocrx_word' id='word_1_394' title='bbox 995 5262 1059 5312; x_wconf 89' lang='lat' dir='ltr'>sua</span> <span class='ocrx_word' id='word_1_395' title='bbox 1085 5240 1151 5312; x_wconf 88' lang='lat' dir='ltr'>sibi</span> <span class='ocrx_word' id='word_1_396' title='bbox 1168 5243 1319 5318; x_wconf 84' lang='lat' dir='ltr'>maxime</span> <span class='ocrx_word' id='word_1_397' title='bbox 1348 5253 1494 5333; x_wconf 87' lang='lat' dir='ltr'>metuat,</span> <span class='ocrx_word' id='word_1_398' title='bbox 1515 5247 1728 5344; x_wconf 87' lang='lat' dir='ltr'>refragatur.</span> <span class='ocrx_word' id='word_1_399' title='bbox 1750 5248 1822 5322; x_wconf 86' lang='lat' dir='ltr'>Sed</span> <span class='ocrx_word' id='word_1_400' title='bbox 1839 5249 1958 5324; x_wconf 86' lang='lat' dir='ltr'>valera</span> <span class='ocrx_word' id='word_1_401' title='bbox 1976 5257 2113 5324; x_wconf 88' lang='lat' dir='ltr'>tantum</span> <span class='ocrx_word' id='word_1_402' title='bbox 2129 5273 2200 5325; x_wconf 89' lang='lat' dir='ltr'>non</span> <span class='ocrx_word' id='word_1_403' title='bbox 2214 5242 2301 5343; x_wconf 85' lang='lat' dir='ltr'>potui</span> 
     </span>
    </p>
   </div>
   <div class='ocr_carea' id='block_1_20' title="bbox 0 0 2482 6658">
    <p class='ocr_par' dir='ltr' id='par_1_21' title="bbox 0 0 2482 6658">
     <span class='ocr_line' id='line_1_39' title="bbox 0 0 2482 6658; baseline 0 0"><span class='ocrx_word' id='word_1_404' title='bbox 0 0 2482 6658; x_wconf 95' lang='lat' dir='ltr'> </span> 
     </span>
    </p>
   </div>
  </div>
 </body>
</html>
