4948 6654
671 798 732 862 228
1039 799 1313 859 ulvudulcduuu
1335 799 1547 860 SOClETdTlS
1568 799 1653 860 JESU
1677 795 1930 857 HlSTORlARUM

673 987 728 1060 vir
750 985 1404 1074 10011100Ρο10110111110,01)1011110010
1422 982 1578 1080 principe
1592 980 1766 1053 Masoviae
1787 980 1931 1077 Skarga
1943 1005 2008 1077 per
2019 986 2154 1081 jocum,
2174 988 2302 1064 deinde

672 1114 718 1186 ab
735 1112 816 1186 aliis
835 1113 1064 1186 communiter
1079 1112 1146 1184 hoc
1167 1111 1320 1195 nomine,
1340 1111 1434 1205 quod
1451 1099 1597 1181 Polonis
1610 1104 1864 1200 querimoniam
1886 1107 2074 1202 significat,
2101 1113 2296 1188 vocitatus:

674 1237 767 1333 quod
785 1237 879 1332 apud
903 1237 1096 1331 principem
1114 1235 1158 1307 de
1174 1235 1283 1308 illatis
1300 1235 1382 1306 hinc
1401 1233 1498 1305 illinc
1515 1232 1582 1303 sibi
1600 1231 1738 1325 injuriis
1762 1231 1886 1304 crebro
1913 1244 2131 1334 quereretur.
2153 1240 2297 1328 Petrus,

673 1363 863 1435 demortuis
885 1361 1102 1457 parentibus
1118 1383 1163 1432 ex
1176 1359 1304 1455 oppido
1318 1358 1432 1453 patrio
1455 1354 1637 1440 Grodziec,
1658 1355 1718 1427 ubi
1736 1378 1774 1427 se
1794 1356 1959 1450 privatim
1974 1359 2012 1432 in
2029 1369 2106 1436 arto
2123 1361 2300 1440 litteraria

672 1495 889 1572 exercuerat,
909 1509 1003 1559 anno
1018 1487 1134 1560 aetatis
1152 1488 1286 1559 decimo
1300 1483 1510 1579 octavo‘jam
1522 1482 1624 1569 inito,
1643 1480 1847 1554 cracoviam
1862 1481 2061 1560 litterarum
2081 1490 2301 1563 severiorum

673 1635 782 1686 causa
799 1636 837 1686 se
854 1612 1012 1684 contulit.
1034 1613 1183 1685 Biennio
1205 1620 1295 1707 post,
1317 1611 1519 1684 academica
1535 1616 1680 1682 ornatus
1701 1608 1839 1694 laurea,
1859 1614 2083 1706 gymnasium
2101 1617 2194 1690 rexit
2211 1617 2301 1691 Var-

674 1738 795 1812 saviae.
812 1738 954 1812 Amavit
966 1738 1163 1811 doctrinam
1178 1738 1276 1810 Petri
1289 1745 1324 1809 et
1337 1760 1452 1809 mores
1466 1743 1596 1831 praeter
1610 1733 1698 1808 alios
1712 1736 2002 1835 archiepiscopus
2019 1741 2302 1837 Leopoliensium

673 1867 807 1939 Paulus
825 1865 946 1939 Tarlo.
967 1865 1036 1938 Hic
1052 1866 1228 1960 juvenem,
1250 1887 1324 1958 pree
1354 1862 1482 1934 divinis
1513 1861 1652 1956 quidem
1678 1860 1825 1956 profana
1855 1863 2093 1967 fastidientem
2112 1870 2241 1956 omnia,
2264 1880 2304 1944 at

673 1987 870 2061 sacerdotio
884 2011 955 2060 nou
969 1988 1052 2058 dum
1065 1995 1240 2058 maturum
1258 2008 1321 2080 per
1340 1992 1492 2066 :etatem
1505 1992 1556 2067 ut,
1574 2006 1614 2056 eo
1628 1982 1718 2079 legis
1733 1986 1982 2062 ecclesiasticae
1996 1991 2176 2066 exsolutus
2191 2017 2300 2081 nexu,

674 2107 874 2184 initiaretur
904 2111 1027 2194 sacris,
1047 2110 1203 2194 curavit;
1225 2133 1305 2181 mox
1324 2111 1601 2183 Rohatinensem
1618 2097 1859 2204 praepositum,
1881 2112 2009 2187 deinde
2033 2117 2303 2212 Leopolitanum

674 2238 880 2310 canonicum
904 2236 1049 2309 creavit.
1072 2236 1140 2309 Sed
1160 2235 1288 2307 Petrus
1305 2235 1351 2306 01
1368 2234 1467 2305 lucra
1488 2232 1686 2304 animorum
1708 2232 1876 2306 salutaria
1904 2239 2070 2311 attentior
2088 2241 2194 2337 (quod
2210 2267 2249 2317 se
2268 2251 2305 2318 et

674 2371 812 2442 naturae
830 2361 1006 2456 praesidiis
1028 2369 1063 2434 01
1085 2359 1254 2433 doctrinae
1280 2357 1528 2431 addicendum
1559 2355 1823 2451 docendumque
1850 2361 2018 2455 populum
2036 2365 2183 2438 sentiret
2211 2368 2305 2443 bene

673 2489 847 2584 paratum)
864 2509 932 2581 quo
947 2484 1010 2556 fiat
1033 2485 1076 2556 01
1094 2507 1220 2556 munus
1254 2483 1511 2557 concionatoris
1538 2478 1748 2575 expeditior,
1770 2482 2008 2560 Rohatinensi
2039 2492 2235 2565 sacerdotio
2263 2515 2303 2568 00

677 2613 834 2699 abdicat;
855 2611 937 2684 inde
960 2610 1007 2684 ad
1037 2607 1314 2682 concionandum
1335 2608 1461 2704 majori
1491 2627 1599 2702 opera
1628 2625 1666 2676 se
1696 2605 1850 2681 dedere:
1873 2635 2042 2685 novorum
2060 2623 2196 2689 satores
2215 2616 2305 2713 dog-

674 2745 807 2810 matum
835 2735 1024 2810 baereticos
1052 2735 1153 2808 dictis
1179 2733 1387 2828 scriptisque
1405 2737 1568 2830 persequi
1586 2737 1783 2809 :adversus
1809 2737 1928 2810 hostes
1953 2737 2134 2833 religionis
2160 2763 2304 2816 armare

673 2863 865 2937 catholicos
883 2887 890 2934 :
912 2859 985 2934 suis
1007 2859 1084 2956 ipse
1102 2861 1148 2932 ad
1166 2860 1331 2955 pietatem
1348 2858 1516 2952 exemplis
1533 2860 1662 2954 praeire
1683 2861 1870 2933 omnibus:
1897 2859 2053 2933 divinam
2069 2885 2143 2936 rem
2161 2865 2198 2936 in
2218 2874 2303 2940 tem·

673 2988 741 3083 plis
766 3009 891 3060 curare
909 2984 1120 3082 diligenter:
1151 2982 1306 3056 inclusos
1321 2982 1357 3053 in
1374 2982 1552 3054 custodias
1574 2984 1715 3057 visere:
1736 2985 1773 3056 in
1792 2986 2071 3080 ptochotrophiis
2089 3009 2179 3081 pene
2202 2990 2305 3063 habi-

674 3119 764 3184 tare.
786 3111 841 3184 Ita
858 3108 918 3181 ille
936 3107 1107 3181 Societati
1120 3104 1323 3201 parabatur.
1347 3106 1529 3179 Sustinere
1542 3107 1603 3180 diu
1619 3108 1717 3181 haud
1731 3110 1844 3204 potuit
1862 3132 1905 3182 ea
1921 3110 2072 3184 hominis
2091 3113 2209 3186 studia
2227 3124 2305 3188 ater

674 3235 818 3330 genius3
839 3233 1033 3328 instigabat
1058 3233 1096 3304 in
1121 3238 1227 3326 caput
1249 3230 1317 3301 viri
1343 3230 1482 3304 invidos
1499 3232 1650 3328 primum
1675 3233 1944 3328 improbosque;
1964 3235 2147 3310 fraudibus
2177 3238 2305 3314 deinde

675 3360 807 3432 frustra
834 3357 1053 3454 periclitatus
1079 3354 1327 3440 constentiam,
1347 3377 1409 3449 per
1440 3377 1478 3427 se
1508 3356 1583 3450 ipse
1609 3357 1756 3429 Petrum
1782 3359 1956 3452 aggredi:
1978 3362 2186 3455 perturbare
2203 3363 2305 3438 miris

678 3482 769 3556 dolis
798 3483 1013 3578 spectrisque
1043 3480 1199 3552 animum
1216 3505 1224 3564 ;
1241 3478 1431 3583 interdum
1466 3480 1647 3553 trifaucem
1678 3481 1845 3553 mentitus
1876 3482 2126 3576 pamphagum,
2162 3485 2304 3560 diducto

678 3607 781 3692 rictu,
807 3605 1016 3689 solitarium,
1038 3613 1098 3676 aut
1123 3605 1359 3698 quiescentem
1376 3611 1495 3689 noctu,
1514 3603 1661 3676 maxime
1678 3605 1753 3676 ileo
1772 3603 2040 3699 supplicantem,
2061 3609 2237 3696 territare,
2267 3617 2305 3686 01

679 3733 798 3808 nescio
828 3730 912 3828 quid
941 3730 1032 3803 velle
1063 3736 1282 3823 extorquere.
1304 3729 1510 3802 Triennium
1528 3752 1637 3824 prope
1666 3749 1794 3822 graves
1811 3728 1925 3799 hostis
1954 3731 2126 3802 teterrimi
2152 3733 2305 3807 assultus

678 3858 778 3932 sortis
795 3854 986 3928 sustinuit:
1009 3860 1213 3948 tantumque
1238 3853 1361 3939 abfuit,
1383 3861 1421 3925 ut
1439 3853 1481 3924 110
1500 3876 1565 3924 suo
1591 3851 1729 3947 pietatis
1744 3849 1859 3924 studio
1888 3850 2078 3945 quidquam
2096 3855 2302 3940 remitteret,

678 3987 717 4053 ut
745 3980 902 4051 animum
931 3979 968 4049 in
1002 3975 1116 4050 officia
1146 3977 1212 4050 sibi
1241 3977 1420 4073 proposita
1439 3977 1553 4071 magis
1584 3976 1689 4050 etiam
1718 3975 1930 4049 intenderet.
1963 3976 2057 4057 Quin
2082 4003 2150 4073 quo
2173 3981 2305 4076 aegrius

677 4106 783 4178 etiam
817 4103 910 4176 hosti
939 4123 1000 4175 001
1038 4103 1182 4188 faceret,
1225 4100 1426 4194 arctiusque
1460 4099 1568 4175 fidem
1597 4123 1698 4172 suam
1731 4101 1806 4174 Deo
1846 4100 2095 4197 obstringeret,
2128 4112 2167 4175 ut
2201 4129 2303 4202 coop-

677 4237 813 4303 taretur
829 4230 868 4300 in
886 4227 1111 4310 Societatem,
1132 4227 1232 4322 cujus
1249 4225 1447 4297 institutum
1460 4226 1535 4320 jam
1553 4223 1636 4297 olim
1654 4225 1868 4310 adamasset,
1887 4227 2116 4321 praepositum
2136 4229 2304 4303 Societati

678 4353 880 4450 generalem
902 4351 1037 4436 oravit;
1054 4350 1214 4446 exemplo
1233 4350 1340 4421 etiam
1358 4349 1512 4422 Simonis
1529 4349 1725 4445 Wysoclu'i,
1740 4349 1921 4423 familiaris
1936 4351 2003 4424 sibi
2017 4353 2096 4439 viri,
2116 4355 2301 4428 excitatus.

727 4476 998 4576 Tranquillioris
1015 4477 1097 4548 vitae
1123 4474 1271 4569 cupidus
1297 4474 1432 4558 Simon,
1449 4473 1509 4545 diu
1528 4497 1607 4546 cum
1625 4475 1744 4548 animo
1763 4499 1827 4548 suo
1858 4475 2111 4571 disputaverat,
2133 4480 2302 4568 incertus,

680 4625 759 4697 quae
777 4602 893 4697 potius
910 4603 946 4672 in
965 4601 1035 4674 ista
1053 4599 1224 4672 Ordinnm
1253 4598 1502 4695 religiosorum
1520 4601 1691 4672 varietate
1708 4600 1795 4671 ratio
1810 4602 1893 4674 vitae
1906 4602 1974 4673 sibi
1991 4611 2086 4676 00001
2099 4603 2302 4698 diligenda;

677 4735 878 4826 eapropter
903 4753 1021 4803 secum
1052 4731 1105 4801 sui
1123 4728 1232 4802 animi
1262 4726 1409 4800 consilia
1428 4727 1474 4800 ad
1505 4727 1651 4799 Petrum
1680 4723 1827 4796 confert.
1858 4723 1923 4798 Ille
1955 4725 2113 4800 divinum
2138 4735 2305 4822 precatus

676 4879 819 4940 numen,
849 4854 983 4927 nullum
1000 4854 1079 4938 sibi,
1100 4855 1163 4939 ait,
1184 4854 1295 4927 videri
1312 4856 1427 4950 magis
1453 4855 1650 4950 appositum
1665 4852 1711 4925 ad
1740 4851 1922 4946 ingenium
1948 4851 2101 4927 Simonis
2126 4861 2162 4926 01
2188 4877 2305 4928 mores

675 4979 758 5052 vitae
771 5002 895 5074 genus,
914 4979 1078 5073 quamsit
1095 4977 1281 5051 Societatis
1298 4979 1320 5051 J
1324 5001 1386 5052 esu
1403 4979 1575 5052 institutio
1595 5003 1603 5063 ;
1619 4979 1695 5073 jam
1713 4976 1809 5048 illius
1823 4977 1859 5046 in
1873 4999 1984 5071 regno
2016 4978 2123 5050 etiam
2140 4978 2302 5052 Poloniae

675 5102 791 5197 gloria
813 5102 994 5188 doctrinae,
1014 5103 1270 5188 sanctimoniae,
1290 5119 1476 5197 rerumque
1494 5111 1675 5198 gestarum
1690 5100 1941 5174 efflorescentis
1958 5101 2124 5194 pulchre:
2147 5103 2301 5174 adhunc

677 5223 844 5296 Ordinem
870 5226 1025 5296 animum
1056 5225 1237 5298 consultor
1260 5226 1472 5300 adverteret.
1507 5227 1579 5300 Suo
1603 5248 1642 5297 se
1673 5224 1765 5298 dicto
1798 5227 1925 5297 Petrus
1944 5225 2201 5298 commonuisse
2234 5225 2303 5297 sibi
