4896 6650
692 809 733 877 72

525 1009 588 1063 1579
698 1019 715 1052 α

615 1133 617 1141 ⁴
697 1147 714 1178 κ

698 1272 714 1303 κ

698 1399 714 1434 ld

1061 770 1335 875 tlruldlcanuu
1358 811 1570 875 soclnunrls
1590 812 1677 874 JESU
1697 806 1950 872 HISTORIARUM

736 999 830 1077 runt,
851 998 1050 1087 statumque
1078 992 1178 1068 illum
1200 999 1360 1066 nostrum
1379 1000 1414 1066 et
1431 991 1639 1088 aequabilem
1656 993 1740 1066 vitae
1758 994 2004 1088 rationumque
2021 1016 2161 1067 cursum
2180 998 2321 1066 contur-

735 1118 906 1192 baverunt
921 1128 1026 1215 atqua
1044 1120 1280 1194 confecerunt.
1301 1119 1379 1191 Etsi
1396 1119 1489 1192 enim
1516 1120 1552 1191 in
1578 1119 1768 1193 amissione
1793 1127 1865 1191 tam
1892 1119 2056 1192 salutaris
2074 1121 2141 1192 viri
2159 1144 2230 1194 non
2252 1144 2320 1216 ego

735 1243 844 1329 solus,
866 1244 928 1317 sed
954 1244 1049 1318 orbis
1067 1244 1276 1321 christianus
1294 1245 1478 1316 universus
1496 1223 1737 1318 incredibilem
1751 1247 1927 1340 jacturam
1953 1245 2073 1319 fecerit
2090 1271 2098 1317 ε
2118 1269 2175 1318 me
2200 1255 2319 1318 temen

734 1391 843 1441 unum
859 1369 938 1441 haao
953 1369 1057 1443 ruina
1074 1370 1291 1466 oppressisse
1309 1369 1485 1464 praecipue
1498 1369 1657 1456 videtur;
1674 1369 1733 1464 qui
1751 1392 1773 1442 a
1791 1369 1923 1443 teneris
1945 1371 2047 1443 annis
2066 1371 2103 1442 in
2116 1370 2210 1444 illius
2230 1394 2319 1466 pene

697 1523 713 1554 κ
734 1493 813 1566 sinu
830 1500 866 1568 at
883 1494 1018 1588 grenuo
1035 1496 1218 1580 educatus,
1239 1494 1384 1588 ejusque
1409 1493 1578 1590 exemplis
1596 1502 1631 1568 et
1646 1493 1815 1567 institutis
1844 1493 2049 1590 instructus,
2069 1504 2176 1591 atque
2206 1496 2318 1569 incre·

696 1645 712 1676 κ
733 1616 897 1690 dibilibus
916 1618 1092 1690 beneficiis
1109 1618 1317 1700 cumulatus,
1339 1618 1376 1689 in
1396 1624 1533 1690 tantam
1550 1618 1593 1690 ad
1607 1626 1801 1691 extremum
1815 1618 2000 1693 orbitatem
2012 1619 2134 1702 incidi,
2155 1619 2318 1691 omnibus

695 1769 711 1800 κ
733 1741 815 1815 vitae
833 1743 1006 1837 praesidiis
1024 1752 1059 1817 et
1070 1743 1351 1838 jucunditatibus
1375 1742 1425 1814 ita
1449 1741 1564 1814 subito
1579 1742 1746 1836 spoliatus
1761 1765 1851 1827 sum,
1872 1750 1912 1816 ut
1924 1743 2033 1816 vitam
2050 1767 2188 1839 quoque
2204 1745 2318 1839 ipsam

695 1893 711 1924 α
734 1887 806 1937 non
823 1865 868 1936 ob
884 1864 980 1938 aliud
998 1866 1084 1938 mihi
1101 1866 1272 1960 reliquam
1296 1866 1506 1948 existimem,
1527 1887 1633 1958 quam
1658 1872 1697 1936 ut
1722 1866 1880 1960 praebeat
1900 1887 2041 1940 sensum
2067 1868 2318 1962 materiamque

695 1993 711 2047 ἁ
732 1987 846 2060 malis.
868 1990 1048 2069 Quomodo
1063 1988 1169 2074 enim,
1191 2011 1310 2083 quaeso
1328 1995 1377 2073 ta,
1398 1988 1475 2059 haec
1493 1988 1578 2060 mihi
1595 1988 1668 2059 vita
1694 1988 1810 2060 vitalis
1828 1995 1890 2060 aut
1900 1989 2154 2084 jucundaessa
2184 1997 2314 2086 potest,

694 2139 711 2171 κ
732 2134 810 2183 cum
827 2111 862 2185 ai
878 2112 986 2186 vitam
1011 2114 1209 2208 ademptam
1235 2112 1385 2196 videam,
1407 2112 1466 2205 qui
1493 2110 1612 2182 multis
1638 2111 1745 2182 vitam
1772 2112 1857 2184 dare
1884 2111 2041 2186 solebat!
2071 2113 2131 2207 qui
2147 2114 2275 2186 multos
2294 2137 2318 2186 a

694 2265 710 2300 u

731 2243 843 2308 morte
869 2259 908 2309 ac
932 2245 1030 2333 peste
1048 2238 1093 2310 ad
1111 2237 1216 2309 vitam
1234 2236 1492 2331 sanitatemque
1511 2235 1759 2336 sempiternam
1776 2236 1972 2321 revocabat,
1996 2237 2055 2331 qui
2073 2237 2169 2310 solus
2188 2260 2315 2332 propa·

694 2391 710 2422 a
731 2361 873 2433 modum
888 2369 983 2436 recta
999 2363 1072 2434 vita
1085 2361 1136 2434 uti
1149 2361 1302 2434 sciebatl
1318 2360 1466 2445 Quibus,
1483 2361 1638 2453 inquam,
1656 2359 1765 2433 oculis
1778 2360 1873 2433 hanc
1885 2369 2021 2434 tantam
2035 2363 2206 2436 Ecclesiae
2221 2363 2316 2436 solli-

693 2512 710 2544 «
731 2483 932 2572 citudinem,
952 2493 1026 2557 tam
1044 2484 1243 2570 excellenti,
1261 2484 1351 2556 sicut
1373 2484 1417 2556 da
1435 2506 1499 2556 suo
1517 2482 1651 2554 Basilio
1673 2483 1724 2555 ait
1746 2483 1946 2579 theologus,
1964 2485 2079 2579 gloria
2097 2488 2255 2560 detonsae
2273 2509 2317 2560 ac

606 2673 609 2678 A
693 2607 903 2704 «spoliatae,
923 2616 1029 2702 atque
1054 2607 1255 2702 hujusmodi
1280 2629 1410 2680 corona
1439 2629 1610 2691 excussae,
1637 2591 1872 2701 aspiciemusl
1899 2607 2038 2682 Bellum
2065 2609 2314 2684 haereticorum

693 2761 710 2794 κ
730 2719 907 2818 imminat3
928 2742 964 2806 et
980 2731 1039 2826 qui
1057 2731 1181 2805 ducem
1200 2753 1238 2803 se
1255 2730 1356 2803 nobis
1383 2731 1554 2840 praebeat,
1575 2753 1645 2802 non
1671 2739 1737 2804 e'st.
1759 2731 1917 2806 Laborat
1947 2733 2209 2807 infirmitatibus
2246 2735 2315 2807 Ec-

693 2883 710 2914 κ
731 2854 848 2944 clasia,
864 2863 900 2929 et
921 2855 1093 2929 medicum
1107 2878 1178 2928 non
1191 2855 1400 2928 invenimus.
1418 2856 1572 2950 Tempus
1586 2854 1720 2926 consilii
1735 2862 1800 2940 ast,
1820 2864 1856 2930 at
1877 2857 2060 2930 consilium
2090 2858 2176 2932 dare
2189 2859 2315 2931 solitus

692 3008 708 3040 a
729 2980 825 3053 abiit.
847 2980 973 3054 Helias
990 2986 1192 3074 assumptus
1213 2985 1281 3062 ast,
1302 2989 1338 3052 at
1357 2978 1497 3052 Elisaus
1514 3002 1584 3050 non
1602 2985 1657 3051 ast
1675 2978 1829 3052 relictus.

690 3379 707 3417 u

740 3133 757 3168 u
780 3105 810 3178 Ο
829 3104 1066 3178 calamitatem
1094 3102 1362 3187 intolerabilem,
1383 3104 1482 3198 cujus
1500 3103 1614 3176 exitus
1634 3126 1705 3175 nou
1727 3105 1893 3198 apparet!
1916 3129 1936 3176 o
1959 3113 2098 3180 noctem
2122 3107 2309 3180 acerbissi-

729 3249 835 3314 mam,
856 3251 935 3324 quae
951 3228 1040 3302 lucis
1058 3235 1173 3300 ortum
1190 3249 1261 3298 non
1279 3227 1479 3321 exspectati
1500 3225 1628 3299 Amisit
1649 3226 1808 3300 Ecclesia
1826 3227 1891 3300 Dei
1909 3227 2160 3314 confessorem,
2180 3231 2313 3326 religio

729 3359 1041 3448 propugnatorem,
1061 3351 1252 3445 antiquitas
1270 3359 1565 3436 conservatorem,
1583 3349 1748 3422 novitatis
1766 3350 2002 3445 depulsorem,
2024 3352 2174 3448 populus
2192 3352 2314 3427 docto·

728 3503 816 3568 ram,
837 3481 930 3553 docti
948 3486 1213 3576 praeceptorem,
1233 3477 1348 3573 piatas
1364 3482 1530 3558 tutorem,
1551 3472 1711 3567 impietas
1729 3481 2002 3567 persecutorem,
2020 3481 2178 3567 pastores
2194 3497 2315 3548 exem-

692 3633 708 3666 α
729 3603 838 3699 plum,
859 3604 1066 3698 impostores
1085 3601 1339 3686 adversarium,
1362 3599 1490 3672 veritas
1508 3596 1735 3681 domicilium,
1756 3595 1850 3668 orbis
1876 3597 1913 3668 in
1943 3597 2052 3670 tantis
2077 3597 2183 3671 hodie
2209 3607 2317 3671 tene·

517 3783 648 3876 Eignitns
693 3754 709 3785 α

515 3877 575 3918 rrrr.

730 3724 803 3798 bris
827 3726 947 3799 lumen
971 3725 1205 3798 clarissimum
1228 3724 1358 3807 amisit,
1379 3729 1462 3806 etc,
1479 3726 1562 3803 etc,
1582 3725 1648 3790 ato.
1678 3717 1830 3791 Interest
1856 3717 2024 3802 omnium,
2054 3720 2114 3813 qui
2142 3719 2316 3815 pietatem

692 3877 709 3910 κ
730 3846 861 3932 colunt,
878 3847 969 3920 scire
982 3847 1145 3931 Hosium,
1161 3847 1240 3940 quis
1252 3845 1371 3932 firarit;
1388 3842 1571 3920 eratenim
1584 3841 1766 3936 singulare
1780 3842 1920 3916 vivendi
1939 3845 2180 3940 moriendique
2195 3868 2315 3918 axam-

691 4009 707 4040 «
728 3978 837 4074 plum,
857 3976 959 4050 nobis
979 3977 1196 4073 propositum
1213 3979 1274 4060 ita,
1295 3981 1334 4047 ut
1359 3973 1429 4046 nisi
1456 3967 1729 4066 pulcherrimum
1746 3967 1792 4039 sit
1809 3966 1903 4040 istud
1924 3978 1976 4035 τοῦ
2002 3973 2085 4036 ὁσίου
2099 3991 2312 4064 cognomen,

691 4132 707 4165 α
728 4103 822 4199 quod
839 4125 861 4175 a
877 4102 1068 4197 majoribus
1095 4100 1168 4172 suis
1194 4099 1400 4193 accepisset,
1421 4095 1551 4190 idipso
1573 4092 1641 4165 sibi
1667 4091 1884 4186 posterisque
1910 4093 1986 4167 suis
2021 4092 2151 4164 virtute
2169 4115 2233 4165 sua
2248 4116 2314 4189 pe-

690 4255 707 4287 «
727 4225 887 4320 perisset.
905 4223 1040 4310 Bonus,
1056 4224 1211 4317 inquam,
1228 4228 1263 4294 at
1280 4221 1455 4316 perlectus
1472 4224 1549 4290 erat
1565 4215 1687 4287 doctor
1703 4214 1846 4288 Hosius.
1860 4216 2010 4312 Agebat,
2026 4217 2118 4311 quod
2133 4216 2282 4289 docebat
2303 4244 2313 4302 ;

690 4377 706 4408 κ
727 4350 845 4422 omnia
862 4348 945 4420 vitae
967 4371 1042 4422 suae
1062 4354 1223 4443 tempora
1239 4352 1275 4419 et
1292 4349 1469 4417 momenta
1493 4347 1595 4412 tanta
1623 4362 1702 4410 cum
1719 4339 1929 4414 innocentiae
1947 4339 2050 4413 lauda
2066 4348 2310 4435 transegerat,

690 4503 706 4536 κ
727 4478 766 4544 ut
788 4472 906 4545 nullus
924 4495 1076 4567 unquam
1093 4495 1173 4544 eum
1198 4471 1291 4544 diem
1317 4470 1458 4554 viderit,
1490 4491 1558 4563 quo
1583 4466 1789 4559 cujusquam
1813 4465 2001 4540 interesset
2027 4466 2175 4538 Hosium
2200 4469 2307 4539 mori.

690 4625 707 4658 κ
727 4593 844 4667 Tanta
861 4602 1035 4689 praeterea
1052 4593 1275 4668 contentione
1295 4599 1400 4688 atqua
1418 4591 1579 4665 doctrina
1598 4588 1855 4683 verborumque
1871 4597 1908 4664 et
1933 4590 2185 4664 sententiarum
2202 4591 2312 4664 uber-

689 4753 706 4784 «
727 4729 800 4795 tata
816 4720 922 4793 fidem
939 4719 1109 4793 Ecclesiae
1126 4727 1200 4792 tum
1217 4719 1357 4814 scriptis
1378 4718 1416 4789 in
1433 4737 1554 4788 omnes
1572 4711 1667 4786 orbis
1685 4711 1868 4786 christiani
1898 4721 2016 4809 partes
2039 4714 2313 4788 ferventissimis

514 4835 660 4905 Sapientia.
688 4877 704 4908 a

725 4845 797 4919 illis
822 4851 858 4917 et
882 4841 1149 4916 admirabilibus
1177 4841 1348 4938 epistolis,
1374 4847 1449 4913 tum
1475 4839 1579 4912 etiam
1605 4835 1706 4910 libris
1735 4837 1839 4910 aditis
1867 4839 2093 4934 propagavit;
2127 4845 2179 4924 ut,
2213 4841 2313 4932 quod

689 4999 705 5032 a
727 4969 811 5050 olim
833 4967 878 5042 de
901 4964 1075 5062 Gregorio
1101 4965 1382 5059 Thaumaturgo,
1409 4963 1477 5037 hoc
1502 4961 1546 5037 de
1572 4961 1676 5034 Hosii
1705 4985 1843 5058 quoque
1867 4965 1979 5036 nostri
2003 4964 2314 5039 lucubrationibus

689 5124 706 5158 a
725 5101 820 5170 recta
847 5091 917 5165 dici
939 5113 1043 5188 posse
1066 5089 1229 5163 uideatur
1249 5114 1257 5162 :
1279 5089 1371 5184 quod
1397 5111 1438 5161 ea
1463 5087 1542 5183 ipsa
1566 5087 1632 5160 Dei
1658 5086 1778 5161 Mater
1793 5087 1906 5183 Virgo
1923 5089 2089 5164 scribenti
2105 5089 2312 5176 dictaverit;

690 5248 706 5281 u
727 5215 883 5294 neoalia
908 5213 1105 5312 pastillum
1131 5211 1309 5292 scribendi
1338 5220 1461 5287 contra
1485 5212 1639 5288 haereses
1665 5211 1815 5286 materia
1836 5213 2063 5307 scriptoribus
2086 5213 2211 5289 relicta
2227 5236 2315 5288 asse
