4896 6650
644 795 703 863 142
819 839 822 844 -
1032 799 1306 862 ulrusulcluuu
1330 801 1542 860 abelardus
1563 800 1646 860 JESU
1670 796 1919 858 lllSTOlildllUli

470 991 567 1072 1586,
641 985 708 1058 mis
736 993 920 1067 rectorem,
950 985 1104 1058 interdiu
1138 993 1310 1079 noctuque
1337 986 1513 1057 observet.
1545 983 1600 1054 Ex
1628 1004 1671 1054 ea
1696 979 1855 1052 custodia
1884 979 2055 1054 Rubenus
2087 978 2133 1052 ad
2160 957 2263 1062 sena·

643 1118 717 1183 turn
744 1117 780 1182 et
809 1108 970 1182 tribunos
997 1109 1125 1203 plebis,
1159 1117 1283 1182 octavo
1313 1110 1393 1182 idus
1420 1107 1629 1192 februarias,
1649 1107 1685 1177 in
1706 1105 1799 1177 hanc
1817 1105 2041 1190 sententiam,
2062 1101 2265 1198 germanice

641 1233 814 1329 scriptas,
834 1234 895 1307 dat
910 1232 1049 1307 litteras
1071 1259 1078 1305 :

470 1356 577 1412 mttere
608 1436 614 1450 ,
692 1386 708 1418 u
729 1359 852 1453 Angor
869 1358 999 1442 animo,
1021 1357 1102 1430 dum
1117 1355 1290 1427 civitatem
1304 1353 1543 1448 perturbatam
1562 1358 1597 1424 et
1610 1351 1767 1445 graviter
1784 1352 1966 1425 sollicitam
1992 1351 2107 1432 video.
2127 1343 2263 1424 littera·
2293 1448 2295 1454 Ι

440 1507 444 1514 ·
470 1435 616 1570 fflffl
640 1505 718 1554 rum
739 1505 860 1564 causa,
876 1505 955 1577 quae
972 1505 995 1552 a
1012 1503 1067 1552 rne
1081 1480 1280 1574 exiguntur.
1303 1477 1407 1572 Rogo
1420 1477 1539 1569 itaque
1556 1496 1618 1571 per
1649 1475 1775 1560 Deum,
1799 1485 1837 1548 ut
1861 1475 2003 1548 inanem
2029 1474 2263 1572 suspicionem

470 1593 538 1647 Μ·
639 1606 791 1701 ponatis,
809 1630 850 1678 ac
868 1605 1038 1679 desinatis
1052 1605 1184 1677 frustra
1193 1602 1396 1698 inquietari,
1411 1623 1481 1672 neu
1495 1599 1625 1671 diutius
1639 1623 1717 1671 curn
1732 1601 1870 1696 publico
1888 1601 2107 1674 incommodo
2123 1599 2268 1672 clausas

641 1753 718 1804 esse
732 1730 828 1804 urbis
846 1739 967 1826 portas
985 1729 1113 1813 velitis,
1134 1737 1170 1802 et
1187 1748 1330 1800 causam
1355 1726 1446 1798 hanc
1472 1723 1608 1798 secetis.
1634 1723 1687 1796 De
1716 1722 1856 1810 litteris,
1886 1748 1966 1818 quae
1988 1731 2169 1821 petuntur,
2195 1724 2263 1819 ajo,

640 1862 829 1948 sancteque
859 1853 1052 1926 confirmo:
1088 1852 1176 1923 nihil
1202 1850 1287 1922 mihi
1313 1855 1489 1934 constare,
1521 1850 1571 1920 ita
1595 1873 1690 1937 vere,
1727 1859 1766 1924 ut
1796 1874 1913 1924 coram
1943 1852 2112 1928 tribunali
2145 1851 2266 1925 divino'

639 1977 830 2073 apparebo.
864 1976 957 2056 Quin
987 1976 1105 2060 etiam,
1139 1983 1176 2046 ut
1204 1974 1308 2070 plane
1338 1973 1462 2046 civitas
1488 1973 1563 2046 sine
1592 1982 1686 2046 metu
1712 1982 1747 2049 et
1780 1976 2015 2050 sollicitudine
2038 1977 2096 2060 sii,
2130 1957 2262 2074 recipio

639 2102 874 2196 spondeoque,
891 2101 922 2173 si
939 2125 1018 2195 quae
1036 2089 1331 2195 unquamlitterae
1357 2096 1448 2170 tales
1476 2099 1707 2197 apparebunt,
1737 2122 1798 2172 eas
1820 2101 1951 2174 nullius
1972 2102 2064 2196 juris
2087 2101 2262 2197 planeque

638 2226 757 2298 irritas
769 2225 857 2298 fore.
879 2227 980 2306 Quod
999 2226 1028 2298 si
1045 2227 1111 2298 hoc
1134 2223 1332 2298 testimonio
1346 2222 1444 2294 vobis
1467 2221 1630 2295 satisfieri
1645 2245 1716 2294 non
1732 2231 1861 2319 potest,
1882 2232 1988 2318 atque
2006 2225 2144 2300 duobus
2162 2227 2261 2321 testi7

640 2351 717 2434 bue,
734 2373 880 2444 quorum
899 2351 989 2422 alter
1018 2350 1127 2422 latine
1144 2349 1288 2444 ignorat
1305 2347 1395 2420 alter
1431 2346 1517 2418 satis
1548 2347 1790 2420 inconstanter
1820 2347 1957 2421 locutus
1981 2358 2046 2434 est,
2071 2350 2151 2444 plus
2177 2337 2262 2424 fidei

640 2475 861 2548 tribuendum
879 2472 1082 2546 censueritis
1100 2495 1204 2566 quam
1231 2471 1370 2544 senatui
1388 2477 1422 2542 et
1439 2469 1564 2542 nobis:
1585 2490 1650 2543 nos
1664 2472 1804 2565 quidem
1830 2473 1918 2545 nihil
1947 2480 2121 2569 praeterea
2141 2489 2261 2547 coram

639 2620 775 2669 summa
792 2597 953 2681 veritate,
974 2619 1052 2690 quae
1066 2597 1180 2668 omnia
1198 2595 1319 2677 vincit,
1340 2594 1456 2666 dicere
1477 2617 1632 2689 unquam
1649 2596 1842 2688 poterimus
1859 2623 1867 2681 ;
1884 2597 1984 2669 vobis
2001 2620 2086 2670 vero
2104 2596 2262 2696 conside-
2289 2597 2295 2610 '

639 2722 788 2794 randum
806 2722 885 2806 erit,
902 2721 933 2793 si
951 2721 1034 2816 quid
1047 2720 1190 2815 gravius
1205 2727 1379 2792 attentare
1402 2717 1599 2802 volueritis,
1620 2719 1912 2813 quemadmodum
1934 2721 1972 2793 id
1994 2745 2111 2795 coram
2129 2722 2208 2810 Deo
2227 2711 2264 2793 et

639 2867 802 2941 supremo
820 2852 939 2918 nostro
957 2843 1168 2939 magistratu
1185 2843 1277 2916 tueri
1295 2842 1449 2938 possitis
1470 2877 1486 2908 n
2256 2817 2259 2824 ’

688 2970 865 3064 Scriptum
878 2992 979 3042 sunm
993 2969 1199 3041 Leonardus
1212 2967 1372 3062 pluribus
1388 2966 1607 3062 argumentis
1622 2965 1869 3053 rabiosorum
1883 2970 2000 3044 multis
2009 2971 2088 3044 aliis
2102 2943 2260 3046 inseren-¹

576 3149 583 3161 .
637 3095 676 3178 ti,
698 3092 932 3166 confirmavit.
943 3094 1038 3166 Luca
1056 3091 1206 3186 denique
1223 3090 1391 3175 veritatis,
1403 3098 1569 3184 tanquam
1587 3091 1812 3167 offusamsoli
1831 3095 2033 3192 caliginem,
2045 3097 2261 3188 criminatio·

638 3241 720 3289 num
733 3216 907 3316 invidiam
937 3217 1143 3312 dissipante,
1163 3216 1363 3288 innocentia
1374 3215 1502 3310 judicii
1519 3237 1639 3310 poena,
1656 3216 1851 3312 Collegium
1878 3220 2043 3292 custodiis
2061 3221 2232 3294 liberatur
2248 3245 2257 3306 ;

637 3343 787 3418 occlusae
804 3343 921 3415 adhuc
938 3343 1034 3415 urbis
1069 3349 1181 3437 portae
1199 3348 1413 3414 reserantur.
1445 3341 1479 3412 N
1483 3363 1528 3428 on
1554 3347 1718 3437 poterant
1739 3342 1906 3414 sustineri
1928 3343 2060 3415 diutius
2094 3352 2166 3416 tam
2184 3363 2259 3445 cre·

637 3467 711 3541 brae
723 3469 760 3542 in
778 3468 853 3540 dies
873 3467 955 3540 aliae
973 3489 1018 3538 ex
1034 3466 1114 3539 aliis
1128 3466 1391 3539 criminationes
1404 3465 1613 3559 vexatioque
1626 3464 1810 3536 Sociorum
1832 3474 2001 3561 perpetua
2018 3492 2026 3551 ;
2060 3467 2120 3539 ubi
2138 3467 2258 3560 itaque

636 3594 717 3665 data
734 3591 941 3686 egrediendi
964 3590 1128 3676 facultas,
1148 3596 1263 3662 rector
1281 3589 1463 3662 confestim
1481 3586 1660 3660 contendit
1677 3586 1818 3660 Vilnam
1835 3588 1882 3659 ad
1907 3588 2122 3662 cardinalem
2145 3589 2257 3661 Radi-

635 3716 770 3800 villum,
786 3723 823 3790 et
848 3715 903 3786 sui
920 3713 1069 3808 collegii
1087 3721 1123 3787 et
1149 3712 1359 3807 Rigensium
1378 3712 1625 3784 haereticorum
1638 3733 1778 3783 causam
1796 3712 1964 3784 dicturus.
1981 3711 2180 3786 Modestius
2197 3711 2259 3784 ille

632 3866 709 3916 rem
726 3865 827 3914 suam
844 3841 993 3937 principi
1006 3840 1180 3935 exposuit,
1197 3861 1302 3934 quam
1320 3837 1528 3932 injuriarum
1536 3835 1706 3909 atrocitas
1720 3832 1945 3929 postulasset.
1963 3833 2082 3906 Unum
2093 3835 2130 3906 id
2143 3835 2254 3906 maxi-

636 3990 692 4040 me
709 3966 845 4050 orabat,
856 3972 905 4048 ut,
918 3965 948 4036 si
966 3963 1050 4058 qnid
1063 3963 1232 4058 compacti
1241 3963 1284 4034 de
1303 3961 1572 4034 armamentario
1587 3956 1783 4053 Collegium
1800 3956 1893 4028 inter
1907 3964 1942 4028 et
1956 3967 2118 4030 senatum
2134 3955 2259 4030 fuisset

634 4090 738 4186 (quod
756 4097 863 4174 certe,
877 4089 1114 4184 gubernatore
1127 4087 1279 4160 civitatis
1296 4095 1332 4158 et
1353 4086 1527 4158 universae
1546 4082 1705 4156 Livoniae
1718 4079 2257 4176 insciente,intercessissehaud

634 4212 797 4308 poterat),
817 4213 893 4307 ipse
907 4235 972 4285 sua
984 4213 1195 4285 auctoritate
1213 4219 1337 4284 sancta
1357 4233 1398 4282 ac
1415 4208 1484 4281 fide
1502 4213 1702 4282 testaretur.
1724 4205 1824 4277 Nihil
1846 4226 1890 4275 ea
1907 4226 1945 4276 re
1963 4203 2075 4299 potuit
2102 4205 2253 4298 aequius,

634 4361 698 4410 suo
717 4337 822 4409 etiarn
829 4336 920 4431 justi
937 4335 1105 4431 principis
1129 4335 1277 4430 judicio,
1300 4333 1485 4428 postulari.
1502 4332 1585 4406 Sine
1603 4352 1702 4402 mora
1719 4329 1837 4424 itaque
1855 4326 1902 4399 ad
1928 4327 2105 4400 civitatem
2124 4327 2260 4422 Rigon-

634 4466 708 4535 sem
735 4459 932 4532 cardinalis
963 4459 1024 4532 dat
1037 4461 1071 4556 (1)
1083 4458 1245 4543 litteras,
1272 4489 1287 4520 a
1309 4458 1448 4552 quibus,
1470 4457 1564 4530 cives
1582 4454 1628 4528 ad
1645 4453 1799 4526 studium
1816 4453 1910 4548 pacis
1924 4460 1960 4524 et
1991 4449 2260 4548 tranquillitatis

637 4615 654 4646 κ
674 4583 850 4668 hortatus,
870 4583 960 4654 nihil
974 4606 1012 4655 se
1035 4582 1160 4665 nuntii,
1177 4582 1235 4654 vel
1252 4605 1314 4677 per
1331 4582 1547 4655 levissimum
1563 4581 1802 4654 rumusculum
1820 4581 1864 4653 de
1882 4581 2153 4654 armamentario
2173 4580 2258 4652 civi·

637 4739 653 4770 a
675 4709 759 4782 tatis
789 4705 942 4800 publico,
964 4707 1110 4778 Jesuitis
1128 4707 1315 4790 tradendo,
1335 4707 1512 4803 accepisse
1529 4714 1668 4780 monet:
1694 4705 1914 4801 quiescerent
1948 4725 2034 4800 ergo
2068 4704 2259 4798 aliquando

524 4871 527 4880 ·
636 4862 653 4893 κ
674 4832 817 4904 tandem
835 4829 918 4902 boni
935 4829 1043 4913 cives,
1056 4829 1271 4926 criminaque
1288 4829 1360 4902 alia
1377 4854 1422 4904 ex
1440 4831 1519 4904 aliis
1537 4853 1654 4905 serere
1673 4831 1935 4924 discordiasque
1952 4828 2181 4902 omitterent:
2203 4853 2257 4904 se-

638 4986 655 5019 «
675 4961 795 5028 natum
809 4953 930 5050 plebes
948 4976 1049 5025 suum
1063 4961 1279 5026 vererentur.
1302 4989 1318 5022 a
1334 4955 1382 5026 At
1399 4977 1513 5049 neque
1529 4955 1696 5028 hinculla
1710 4962 1817 5028 oestro
1828 4953 1969 5050 percitis
1987 4951 2169 5024 medicina.
2183 4939 2258 5027 Re-

634 5087 737 5175 cepta
753 5078 861 5153 semel
874 5077 991 5150 animo
1005 5078 1155 5172 suspicio
1169 5078 1295 5152 misere
1309 5078 1451 5183 SociosK
1461 5079 1612 5174 plebem,
1629 5079 1888 5174 magistrosque
1908 5075 2059 5152 civitatis
2079 5077 2254 5200 agitabat:

677 5230 718 5308 il)
730 5229 764 5288 V.
781 5231 809 5290 iu
824 5225 987 5305 appendice
1000 5229 1083 5302 hujus
1098 5225 1173 5290 libri.
