4930 6634
713 795 821 856 LIBER
842 794 1008 856 OCTAVUS
1030 794 1246 875 (teat-toto).
1744 789 1804 858 317

189 1007 206 1038 κ
227 977 308 1070 guis
329 977 557 1063 celebratum,
579 985 615 1051 et
631 999 654 1049 a
672 977 815 1051 Summo
830 977 1002 1051 Pontifice
1026 975 1151 1052 laurea
1175 978 1358 1066 donatum,
1387 980 1533 1054 Summa
1551 984 1805 1053 sacro-sancte
1833 986 1896 1040 loli

190 1129 208 1164 κ
228 1100 419 1196 theologiae
443 1100 567 1173 laurea
590 1101 721 1196 pariter
735 1100 975 1174 exornandum
1000 1101 1125 1188 duxit;
1149 1127 1194 1176 ne
1210 1104 1325 1176 minus
1343 1126 1448 1200 quam
1470 1102 1634 1176 Pontifex
1655 1109 1690 1174 et
1709 1100 1805 1173 orbis
1830 1062 1979 1216 mg?
2002 1207 2005 1216 Ι

190 1255 208 1287 ι
227 1233 415 1311 terrarum,
441 1227 719 1300 concionatorem
735 1249 838 1298 suum
861 1227 978 1300 facere
998 1227 1190 1302 videretur.
1206 1204 1309 1308 'Quid
1326 1227 1441 1322 ergol
1458 1226 1536 1321 ipse
1552 1249 1616 1298 rex
1642 1223 1685 1297 ad
1708 1221 1805 1295 fasti·
1829 1223 1927 1279 nocer.

190 1378 208 1410 a
229 1349 325 1444 gium
343 1349 431 1422 illud
448 1351 561 1422 virum
588 1351 834 1447 dignissimum
861 1354 1067 1426 exhortatus
1099 1357 1165 1436 est,
1198 1373 1267 1422 non
1294 1371 1418 1422 ausum
1444 1349 1522 1443 regi
1546 1371 1609 1420 suo
1639 1349 1674 1419 in
1704 1344 1805 1442 regio

191 1503 209 1536 α
227 1472 295 1546 hoc
306 1473 427 1546 favore
441 1475 620 1549 resistere.
639 1511 656 1543 a

235 1596 472 1691 Posteaquam
491 1595 535 1671 de
550 1598 697 1693 praemio
723 1597 877 1672 doctoris
891 1606 927 1674 et
943 1598 1149 1672 celebritate
1176 1596 1246 1668 ista
1264 1594 1466 1668 academica
1482 1583 1641 1670 narravit
1656 1596 1807 1668 Vassen·
1831 1559 1978 1693 ssffild]

185 1720 344 1815 bergine,
364 1718 409 1793 de
420 1719 584 1794 laudibus
608 1720 793 1808 Vladislai,
821 1725 942 1796 doctos
964 1723 1060 1796 viros
1080 1723 1131 1795 ita
1147 1720 1383 1804 honestantis‚
1399 1721 1449 1791 sie
1470 1721 1589 1815 pergit
1610 1745 1617 1791 :
1639 1749 1655 1780 u
1677 1719 1805 1791 eximia
1833 1716 1966 1810 1¹1,¹²¹¹{1⁰

190 1871 208 1903 a
229 1841 308 1915 haec
325 1841 485 1938 dignatio
497 1841 672 1916 Vladislai
690 1845 786 1939 regis
800 1845 889 1931 fuit;
915 1869 1006 1940 quae,
1018 1844 1080 1917 uni
1098 1823 1282 1917 Sarbievlo
1291 1840 1433 1934 quidem
1448 1842 1614 1924 exhibita,
1631 1842 1668 1912 in
1692 1847 1806 1913 totum
1831 1797 1960 1933 {Qum

190 1996 208 2031 a
227 1988 343 2062 genus
376 1964 613 2038 litteratorum
647 1969 826 2040 manavit:
861 1973 989 2066 quippe
1010 1968 1150 2064 quando
1184 1949 1517 2060 unumquempiam
1546 1967 1681 2040 honore
1695 1965 1808 2066 afficio
1833 1970 1972 2092 {thss

192 2119 210 2152 ιι
231 2087 398 2186 (loquitur
408 2089 597 2161 historicus
612 2113 655 2162 ex
663 2112 816 2185 persona
827 2093 999 2167 Vladislai
1019 2089 1136 2166 verbis
1150 2089 1372 2184 imperatoris
1386 2088 1619 2186 Constantini)
1631 2089 1719 2186 (ilde
1732 2089 1809 2160 uni·
1974 2073 1981 2088 ’
2095 2091 2098 2096 ’

192 2245 210 2277 κ
231 2215 346 2288 versis
362 2213 452 2288 bene
469 2238 691 2310 promereor:
710 2217 844 2290 nullum
857 2214 1234 2312 eamquebeneficium,
1247 2237 1326 2286 cum
1340 2215 1477 2288 ratione
1494 2214 1672 2310 etjudicio
1689 2216 1809 2288 datum

191 2369 209 2402 a
230 2340 326 2413 illius
341 2346 479 2412 tantum
496 2341 554 2436 sit,
577 2341 638 2433 qui
663 2339 700 2412 id
716 2342 843 2437 accipit
859 2367 868 2427 ;
901 2343 964 2415 sed
982 2341 1142 2414 omnibus
1155 2339 1192 2410 in
1210 2339 1423 2427 universum,
1443 2346 1610 2436 tanquam
1627 2341 1810 2437 praemium

192 2495 209 2526 κ
232 2463 397 2536 similium
415 2463 593 2548 laborum,
608 2465 828 2560 proponitur.
857 2465 991 2539 Verum
1017 2465 1110 2538 enim
1130 2486 1305 2537 veronen
1327 2466 1500 2561 potuisset
1514 2468 1808 2565 prudentissimus
1835 2494 1960 2586 nigritae

192 2619 210 2652 a
231 2613 293 2663 rex
319 2588 457 2662 meliori
479 2587 638 2684 symbolo
654 2610 811 2662 amorem
824 2611 926 2661 suum
940 2611 1026 2684 erga
1042 2588 1216 2662 litteratos
1234 2586 1436 2674 declarare;
1455 2589 1557 2676 adeo,
1578 2599 1618 2664 ut
1630 2593 1697 2665 bac
1708 2600 1810 2688 parte
1834 2573 1942 2644 premat.

192 2743 210 2776 a
233 2713 386 2786 omnium
399 2712 649 2806 imperatorum
663 2735 856 2807 regumque
869 2712 906 2785 in
920 2712 1026 2786 simili
1039 2735 1147 2786 causa
1155 2715 1433 2790 munificentiam
1451 2718 1588 2792 vicerit.
1604 2719 1705 2795 Licet
1717 2719 1810 2794 enim

192 2867 210 2900 υ
230 2835 434 2912 Alexander
448 2836 501 2909 M.
521 2835 705 2910 Aristoteli
722 2844 873 2912 centena
890 2835 1026 2931 aliquot
1043 2837 1178 2910 talenta
1191 2838 1335 2912 donarit
1354 2865 1362 2914 :
1382 2839 1465 2916 licet
1483 2841 1600 2938 Scipio
1623 2842 1811 2916 Africanus

193 2991 211 3023 a
232 2970 305 3035 tam
322 2960 470 3056 elegans
496 2960 697 3033 liberalium
731 2960 928 3035 studiorum
956 2960 1138 3056 omnisque
1154 2961 1325 3044 doctrinae
1350 2972 1386 3039 et
1410 2964 1604 3048 admirator
1630 2975 1676 3041 et‘
1696 2968 1813 3041 fautor

195 3115 211 3148 κ
232 3085 352 3169 finerit,
373 3094 412 3158 ut
426 3084 614 3181 Polybium
632 3085 913 3180 Panaetiumque‚
933 3083 1177 3178 praecellentes
1194 3087 1338 3182 ingenio
1365 3089 1472 3176 viros,
1493 3092 1588 3164 domi
1606 3091 1813 3188 militiaeque

195 3239 213 3272 a
235 3231 351 3282 secum
368 3208 529 3293 baberet,
547 3215 582 3280 et
596 3208 810 3303 quotidianis
827 3197 1032 3282 muneribus
1047 3208 1303 3304 locupletaret:
1332 3212 1416 3287 licet
1441 3214 1630 3310 Pompeius
1655 3217 1708 3290 M.
1745 3218 1814 3289 hac

196 3361 212 3394 κ
234 3354 371 3426 quoque
383 3339 534 3426 partese
552 3331 629 3426 ipso
647 3354 720 3403 non
737 3332 863 3416 minor,
880 3331 1157 3406 aMithridatieo
1176 3333 1268 3407 bello
1290 3358 1466 3420 reversus,
1488 3339 1627 3412 Rhodis
1647 3340 1762 3413 fasces
1773 3341 1812 3412 in

196 3485 212 3518 κ
234 3455 446 3529 auditorium
464 3452 655 3526 submissos
672 3454 843 3540 intulerit,
860 3455 1088 3550 philosophos
1102 3457 1314 3532 disserentes
1331 3460 1518 3547 audiverit,
1537 3462 1686 3558 singulis
1698 3463 1812 3538 talen·

195 3606 212 3638 «
233 3584 307 3650 tum
325 3575 475 3660 dederit,
502 3581 538 3648 et
559 3574 816 3670 Theophanum
846 3577 1090 3674 Mitylenaeum
1125 3578 1241 3674 (quem
1269 3604 1389 3655 secum
1420 3607 1560 3680 semper
1585 3587 1749 3685 habebat)
1775 3587 1812 3659 in

195 3727 211 3760 κ
234 3698 376 3794 publica
402 3698 552 3771 militnm
575 3699 744 3774 concione
767 3700 909 3773 civitate
932 3701 1097 3773 donarit:
1118 3701 1202 3775 licet
1225 3704 1409 3799 Augustus
1438 3708 1625 3782 Horatium
1652 3709 1810 3805 praediis,

194 3851 211 3884 a
233 3821 339 3906 uillis,
357 3819 469 3894 servis
487 3821 671 3908 ditaverit;
687 3823 757 3894 imo
775 3830 811 3896 et
828 3825 1083 3918 Vespasianus,
1108 3825 1283 3900 Antonius
1300 3828 1400 3914 Pius,
1421 3829 1623 3906 Alexander
1646 3834 1811 3920 Severus,

193 3976 211 4023 a
234 3946 419 4020 Caracalla
442 3953 478 4020 et
492 3947 749 4034 Diocletianus,
778 3949 938 4043 quamvis
959 3949 1087 4045 partim
1108 3951 1209 4024 avari
1229 3952 1371 4041 fuerint,
1403 3957 1532 4050 partim
1558 3960 1669 4055 impii,
1687 3959 1726 4031 in
1745 3959 1815 4034 hac

194 4098 211 4131 s
234 4077 354 4143 tamen
371 4078 472 4166 parte
485 4069 652 4144 liberales
664 4071 794 4144 fuerint
814 4095 822 4142 :
843 4070 926 4144 licet
939 4072 1089 4167 denique
1103 4099 1147 4148 ex
1165 4079 1418 4154 recentioribus
1435 4082 1583 4157 Carolus
1600 4084 1634 4154 V
1651 4091 1686 4157 et
1700 4083 1814 4178 Sigis-

194 4222 212 4254 α
234 4193 398 4280 mundus,
427 4195 668 4290 imperatores,
685 4195 867 4269 doctorum
898 4195 1016 4268 eximii
1036 4197 1194 4274 fautores
1212 4203 1404 4290 extiterint,
1430 4229 1516 4300 quos
1534 4207 1709 4280 nobilibus
1730 4230 1816 4303 quo-

193 4347 210 4378 κ
232 4339 300 4412 que
313 4317 671 4412 praelerrent3tamen
692 4317 946 4392 nulluseorum
971 4319 1061 4392 hanc
1078 4321 1300 4397 invictissimi
1326 4326 1500 4400 Vladislai
1524 4331 1620 4424 regis
1647 4353 1735 4427 erga
1752 4332 1811 4405 lit·

194 4471 212 4504 a
239 4447 335 4515 teras
346 4440 586 4535 dignationem
603 4441 769 4535 aequavit.
785 4440 998 4538 Adjudicent
1011 4443 1104 4517 enim
1120 4444 1182 4517 alii
1200 4448 1457 4542 praeserentiam
1475 4453 1541 4525 loci
1560 4479 1568 4538 ;
1585 4477 1689 4549 quam
1702 4461 1820 4530 tamen

193 4595 210 4626 u
231 4563 492 4648 alii,inlitteras
501 4564 1027 4662 etlitteratosobliqui,superbe
1035 4567 1254 4663 rapiantzalii
1264 4571 1406 4648 civitate
1414 4575 1578 4650 Romana
1588 4578 1815 4676 donent,qua
1913 4572 1918 4582 ’

194 4717 211 4748 κ
234 4695 289 4761 tot
304 4697 455 4762 centena
472 4689 583 4762 millia
599 4690 848 4762 sceleratorum
865 4689 1071 4764 fruebantur
1092 4716 1099 4763 :
1119 4692 1311 4780 aliietiam,
1329 4697 1477 4771 dextera
1493 4700 1532 4772 in
1551 4703 1713 4796 pecuniae
1741 4703 1817 4778 the·

193 4841 210 4874 «
233 4834 377 4886 sauram
393 4835 523 4897 mersa,
542 4811 677 4886 talenta
690 4820 922 4886 annumerent
938 4836 1107 4908 ;quorum
1119 4823 1269 4890 centena
1282 4818 1438 4914 indignis
1449 4822 1555 4894 etiam
1570 4825 1814 4920 projiciebant:

193 4967 211 5000 a
232 4945 273 5011 at
296 4939 353 5012 bic
369 4938 477 5035 paulo
495 4945 581 5013 ante
599 4939 824 5012 Moschorum
840 4941 1088 5037 triumphator,
1118 4944 1315 5016 Turcarum
1335 4945 1460 5031 victor,
1480 4948 1713 5023 Tartarorum
1738 4974 1820 5024 con·

193 5091 210 5124 a
232 5061 337 5147 cisoa,
358 5061 553 5136 Succorum
570 5070 606 5136 et
621 5062 775 5136 hostium
804 5085 946 5137 suorum
963 5071 1091 5152 terror,
1129 5089 1150 5140 e
1182 5067 1326 5178 pulvere
1352 5070 1479 5144 bellico
1505 5072 1552 5150 ad
1578 5057 1815 5148 academicum

234 5196 279 5277 (1)
293 5199 494 5262 constantinus
505 5200 656 5276 imperator
668 5201 804 5272 Orientis,
817 5203 853 5261 de
868 5202 967 5264 Them.
1072 5273 1076 5281 Ι
