4930 6634
687 763 749 830 296
1075 763 1351 826 LlTUANlCAltUM
1373 763 1583 826 SOClETleS
1603 765 1689 827 Just]
1712 763 1963 826 lllS‘fOltlAllUll

515 967 576 1023 toul
691 952 811 1018 recent
823 945 1049 1040 frequentes:
1071 947 1210 1019 invidus
1227 947 1357 1020 divinae
1374 948 1489 1020 laudis
1516 948 1677 1043 idemque
1695 947 1840 1020 humani
1857 945 1999 1042 generis
2030 945 2144 1017 hostis
2171 969 2312 1020 sacrum

690 1069 815 1142 Liudae
827 1079 1090 1144 monumentum
1103 1072 1176 1144 ibat
1190 1070 1409 1167 dissipatum.

739 1194 821 1266 Jam
841 1194 993 1290 inclytus
1019 1196 1195 1289 quondam
1213 1195 1274 1268 ille
1292 1197 1448 1290 equitum
1469 1195 1740 1267 Teutonicorum
1771 1193 1867 1266 Ordo
1892 1195 1927 1265 in
1951 1193 2102 1266 Livonia
2126 1194 2257 1288 pariter
2270 1217 2315 1266 ac

510 1294 643 1430 isfflm
692 1318 840 1391 Prussia
857 1318 902 1390 ab
925 1319 1020 1392 avita
1049 1318 1221 1413 religione
1239 1330 1274 1392 et
1309 1320 1438 1392 virtute
1464 1321 1654 1402 defecerat,
1697 1327 1884 1392 evocatore
1914 1343 1956 1392 ae
1992 1319 2093 1404 duee,
2119 1318 2242 1390 ultimo
2272 1319 2312 1390 in

510 1457 632 1526 erigatur.
687 1443 835 1516 Prussia
865 1443 1007 1516 Ordinis
1026 1443 1208 1538 magistre,
1241 1442 1401 1527 alberto,
1431 1443 1630 1516 marchione
1648 1441 1939 1537 Brandeburgioo
1956 1469 1965 1529 ;
1982 1445 2042 1539 qui
2073 1443 2206 1538 primus
2221 1443 2312 1514 bau·

511 1535 640 1592 euthea-
686 1572 777 1637 stum
808 1566 845 1637 in
864 1567 1053 1639 Germania
1069 1589 1112 1639 ex
1130 1567 1206 1660 ipso
1233 1566 1388 1638 Lutbero
1406 1589 1579 1639 venenum
1603 1565 1783 1640 haereseos
1801 1567 1990 1640 tribulibus
2005 1568 2081 1639 suis
2108 1567 2145 1638 in
2163 1567 2313 1638 Prussia

509 1617 658 1762 iiim:
684 1687 895 1784 propinavit.
913 1690 991 1761 Hoc
1004 1691 1174 1784 magistro
1189 1689 1343 1773 Ordinis,
1365 1691 1451 1776 sive,
1470 1697 1508 1761 ut
1525 1691 1650 1785 sejam
1668 1690 1839 1785 appellari
1867 1689 2022 1774 volebat,
2044 1689 2133 1762 duce
2153 1690 2311 1762 Prusso-

509 1772 619 1904 ξζξῗω
683 1835 774 1897 rum,
785 1813 1095 1907 Hennebergerus,
1117 1814 1345 1885 Lutberauici
1361 1814 1537 1908 evangelii
1555 1835 1685 1910 praeco,
1706 1815 1750 1885 de
1768 1837 1832 1886 suo
1842 1813 2016 1908 ejusmodi
2030 1821 2171 1886 ostento
2189 1813 2225 1884 in
2245 1835 2312 1884 sua

684 1935 818 2009 tabulae
844 1937 1049 2011 Prutenicae
1079 1938 1299 2032 expositione
1331 1962 1338 2008 ε
1377 1967 1392 1997 κ
1423 1959 1530 2022 anuo,
1565 1938 1690 2031 inquit,
1717 1937 1856 2010 circiter
1889 1938 1997 2021 1508,
2030 1936 2096 2009 sub
2126 1937 2312 2009 Friderico

690 2089 706 2120 κ
723 2060 864 2134 Misniae
893 2061 1063 2156 principe,
1099 2069 1134 2133 et
1168 2061 1327 2156 generali
1353 2062 1486 2134 ordinis
1508 2062 1692 2134 Teutonici
1709 2062 1744 2133 in
1763 2061 1911 2134 Prussia
1943 2059 2128 2156 magistro,
2155 2059 2311 2131 triticum

512 2174 658 2310 {3235
690 2213 707 2246 κ
728 2209 853 2280 purum
879 2209 898 2258 a
916 2187 1073 2281 principe
1102 2185 1417 2280 Brandeburgensi
1446 2186 1583 2258 Joaune
1608 2187 1651 2258 de
1668 2185 1838 2258 Gablentz
1858 2192 1965 2258 terrae
1982 2184 2190 2256 mandatum
2211 2183 2303 2257 fuit:

511 2347 547 2387 cs
570 2337 659 2388 osten-
689 2338 706 2371 «
723 2309 816 2405 quod
841 2333 920 2383 cum
936 2312 972 2384 in
990 2311 1139 2385 herbam
1165 2311 1351 2405 erupisset,
1379 2311 1662 2382 animadversum
1689 2317 1756 2394 est,
1776 2309 1944 2404 majorem
1972 2309 2170 2403 partemin
2195 2308 2306 2380 alium

511 2409 579 2460 ‘⁰¹¹¹'
688 2461 705 2492 a
722 2433 1083 2529 degenerassecujus
1101 2432 1241 2528 quidem
1263 2433 1324 2505 alii
1340 2435 1457 2528 capita
1473 2432 1606 2528 aliquot
1621 2433 1790 2527 magistro
1805 2431 1948 2504 Ordinis
1962 2431 1998 2502 in
2014 2431 2181 2504 Misniam
2199 2435 2312 2526 usqire

684 2584 703 2617 κ
722 2557 830 2630 missa
851 2564 946 2630 sunt.
968 2558 1058 2630 Mali
1076 2557 1113 2629 id
1139 2558 1265 2630 ominis
1282 2557 1373 2640 loco,
1390 2557 1455 2630 sub
1473 2556 1620 2629 Alberto
1649 2554 1939 2650 Brandeburgico
1954 2556 2013 2650 qui
2027 2555 2206 2629 Friderico
2229 2579 2310 2628 suc-

685 2713 701 2747 u
727 2689 846 2774 cessit,
879 2711 901 2760 a
927 2688 1135 2783 quibusdam
1180 2688 1351 2761 habitum.
1383 2689 1460 2782 Ego
1496 2695 1614 2761 autem
1643 2695 1740 2783 puto,
1769 2687 2015 2782 Evangefrum,
2036 2689 2130 2784 quod
2161 2690 2218 2763 hio
2245 2692 2313 2763 sub

681 2839 698 2872 κ
714 2810 860 2884 Alberto
888 2810 1080 2907 praedicari
1098 2819 1252 2907 coeptum
1281 2819 1348 2898 est,
1380 2834 1459 2885 esse
1476 2812 1679 2907 figuratum.
1702 2847 1718 2878 n
1740 2812 1930 2884 Enimvero
1956 2813 2145 2887 aestimavit
2158 2815 2215 2888 bic
2232 2838 2309 2886 rem

679 2935 788 3032 probe
804 2960 813 3008 ε
830 2941 869 3008 ut
893 2935 1002 3008 alium
1028 2937 1160 3009 scilicet
1186 2960 1251 3008 usu
1268 2934 1453 3029 fructuque
1465 2943 1520 3008 est
1537 2936 1652 3008 tritico
1671 2935 1796 3016 simile,
1818 2937 1868 3008 sic
1892 2936 2118 3010 lutheranam
2142 2937 2310 3010 haeresim

680 3060 878 3134 sinceritate
898 3061 1007 3133 divini
1037 3060 1152 3133 cultus
1174 3060 1390 3155 respondere
1408 3060 1573 3154 religioni
1591 3059 1788 3133 catholicae.
1823 3061 2010 3134 Novarum
2032 3063 2115 3136 inde
2132 3069 2310 3135 sectarum

681 3157 879 3281 rerumque
898 3184 1046 3258 studiosi
1068 3175 1250 3260 Teutones
1270 3185 1465 3270 Prutenici,
1488 3186 1562 3257 suis
1586 3184 1837 3280 instigantibus
1851 3185 1964 3272 furiis,
1998 3210 2101 3261 sacra
2118 3187 2310 3261 catholico-

679 3313 758 3382 rum
786 3310 1002 3405 profanare:
1036 3333 1115 3382 aras
1150 3311 1310 3382 divorum
1338 3309 1526 3383 incendere
1562 3333 1568 3379 :
1596 3310 1785 3382 simulacra
1811 3309 1953 3407 aliaque
1980 3312 2123 3406 pietatis
2151 3313 2310 3408 antiquae

680 3443 906 3508 monumenta
935 3442 1095 3508 evertere
1124 3457 1167 3507 ae
1201 3433 1387 3528 dissipare.

729 3559 926 3655 Multajam
942 3560 1126 3656 ejusmodi,
1143 3559 1371 3653 Regiomonti
1385 3558 1547 3652 primum,
1568 3556 1695 3629 deinde
1712 3544 1791 3629 aliis
1811 3559 1971 3630 Prussiae
1990 3559 2027 3630 in
2041 3559 2191 3654 oppidis
2209 3561 2312 3634 edita

681 3684 812 3778 passim
841 3690 972 3778 strage,
994 3682 1249 3777 sacrilegorum
1275 3681 1374 3753 furor
1403 3682 1508 3754 vertit
1521 3681 1567 3752 ad
1599 3680 1723 3752 Lindae
1754 3680 1940 3763 excidium,
1974 3681 2042 3754 loci
2066 3683 2220 3755 omnium
2237 3684 2310 3756 sibi

682 3806 907 3879 odiosissimi.
934 3807 1101 3879 Diruitur
1131 3828 1234 3878 sacra
1264 3805 1355 3877 divae
1388 3804 1545 3899 Virginis
1570 3826 1634 3876 ara
1668 3804 1914 3876 :exscinditur
1947 3805 2148 3888 arbuscula,
2179 3805 2310 3880 divinis

679 3930 813 4027 inclyta
838 3930 1017 4004 beneficiis
1038 3955 1046 4003 τ
1071 3929 1222 4003 aedicula
1249 3928 1460 4001 coementitia
1486 3928 1571 4023 ipsis
1596 3949 1705 4022 prope
1735 3925 1971 4000 fundamentis
2005 3929 2079 4000 suis
2109 3937 2305 4004 amovetur.

684 4084 701 4115 κ
722 4055 851 4127 'liliam
869 4055 1038 4151 (queritur
1057 4055 1219 4128 dolenter
1236 4077 1314 4126 cum
1333 4052 1400 4147 piis
1426 4051 1461 4148 (ι)
1475 4051 1658 4124 catholicis
1685 4050 1873 4142 Ciaritius),
1894 4051 2023 4124 Tiliam
2055 4052 2308 4127 sacratissimae

684 4206 702 4238 a
723 4177 881 4274 Virginis
899 4179 1034 4263 matris,
1051 4176 1204 4249 incolatu
1222 4175 1424 4246 venerando
1443 4175 1686 4268 praenobilem,
1698 4173 2018 4247 nefariorumfuror
2037 4175 2195 4271 stirpitus
2213 4180 2312 4250 exci-

685 4332 702 4364 κ
720 4302 783 4376 dit.
801 4304 948 4376 Lateres
962 4301 1169 4384 oratorii,ut
1183 4309 1218 4374 et
1226 4299 1345 4372 trabes
1364 4322 1405 4370 ao
1418 4298 1516 4394 ligna
1526 4299 1709 4371 domorum
1722 4299 1774 4370 illi
1788 4298 2047 4394 adjunctarum,
2059 4322 2138 4393 quae
2155 4301 2310 4375 eandem

686 4456 702 4488 κ
724 4426 959 4501 demolitionis
1000 4427 1132 4500 cladem
1163 4425 1357 4507 subierant,
1391 4423 1680 4518 Rastenburgum
1704 4432 1841 4511 avecta,
1877 4426 1977 4499 etin
2009 4427 2309 4501 substructionem

689 4579 706 4610 e
726 4548 942 4622 stabulorum
961 4550 1052 4622 areis
1078 4571 1260 4622 conversa.
1296 4550 1461 4646 Reliqua,
1489 4552 1673 4626 evectione
1703 4553 1862 4649 indigna,
1897 4555 2068 4649 permissa
2094 4553 2249 4649 ignibus,
2268 4556 2310 4628 in

687 4703 703 4734 κ
724 4672 880 4746 favillam
910 4674 1055 4747 redacta
1072 4682 1153 4747 sunt
1171 4674 1221 4768 (s).
1245 4675 1369 4770 lpsum
1386 4675 1537 4770 denique
1554 4673 1713 4772 Virginis
1732 4677 1856 4750 Beatae
1873 4677 2111 4760 simulacrum,
2141 4699 2310 4772 sparsum

691 4829 707 4860 κ
723 4798 760 4871 in
773 4798 950 4894 gurgitem
966 4791 1066 4872 lacus
1081 4798 1243 4883 Virbelli,
1264 4799 1576 4894 posteaquamjam
1604 4822 1647 4872 ex
1665 4799 1808 4894 gurgite
1821 4806 1944 4872 natatu
1965 4799 2181 4895 prodigioso,
2192 4802 2269 4896 jam
2288 4826 2310 4875 e

689 4903 837 5009 «coeno,
856 4921 1032 4996 defossum
1062 4923 1107 4995 ab
1136 4922 1266 5018 impiis,
1302 4932 1505 5008 emerserat,
1526 4923 1780 5020 ruderibusque
1806 4924 1965 4997 aediculae
1998 4948 2072 4999 suae
2094 4925 2310 5001 mirabiliter

689 5048 925 5121 «restitutum
950 5054 1208 5143 conspexerant
1223 5073 1232 5132 ;
1249 5048 1293 5120 ab
1328 5050 1458 5124 eisdem
1479 5052 1571 5124 ferro
1598 5051 1816 5146 flammisque
1832 5053 2060 5125 consumitur.
2082 5053 2309 5148 Quamquam

723 5183 764 5263 (1)
787 5187 865 5244 Titiae
875 5201 965 5248 sacra
976 5187 1126 5247 excidium.
1144 5185 1218 5246 llist.
1239 5187 1385 5264 Linteum,
1402 5205 1467 5263 pag.
1487 5189 1516 5250 6.
1531 5221 1571 5235 -
1587 5186 1627 5267 (t)
1651 5189 1728 5266 Apud
1744 5192 1881 5272 Ctagiurn.
