4896 6650
639 821 699 886 104
1016 825 1293 887 L1TUANICARUM
1317 826 1531 888 soclurarrs
1551 826 1637 888 lusu
1660 827 1914 890 fllsroulauuu

465 1010 528 1103 1⁵83
638 1009 677 1082 in
707 1011 830 1107 primis
857 1012 1018 1109 Derpati,
1052 1015 1236 1112 religionis
1268 1039 1387 1105 causa,
1409 1017 1575 1113 profecto,
1604 1015 1716 1090 multa
1741 1041 1819 1089 cum
1845 1017 1958 1090 Sociis
1989 1023 2105 1090 rector
2135 1016 2260 1098 Petrus

461 1091 576 1235 ΞἭ
638 1135 779 1232 Skarga
797 1137 964 1210 sustinuit
985 1164 992 1210 :
1014 1163 1108 1237 saepe
1122 1163 1144 1213 a
1160 1141 1263 1236 plebe
1279 1142 1476 1239 furibunda
1495 1141 1684 1236 lapidibus,
1705 1143 1835 1239 saepius
1850 1142 2055 1239 ignominiis
2069 1141 2255 1237 appetitus,

461 1247 591 1388 {ffic-
636 1266 672 1331 et
688 1266 825 1332 tantum
851 1284 920 1332 non
941 1263 1124 1336 confossus
1154 1264 1191 1335 in
1209 1265 1286 1361 ipsa
1313 1265 1389 1338 aede
1419 1287 1521 1337 sacra
1539 1289 1562 1338 a
1579 1266 1777 1340 facinoroso
1796 1268 2012 1341 Lutheran0.
2033 1266 2149 1361 Atque
2166 1265 2258 1337 haud

460 1412 534 1467 treis.
635 1384 741 1458 dubie
757 1387 904 1480 insigne
916 1388 1129 1484 suscepisset
1146 1388 1282 1464 facinus
1296 1392 1463 1478 audacia;
1479 1391 1549 1464 nisi
1563 1414 1626 1464 suo
1646 1392 1766 1464 divina
1779 1392 1983 1486 benignitas
1997 1392 2164 1489 praesidio
2177 1413 2258 1464 suos

634 1518 750 1584 sartos
768 1519 949 1607 tectosque
965 1515 1161 1602 voluisset,
1181 1515 1402 1610 advigilante
1415 1517 1567 1589 maxime
1580 1536 1644 1610 pro
1670 1538 1755 1611 rege
1769 1517 1815 1589 ad
1833 1515 1981 1590 tutelam
1999 1516 2175 1589 commissi
2189 1512 2255 1586 sibi

635 1639 785 1737 Collegii
802 1642 960 1717 antistite
979 1645 1203 1718 Vilnensium
1222 1641 1377 1736 Georgio
1396 1639 1591 1725 Radivillo,
1619 1641 1855 1734 gubernatore
1874 1640 2048 1713 Livoniae.
2117 1742 2121 1752 .

682 1765 779 1836 Inter
797 1765 874 1837 haec
893 1790 1082 1861 germanus
1113 1769 1260 1863 Georgii
1285 1766 1395 1837 frater
1407 1762 1578 1835 Nicolaus
1605 1763 1804 1836 Radivillus
1818 1764 1889 1836 dux
1912 1765 1950 1837 in
1964 1763 2081 1860 Olyka
2099 1769 2135 1836 et
2154 1761 2256 1834 Nies-

519 1886 550 1980 ‘53
629 1887 729 1972 wien,
764 1889 802 1961 S.
830 1891 986 1964 Romani
1018 1894 1161 1988 Imperii
1191 1893 1366 1988 princeps,
1396 1911 1547 1984 magnus
1576 1887 1752 1959 Lituaniae
1778 1888 2045 1971 mareschallus,
2066 1886 2158 1980 quod
2183 1886 2257 1982 jam

457 1966 602 2102 ffiffl
628 2003 760 2082 dudum
784 2013 1035 2101 meditabatur,
1055 2015 1284 2101 Niesvisium,
1305 2015 1461 2104 suumin
1480 2014 1659 2110 oppidum,
1681 2015 1741 2087 ubi
1770 2015 1849 2111 ipsa
1867 2015 1936 2088 loci
1954 2014 2159 2087 amoenitate
2176 2012 2258 2086 alle·

457 2133 568 2210 tantm
625 2139 702 2205 otus
731 2133 898 2209 libentius
921 2137 1117 2223 habitabat,
1148 2139 1277 2212 invitat
1311 2139 1434 2214 Socios
1460 2139 1681 2211 humanitate
1712 2140 1898 2234 singulari.
1935 2119 2112 2234 Oppidum
2141 2137 2253 2232 primo

624 2255 826 2351 infrequens
843 2266 920 2333 erat
937 2268 973 2333 et
999 2261 1140 2334 rusculo
1160 2263 1309 2335 similius
1332 2286 1471 2358 :neque
1499 2262 1711 2358 colligendae
1735 2263 1914 2358 juventuti
1933 2261 2156 2335 scholasticae
2171 2284 2248 2356 par,

623 2402 736 2475 neque
750 2383 932 2455 Sociorum
945 2385 1149 2457 muneribus
1166 2387 1451 2480 percommodum
1474 2412 1482 2458 :
1500 2387 1689 2482 perpaucis
1718 2387 1764 2458 ad
1781 2385 1858 2458 heac
1875 2386 1912 2457 in
1925 2384 2108 2480 provincia
2124 2383 2251 2468 Sociis,

627 2510 750 2603 eisque
780 2512 956 2606 permulta
980 2514 1159 2586 distractis
1189 2519 1354 2609 :praeter
1384 2509 1487 2595 alios,
1508 2510 1692 2582 Bernardo
1722 2509 1991 2605 Maciejowskio
2029 2507 2254 2580 cracoviensi

621 2641 695 2706 tum
709 2635 890 2722 canonico,
922 2642 1001 2732 post
1020 2637 1249 2710 Luceoriensi
1267 2609 1446 2731 episcopo,
1471 2633 1600 2706 deinde
1616 2633 1882 2730 archiepiscopo
1902 2633 2099 2706 Gnesnensi
2115 2637 2151 2704 et
2170 2631 2253 2703 Gar·

620 2758 729 2831 dinali
741 2760 845 2833 titulo
864 2761 899 2833 S.
918 2760 1068 2834 loannis
1086 2769 1169 2834 ante
1192 2763 1338 2834 Portam
1352 2759 1530 2843 Latinam,
1552 2764 1588 2831 et
1605 2757 1755 2830 Nicolao
1777 2756 2070 2854 Zebraydowshio
2088 2754 2253 2851 praefecto

619 2890 694 2955 tum
723 2884 912 2968 Sremensi‚
929 2886 976 2957 ad
992 2889 1191 2981 ponendum
1223 2910 1300 2960 ase
1326 2885 1471 2960 Lublini
1503 2885 1676 2957 Societati
1713 2885 1943 2971 domicilium,
1976 2894 2148 2959 rectorem
2177 2882 2253 2954 Vil-

620 3007 739 3079 nensis
767 3005 916 3102 Collegit
947 3008 1164 3082 Stanislaum
1181 3009 1476 3082 Varszevickium
1495 3030 1514 3080 e
1533 3008 1700 3080 Lituania
1730 3008 1768 3079 in
1795 3006 1981 3081 Poloniam
2006 3006 2249 3081 evocantibus.

622 3128 800 3203 Intellexit
818 3131 968 3224 deniquo
988 3134 1154 3229 princeps
1177 3133 1393 3219 Radivillus,
1416 3133 1499 3226 quid
1514 3133 1550 3204 in
1565 3154 1628 3204 suo
1646 3131 1868 3204 Nesvisiensi
1883 3131 2012 3226 oppido
2028 3130 2133 3214 foret,
2156 3129 2250 3223 quod

617 3231 829 3326 'consensum
849 3255 1038 3350 Praepositi
1065 3256 1252 3330 Societatis
1272 3256 1457 3331 Generalis
1476 3256 1590 3353 (quem
1603 3255 1789 3349 aliquoties
1796 3255 1873 3350 J'am
1888 3277 1950 3350 per
1966 3253 2105 3328 litteras
2123 3275 2246 3326 conve·

618 3374 741 3471 nisset)
758 3375 961 3471 Sociosque,
979 3378 1025 3449 ad
1038 3381 1256 3475 propositum
1269 3391 1474 3456 cunctantes
1493 3382 1635 3466 donum,
1652 3387 1851 3454 moraretur
1871 3404 1878 3450 :
1897 3379 2023 3452 ruralis
2041 3401 2165 3474 nempe
2179 3376 2243 3449 illa

446 3484 576 3634 fflffli
620 3501 785 3575 solitudo
807 3504 863 3577 Ad
880 3505 1165 3600 amplificandum
1183 3510 1314 3604 itaque,
1331 3508 1405 3581 sive
1419 3507 1535 3602 potius
1549 3507 1594 3577 ad
1608 3527 1734 3577 novam
1752 3505 1800 3577 ibi
1814 3505 1990 3579 civitatem
2010 3504 2246 3586 condendam,

537 3607 543 3620 ’
618 3648 735 3698 curam
765 3627 942 3722 inprimis
961 3652 1098 3703 omnem
1116 3633 1285 3719 contulit:
1308 3631 1444 3704 duobus
1462 3631 1602 3703 interim
1619 3630 1745 3718 Sociis,
1767 3631 1827 3724 qui
1844 3631 1938 3703 intra
1968 3652 2046 3704 eam
2064 3631 2244 3724 regionem

616 3750 812 3824 doctrinam
846 3752 1036 3825 salutarem
1071 3753 1319 3849 praedicarent,
1353 3755 1501 3828 Alberto
1542 3753 1824 3826 Mrosrkowshio
1855 3761 1891 3828 et
1919 3752 2032 3828 altero
2064 3753 2248 3827 sacerdote

619 3899 717 3949 usus.
739 3876 918 3972 Expertus
931 3877 1013 3951 illos
1030 3880 1125 3952 haud
1144 3903 1271 3975 segnes
1285 3879 1321 3951 in
1338 3879 1444 3952 vinea
1458 3877 1599 3950 Domini
1618 3879 1810 3975 operarios.

510 4031 534 4084 e,
664 4002 739 4075 Res
758 4003 862 4099 hujus
876 4004 1069 4098 provincia
1090 4005 1279 4078 nonnullas
1295 4001 1527 4075 Moscovitica
1542 4003 1728 4077 Possevini
1745 4003 1878 4098 legatio
1893 4023 2012 4074 secum
2026 4001 2244 4096 circumagit.

443 4107 572 4243 3²:⁸2ss
615 4125 811 4222 Profligato
827 4128 865 4199 in
883 4129 1033 4202 Livonia
1054 4131 1292 4226 negotiosum
1309 4149 1393 4222 rege
1426 4125 1653 4198 Poloniarum
1669 4127 1825 4222 legatus,
1848 4124 2061 4198 Perlroviam
2095 4123 2247 4219 primum

445 4267 491 4324 de·
525 4267 589 4324 libe·
615 4257 740 4325 octavo
771 4259 850 4348 post
880 4253 936 4328 die
966 4255 1247 4351 Novogardiam,
1268 4254 1392 4328 urbem
1422 4251 1506 4324 olim
1537 4252 1575 4324 in
1604 4250 1726 4347 primis
1745 4247 1987 4323 Moscoviticis
2004 4245 2189 4332 celebrem,
2211 4252 2249 4318 et

442 4350 526 4482 ζζζίζ
537 4349 592 4406 ΜΟ·
615 4379 748 4472 sparsis
780 4381 872 4452 circa
911 4382 1084 4456 Ilmenum
1112 4380 1227 4454 lacum
1258 4382 1463 4453 Graecorum
1492 4377 1664 4452 coenobiis
1693 4374 1944 4447 monachorum
1968 4369 2139 4455 nobilem;
2159 4367 2243 4442 inde

613 4502 752 4596 magnis
769 4501 953 4577 itineribus
983 4504 1217 4589 Moscoviam,
1237 4503 1424 4577 comitatus
1454 4499 1574 4595 magni
1605 4497 1702 4570 ducis
1730 4495 1869 4592 legatis,
1889 4495 1947 4570 die
1971 4495 2076 4568 tertio
2106 4493 2242 4566 decimo

612 4624 733 4697 venit:
754 4625 842 4698 nulli
859 4628 897 4699 in
922 4651 965 4701 ea
989 4630 1077 4702 urbe
1102 4629 1268 4726 optatior,
1291 4649 1394 4722 quam
1421 4625 1507 4710 suis,
1528 4645 1615 4718 quos
1634 4620 1683 4693 ibi
1699 4620 1884 4716 religionis
1902 4620 2002 4716 genti
2019 4615 2242 4691 insinuandae

611 4769 719 4821 causa
737 4749 941 4846 reliquerat,
963 4751 1158 4827 Drenoccio
1177 4761 1212 4826 et
1232 4751 1395 4823 Morieno
1424 4748 1550 4832 Sociis,
1572 4754 1695 4819 contra
1717 4767 1822 4841 quam
1840 4745 1911 4818 dux
1936 4745 2012 4840 ipse
2036 4742 2083 4814 ad
2101 4742 2242 4837 Starzy-

609 4872 701 4944 ciam
719 4883 914 4971 receperat,
935 4878 971 4949 in
988 4885 1122 4950 arctam
1153 4878 1245 4950 datis
1272 4872 1481 4970 custodiam,
1500 4895 1543 4944 ac
1572 4869 1715 4966 paedore
1733 4869 1919 4964 inediaque
1951 4891 2060 4964 prope
2090 4863 2238 4938 enectis.

610 4997 748 5072 Siccos
770 5001 906 5074 servari
922 5003 1081 5097 jusserat
1099 5004 1170 5076 dux
1186 5003 1287 5098 ipse:
1308 4998 1488 5072 metuebat
1506 5020 1645 5092 nempe,
1665 5019 1710 5069 ne
1729 4997 1759 5067 si
1776 4996 1920 5068 liberius
1951 4994 1987 5065 in
2002 4994 2089 5067 urbe
2102 5013 2167 5064 sua
2180 4989 2243 5062 isti

611 5118 774 5219 agerent,
794 5125 897 5198 dictis
920 5125 1157 5222 exemplisque
1176 5125 1271 5198 cives
1294 5123 1330 5195 in
1357 5123 1557 5220 opinionem
1580 5120 1624 5195 de
1645 5120 1833 5192 sanctitate
1854 5117 2038 5214 religionis
2056 5113 2241 5190 catholicae

611 5243 848 5334 adducerent;
870 5248 1068 5323 carceribus
1086 5257 1273 5346 propterea
1291 5272 1379 5345 opus
1405 5249 1479 5322 fuit.
1504 5247 1666 5341 Quinque
1689 5247 1764 5321 fere
1785 5271 1926 5321 menses
1943 5247 1980 5319 in
1999 5269 2040 5321 eo
2057 5243 2241 5340 patientiae
