4936 6658
638 648 699 716 398
1007 661 1283 728 LtTUthCARUM
1306 667 1518 730 SOClETATIS
1537 669 1623 731 JESU
1646 663 1897 728 utstontnuun

638 837 714 934 ipse
742 847 816 913 tum
841 847 1096 939 aegrotantibus
1121 874 1252 946 magna
1278 876 1356 924 cnm
1378 853 1562 949 diligentia
1577 853 1693 948 facere
1711 850 1821 938 cibos,
1841 847 2066 942 suaviterque
2089 845 2261 932 invitans,

636 963 682 1036 ad
697 987 758 1038 ora
785 967 911 1042 afferre
928 995 936 1042 :
952 971 1028 1067 ipse
1045 975 1215 1048 morbosis
1241 977 1389 1052 lectulos
1415 981 1592 1064 sternere,
1613 977 1869 1052 medicamenta
1882 975 2083 1070 propinare,
2104 996 2263 1068 angores

636 1089 746 1162 animi
771 1095 993 1170 sermonibus
1016 1097 1136 1172 levare
1164 1107 1200 1172 et
1224 1102 1393 1175 consiliis.
1415 1104 1584 1176 Famulos
1608 1124 1745 1198 quoque
1771 1107 1871 1172 tanta
1887 1097 2035 1171 curabat
2060 1097 2258 1193 diligentia,

635 1222 674 1288 ut
685 1205 761 1310 jam
778 1241 848 1291 non
862 1223 1036 1294 communi
1048 1224 1290 1300 sacerdotibus
1313 1229 1444 1301 nostris
1461 1229 1585 1324 patria,
1602 1228 1664 1300 sed
1679 1226 1856 1323 praecipuo
1874 1223 2033 1320 parentis
2047 1223 2103 1296 sui
2117 1223 2260 1296 nomine

634 1349 795 1417 amanter
808 1344 853 1417 ab
867 1345 918 1419 eis
936 1355 1133 1421 vocaretur.
1148 1350 1247 1446 Vigil
1269 1351 1315 1422 ad
1328 1376 1467 1428 omnem
1485 1354 1576 1428 bene
1606 1351 1763 1426 merendi
1778 1322 2016 1436 occasionem,
2036 1349 2259 1422 animadver-

635 1467 744 1556 tebat,
761 1469 792 1540 si
809 1471 948 1564 quibus
965 1473 1130 1546 extrariis
1145 1475 1263 1560 etiam,
1283 1500 1424 1572 quoquo
1450 1479 1516 1550 sibi
1534 1479 1712 1572 integrum
1728 1477 1820 1550 foret
1852 1475 1980 1561 officio,
2000 1474 2143 1547 adesset
2163 1498 2172 1544 :
2189 1473 2258 1545 ita-

635 1614 704 1686 quo
736 1593 890 1678 miseris,
922 1596 981 1690 qui
1010 1597 1303 1692 periclitantibus,
1339 1601 1398 1697 qui
1433 1603 1480 1675 ad
1497 1601 1694 1676 Ecclesiam
1718 1600 1928 1674 catholicam
1946 1597 2167 1681 revocandis,
2194 1604 2259 1670 aut

634 1716 853 1811 corrigendis
871 1717 918 1792 ad
945 1721 1094 1816 frugem,
1117 1722 1218 1796 daret
1244 1747 1397 1820 operam,
1425 1727 1501 1822 ipse
1531 1734 1661 1822 praesto
1684 1734 1774 1800 crat.
1805 1724 2018 1820 Expeditum
2045 1723 2094 1795 ita
2124 1720 2258 1796 fecerat

601 1893 605 1902 -
632 1841 747 1913 ‘cirum
770 1843 907 1938 inquies
928 1847 1078 1932 animus}
1099 1871 1220 1922 amore
1249 1851 1368 1924 divino
1390 1851 1640 1926 inflammatus.
1662 1852 1741 1924 Hoc
1774 1874 1813 1926 se
1829 1851 1999 1946 agitante,
2026 1871 2168 1922 cessare
2184 1870 2259 1922 non

633 1970 781 2060 poterat.
809 1966 902 2042 Hinc
917 1968 979 2042 illa
1008 1971 1079 2043 divi
1097 1974 1254 2066 parentis
1272 1976 1383 2048 nostri
1399 1999 1468 2049 vox
1485 2001 1496 2048 :·
1516 2000 1536 2050 o
1556 1977 1652 2050 Deus
1666 1977 1713 2048 mi
1730 1977 1738 2050 l
1756 1999 1777 2049 o
1792 1975 1823 2048 si
1838 1983 1874 2050 te
1903 1975 2066 2048 homines
2081 1973 2255 2046 nossent!

637 2112 732 2186 saepe
750 2090 1015 2188 christophoro,
1034 2095 1105 2169 alia
1125 2097 1229 2170 etiam
1242 2100 1415 2185 narranti,
1440 2101 1650 2196 minimeque
1675 2100 1886 2183 advertenti,
1907 2123 1951 2172 ex
1981 2099 2104 2172 intimo
2118 2103 2259 2193 pectore

636 2217 853 2311 erumpebat.
876 2219 962 2292 cum
981 2220 1029 2291 ad
1053 2245 1153 2294 aram
1179 2233 1389 2319 operaretur
1417 2227 1540 2310 sacris,
1560 2227 1745 2322 ignescere
1776 2233 1850 2299 tum
1863 2225 1924 2299 illo
1941 2225 2092 2298 maxime
2108 2230 2145 2298 ct
2161 2221 2259 2297 colli·

634 2361 801 2434 quescere
813 2341 1011 2417 videbatur.
1034 2345 1147 2425 Quam
1160 2349 1215 2419 sui
1232 2349 1371 2420 Domini
1385 2350 1582 2424 Salvatoris
1598 2350 1620 2423 J
1624 2374 1686 2424 esu
1705 2373 1827 2424 amans
1850 2357 1946 2425 esset
1962 2372 2005 2421 ac
2018 2349 2156 2433 sitiens
2171 2347 2259 2420 hinc

635 2486 772 2558 quoque
790 2468 994 2562 apparebat,
1015 2470 1121 2565 quod,
1150 2473 1319 2566 quaesitus
1338 2474 1444 2560 domi,
1464 2498 1637 2570 nusquam
1652 2475 1868 2549 inveniretur
1890 2474 2035 2560 certius,
2056 2495 2162 2569 quam
2174 2477 2260 2546 ante

634 2611 735 2661 aram
752 2619 761 2677 ;
777 2591 836 2663 hic
848 2591 909 2664 ille
925 2600 1115 2668 nocturnas
1133 2597 1240 2670 etiam
1257 2621 1339 2672 suas
1364 2600 1517 2694 vigilias,
1528 2601 1730 2696 perfrigidis
1749 2600 1858 2674 etiam
1873 2600 2008 2674 brumae
2022 2595 2256 2695 temporibus,

635 2714 715 2810 ipso'
736 2715 803 2790 Dei
817 2717 994 2792 calescens
1012 2741 1142 2804 amore,
1162 2721 1199 2793 in
1216 2723 1377 2816 precibus
1400 2731 1436 2797 et
1458 2725 1625 2822 lacrymis
1641 2725 1818 2820 exigebat.
1848 2725 2093 2798 Beatissimam
2111 2723 2177 2796 Dei
2195 2745 2258 2818 pa·

637 2846 773 2912 rentem
789 2841 976 2936 Virginem
990 2843 1272 2938 exquisitissimis
1290 2847 1431 2943 pietatis
1445 2848 1554 2922 coluit
1566 2847 1701 2922 officiis.
1723 2850 1904 2947 Hymnum
1930 2848 2011 2920 Divi
2029 2844 2191 2921 casimiri
2215 2846 2261 2919 de

636 2963 800 3037 laudibus
814 2965 914 3039 Divae
928 2990 1022 3064 saepe
1039 2968 1194 3056 indiam,
1211 2971 1474 3066 nunquamsine
1489 2973 1648 3046 dulcibus
1660 2973 1840 3070 lacrymis,
1861 2973 2046 3046 recitabat.
2062 2971 2118 3044 Ad
2137 2992 2261 3044 sacros

637 3089 719 3162 huic
736 3089 812 3165 dics
838 3091 950 3165 multa
966 3093 1203 3182 meditatione,
1236 3095 1473 3184 afflictatione,
1494 3097 1638 3194 vigiliis,
1668 3097 1898 3172 celebrandos
1914 3097 2043 3193 pictate
2060 3095 2258 3192 praecipua,

637 3220 774 3289 mature
785 3217 941 3289 animum
953 3220 1187 3314 praeparabat,
1202 3228 1386 3316 certasque
1399 3222 1701 3296 commentabatur
1711 3220 1878 3296 formulas
1892 3221 2017 3319 quibus
2027 3222 2060 3294 ei
2071 3244 2110 3294 se
2123 3243 2263 3317 suaque

638 3341 828 3416 dedicaret.
850 3343 1008 3423 Quatuor
1021 3343 1187 3418 milliaria
1199 3347 1372 3420 nostratia
1386 3347 1493 3419 distat
1506 3346 1550 3420 ab
1568 3347 1656 3421 urbe
1669 3346 1777 3419 Vilna
1790 3345 1996 3442 oppidulum
2003 3344 2127 3431 Troki,
2143 3343 2260 3431 locus,

636 3467 681 3540 dc
699 3491 769 3560 quo
784 3467 1001 3553 dicebamus,
1034 3470 1215 3544 beneficiis
1243 3471 1404 3567 Virginis
1434 3472 1557 3544 Beatae
1583 3461 1746 3546 celebris.
1785 3470 1838 3542 Eo
1870 3469 2147 3566 christophorus
2173 3473 2265 3565 quot

636 3592 752 3678 annis,
773 3593 925 3666 maxime
942 3599 1025 3666 ante
1051 3592 1203 3689 aliquem
1222 3595 1314 3668 diem
1332 3597 1464 3684 ¹Beatae
1490 3595 1649 3691 Virginis
1673 3596 1815 3679 festum,
1849 3594 1985 3679 itabat;
2007 3593 2189 3668 conferens
2213 3593 2265 3666 ad

636 3717 787 3790 Matrem
805 3716 934 3788 divinae
960 3717 1088 3811 gratiae
1117 3741 1182 3790 sua
1211 3741 1423 3814 suorumque
1450 3720 1631 3793 Sociorum
1661 3713 1880 3803 munuscula,
1909 3718 1983 3790 sive
2009 3717 2184 3804 officiola;
2212 3717 2267 3790 ad

637 3863 716 3937 quae
734 3841 811 3936 ipsc
837 3863 897 3914 eos
910 3848 1046 3916 matura
1060 3842 1252 3916 invitasset.
1269 3844 1325 3917 Ad
1334 3839 1384 3918 VI
1402 3867 1514 3918 nonas
1532 3844 1711 3940 quintiles,
1723 3843 1823 3916 Divae
1841 3841 2001 3938 Virginis
2016 3841 2266 3928 Elisabetham

635 3965 784 4041 visentis
807 3966 1012 4039 memoriam
1030 3967 1215 4062 insignem,
1249 3975 1350 4041 tanta
1367 3969 1475 4041 animi
1501 3979 1537 4042 at
1555 3969 1680 4040 virium
1704 3966 1934 4041 contentione
1959 3989 1998 4042 se
2018 3965 2262 4061 comparabat,

636 4093 785 4166 ut-viros
803 4092 960 4188 corporis
989 4091 1237 4178 debilitaverit,
1265 4115 1307 4167 ac
1320 4095 1458 4189 penitus
1471 4118 1510 4168 se
1529 4092 1747 4166 exhauserit.
1769 4091 1848 4164 Hoc
1862 4091 2013 4188 denique
2036 4091 2113 4188 ipso
2128 4089 2186 4164 dic
2200 4091 2266 4166 vix

635 4225 771 4293 tantum
787 4218 930 4314 collegit
959 4219 1098 4306 virium,
1120 4227 1159 4292 ut
1181 4220 1227 4292 ad
1256 4221 1454 4316 proximum
1484 4219 1631 4294 rectoris
1661 4215 1861 4291 cubiculum
1883 4217 2053 4312 aspirarit
2095 4217 2164 4290 Hic
2192 4240 2265 4292 sua

635 4343 770 4418 desecta
787 4344 906 4417 multis
934 4368 1012 4417 cum
1028 4345 1193 4442 lacrymis
1207 4345 1274 4418 rite
1293 4347 1488 4432 confessus,
1508 4344 1595 4439 liqui
1618 4344 1725 4439 coepit
1736 4343 1867 4416 animo.
1884 4341 1940 4416 Ad
1955 4341 2152 4416 cubiculum
2164 4342 2265 4417 inter

601 4481 603 4487 “
634 4493 759 4542 manns
780 4470 928 4554 relatus,
942 4477 978 4545 et
994 4492 1094 4543 sacro
1108 4477 1235 4544 unctus
1253 4471 1343 4558 oleo,
1361 4471 1484 4544 eadem
1496 4470 1586 4543 hora
1598 4468 1834 4564 placidissime
1852 4467 2028 4542 extinctus
2054 4476 2119 4543 est.
2141 4468 2264 4550 Natus

633 4594 884 4689 Vartemburgi
900 4595 937 4667 in
950 4595 1096 4668 Varmia
1114 4619 1206 4668 anno
1234 4597 1340 4682 looo,
1372 4596 1445 4669 XII
1463 4593 1537 4667 hal.
1561 4593 1772 4690 januarias:
1794 4593 1831 4666 in
1861 4593 2072 4668 Societatem
2090 4615 2109 4666 e
2126 4591 2263 4667 scholis

633 4718 983 4814 Brunsbergensibus
997 4726 1159 4815 acceptus
1174 4743 1349 4792 annorum
1365 4720 1410 4792 17
1424 4718 1642 4792 adolescens.
1668 4769 1669 4775 η

461 4807 586 4943 qqrbgidae
683 4843 874 4915 commotae
902 4843 1015 4937 primo
1038 4844 1099 4916 illo
1124 4845 1265 4916 turbine
1295 4843 1500 4939 reipublicae
1528 4839 1627 4916 nulla
1658 4843 1757 4938 quies
1786 4841 1901 4916 adhuc
1919 4867 1927 4927 ;
1948 4841 2017 4914 nisi
2048 4839 2262 4937 quodmiles

460 4970 609 5040 respacis.
632 4967 782 5062 patrios,
802 4974 986 5040 numerato
1002 4968 1069 5040 sibi
1087 4969 1274 5064 stipendio,
1295 4969 1340 5040 ad
1354 4991 1437 5041 suos
1454 4968 1597 5042 tandem
1610 4967 1717 5042 duces
1735 4967 1914 5064 legitimos
1927 4971 1963 5039 et
1988 4965 2093 5062 signa
2110 4963 2257 5040 rediret.

631 5093 864 5168 AMoscovia
879 5093 1034 5180 interim,
1050 5094 1232 5182 Ucrainia,
1254 5102 1289 5169 et
1310 5094 1473 5168 Tartaria
1485 5099 1678 5190 tempestas
1698 5099 1894 5191 perpetua:
1913 5089 2096 5168 bellaalia
2117 5113 2161 5166 ox
2175 5089 2262 5166 aliis
